{"gold_per_floor":[117,42,42,62,80,91,91,119,119,119,152,165,165,219,231,317,329,354,382,407,20,20,20,31,31],"floor_reached":25,"playtime":1428,"items_purged":["Endless Agony"],"score":426,"play_id":"9c8af8b6-fb18-47c5-b450-1d76ad46b5ed","local_time":"20181029034129","is_ascension_mode":true,"campfire_choices":[{"data":"Deadly Poison","floor":7,"key":"SMITH"},{"floor":10,"key":"REST"},{"data":"Neutralize","floor":15,"key":"SMITH"},{"floor":23,"key":"REST"}],"neow_cost":"NONE","seed_source_timestamp":843040480720700,"circlet_count":0,"master_deck":["Defend_G","Defend_G","Defend_G","Defend_G","Defend_G","Strike_G","Strike_G","Strike_G","Survivor","Neutralize+1","AscendersBane","Flechettes","Cloak And Dagger","Deadly Poison+1","Noxious Fumes+1","Backflip","Storm of Steel","PiercingWail","Cloak And Dagger","Underhanded Strike","Leg Sweep","Noxious Fumes","PiercingWail"],"relics":["White Beast Statue","Sundial","Kunai","Smiling Mask","MawBank","Snecko Eye","Regal Pillow"],"potions_floor_usage":[8,11,11,16,19,20,20,24,24,25],"damage_taken":[{"damage":2,"enemies":"Small Slimes","floor":1,"turns":5},{"damage":2,"enemies":"2 Louse","floor":4,"turns":3},{"damage":1,"enemies":"Cultist","floor":5,"turns":5},{"damage":0,"enemies":"2 Fungi Beasts","floor":6,"turns":4},{"damage":29,"enemies":"3 Sentries","floor":8,"turns":12},{"damage":7,"enemies":"Lagavulin","floor":11,"turns":7},{"damage":2,"enemies":"Exordium Wildlife","floor":12,"turns":5},{"damage":4,"enemies":"Hexaghost","floor":16,"turns":10},{"damage":0,"enemies":"3 Byrds","floor":18,"turns":4},{"damage":33,"enemies":"Shell Parasite","floor":19,"turns":6},{"damage":16,"enemies":"Snake Plant","floor":20,"turns":5},{"damage":3,"enemies":"Snecko","floor":24,"turns":7},{"damage":45,"enemies":"Slavers","floor":25,"turns":5}],"seed_played":"1825437306896325786","potions_obtained":[{"floor":1,"key":"SteroidPotion"},{"floor":4,"key":"EssenceOfSteel"},{"floor":5,"key":"FearPotion"},{"floor":8,"key":"Weak Potion"},{"floor":11,"key":"SteroidPotion"},{"floor":12,"key":"SpeedPotion"},{"floor":16,"key":"Weak Potion"},{"floor":18,"key":"PowerPotion"},{"floor":19,"key":"Weak Potion"},{"floor":20,"key":"GhostInAJar"},{"floor":24,"key":"Fruit Juice"}],"is_trial":false,"path_per_floor":["M","?","?","M","M","M","R","E","T","R","E","M","?","T","R","B",null,"M","M","M","$","?","R","M"],"character_chosen":"THE_SILENT","items_purchased":["Leg Sweep","Regal Pillow","Block Potion","Noxious Fumes"],"campfire_rested":2,"item_purchase_floors":[21,21,21,21],"current_hp_per_floor":[57,57,50,48,47,47,47,18,18,37,30,28,28,28,28,24,56,56,23,7,7,7,41,43,0],"gold":31,"neow_bonus":"BOSS_RELIC","is_prod":false,"is_daily":false,"chose_seed":false,"campfire_upgraded":2,"win_rate":0,"timestamp":1540798889,"path_taken":["M","?","?","M","M","?","R","E","T","R","E","?","?","?","R","BOSS","M","?","M","$","?","R","M","E"],"build_version":"2018-10-19","purchased_purges":1,"victory":false,"max_hp_per_floor":[66,66,66,66,66,66,66,66,66,66,66,66,66,66,66,66,66,66,66,66,66,66,66,71,71],"card_choices":[{"not_picked":["Underhanded Strike","Blade Dance"],"picked":"Flechettes","floor":1},{"not_picked":["Dodge and Roll","Finisher"],"picked":"Cloak And Dagger","floor":4},{"not_picked":["PiercingWail","Catalyst"],"picked":"Endless Agony","floor":5},{"not_picked":["Footwork","Masterful Stab"],"picked":"Deadly Poison","floor":6},{"not_picked":["Bane","Flying Knee"],"picked":"Noxious Fumes","floor":8},{"not_picked":["Dagger Throw","Reflex"],"picked":"Backflip","floor":11},{"not_picked":["Dagger Throw","Blade Dance","Endless Agony"],"picked":"SKIP","floor":12},{"not_picked":["Die Die Die","Night Terror"],"picked":"Storm of Steel","floor":16},{"not_picked":["Deadly Poison","Expertise+1"],"picked":"PiercingWail","floor":18},{"not_picked":["Backflip","Blade Dance"],"picked":"Cloak And Dagger","floor":19},{"not_picked":["Expertise","Acrobatics"],"picked":"Underhanded Strike","floor":20},{"not_picked":["Outmaneuver","Cloak And Dagger"],"picked":"PiercingWail","floor":24}],"player_experience":1549032,"relics_obtained":[{"floor":8,"key":"Sundial"},{"floor":9,"key":"Kunai"},{"floor":11,"key":"Smiling Mask"},{"floor":14,"key":"MawBank"}],"event_choices":[{"cards_removed":["Strike_G"],"damage_healed":0,"gold_gain":0,"player_choice":"Card Removal","damage_taken":0,"max_hp_gain":0,"max_hp_loss":0,"event_name":"The Cleric","floor":2,"gold_loss":75},{"cards_removed":["Strike_G"],"damage_healed":0,"gold_gain":0,"player_choice":"Card Removal","damage_taken":7,"max_hp_gain":0,"max_hp_loss":0,"event_name":"Golden Wing","floor":3,"gold_loss":0},{"damage_healed":0,"gold_gain":0,"player_choice":"Grow","damage_taken":0,"max_hp_gain":0,"max_hp_loss":0,"event_name":"Living Wall","floor":13,"gold_loss":0,"cards_upgraded":["Noxious Fumes"]},{"damage_healed":0,"gold_gain":0,"player_choice":"Got Potions","damage_taken":0,"max_hp_gain":0,"max_hp_loss":0,"event_name":"The Lab","floor":22,"gold_loss":0}],"is_beta":true,"boss_relics":[{"not_picked":["Fusion Hammer","Coffee Dripper"],"picked":"Snecko Eye"}],"items_purged_floors":[21],"is_endless":false,"potions_floor_spawned":[1,4,5,6,8,11,12,16,18,19,20,24],"killed_by":"Slavers","ascension_level":20}