{"gold_per_floor":[114,114,133,152,2,2,21,59,109,128,128,26,45,64,64,189,189,208,58,77,96,115,135,135,154,154,154,173,192,192,66,66,66],"floor_reached":33,"playtime":2883,"items_purged":["Doubt","Regret"],"score":278,"play_id":"5be76782-8995-4d28-ad91-8b8ba82c58fa","local_time":"20180629235022","daily_mods":["Heirloom","Cursed Run","Terminal"],"is_ascension_mode":false,"campfire_choices":[{"floor":6,"key":"REST"},{"floor":11,"key":"REST"},{"data":"Gash","floor":15,"key":"SMITH"},{"floor":24,"key":"REST"},{"floor":32,"key":"REST"}],"neow_cost":"","seed_source_timestamp":3964489426531,"circlet_count":0,"master_deck":["Strike_B","Strike_B","Strike_B","Strike_B","Defend_B","Defend_B","Defend_B","Defend_B","Zap","Coolheaded","Streamline","Beam Cell","Ball Lightning","Gash+1","Capacitor","Recycle","Barrage","Defragment","Steam","Doubt","Melter+1","Seek+1","Cold Snap","Skim+1","Streamline","Capacitor+1","Leap+1","Sweeping Beam+1","Static Discharge","Conserve Battery","BootSequence","Buffer","Leap","Steam","Cold Snap"],"special_seed":17712,"relics":["Cursed Key","Darkstone Periapt","Du-Vu Doll","Torii","Golden Idol","Strawberry","Emotion Chip","Dream Catcher","Astrolabe","Orichalcum","Red Mask","Ice Cream"],"potions_floor_usage":[16,21,22,22,33],"damage_taken":[{"damage":0,"enemies":"Cultist","floor":1,"turns":4},{"damage":0,"enemies":"2 Louse","floor":3,"turns":4},{"damage":0,"enemies":"Jaw Worm","floor":4,"turns":4},{"damage":2,"enemies":"Lots of Slimes","floor":7,"turns":4},{"damage":2,"enemies":"3 Sentries","floor":8,"turns":6},{"damage":1,"enemies":"Red Slaver","floor":10,"turns":4},{"damage":1,"enemies":"Gremlin Gang","floor":13,"turns":4},{"damage":0,"enemies":"3 Louse","floor":14,"turns":3},{"damage":12,"enemies":"The Guardian","floor":16,"turns":9},{"damage":22,"enemies":"3 Byrds","floor":18,"turns":6},{"damage":0,"enemies":"Shell Parasite","floor":20,"turns":3},{"damage":1,"enemies":"Centurion and Healer","floor":21,"turns":8},{"damage":10,"enemies":"Slaver and Parasite","floor":22,"turns":5},{"damage":1,"floor":23,"turns":4},{"damage":15,"enemies":"Snake Plant","floor":25,"turns":5},{"damage":13,"enemies":"Centurion and Healer","floor":28,"turns":6},{"damage":6,"enemies":"Slaver and Parasite","floor":29,"turns":5},{"damage":76,"enemies":"Collector","floor":33,"turns":6}],"seed_played":"-1755974802296634168","potions_obtained":[{"floor":3,"key":"GamblersBrew"},{"floor":4,"key":"Weak Potion"},{"floor":8,"key":"FocusPotion"},{"floor":10,"key":"SkillPotion"},{"floor":14,"key":"Fire Potion"},{"floor":18,"key":"Weak Potion"},{"floor":20,"key":"EssenceOfSteel"},{"floor":22,"key":"GamblersBrew"},{"floor":28,"key":"FearPotion"}],"is_trial":false,"path_per_floor":["M","?","M","M","$","R","M","E","T","M","R","$","M","M","R","B",null,"M","$","M","M","M","?","R","M","T","?","M","M","?","$","R"],"character_chosen":"DEFECT","items_purchased":["Strawberry","Barrage","Orichalcum","Steam"],"campfire_rested":4,"item_purchase_floors":[5,12,19,31],"current_hp_per_floor":[73,55,55,55,62,75,73,71,77,76,76,75,74,73,72,66,82,60,60,60,59,49,48,70,55,61,61,48,42,42,42,64,0],"gold":66,"neow_bonus":"","is_prod":false,"is_daily":true,"chose_seed":false,"campfire_upgraded":1,"win_rate":0.0,"timestamp":1530341422,"path_taken":["M","?","M","?","$","R","M","E","T","M","R","?","M","M","R","BOSS","M","$","M","?","M","?","R","M","T","?","M","M","?","$","R","BOSS"],"build_version":"2018-06-28","purchased_purges":2,"victory":false,"max_hp_per_floor":[73,72,71,70,76,75,74,73,78,77,76,75,74,73,72,77,82,81,80,79,78,77,76,75,74,79,78,77,76,75,74,73,73],"card_choices":[{"not_picked":["Turbo","Darkness"],"picked":"Coolheaded","floor":1},{"not_picked":["Go for the Eyes","Conserve Battery"],"picked":"Streamline","floor":3},{"not_picked":["Biased Cognition","Go for the Eyes"],"picked":"Beam Cell","floor":4},{"not_picked":["Go for the Eyes","Skim"],"picked":"Ball Lightning","floor":7},{"not_picked":["Rebound","White Noise"],"picked":"Gash","floor":8},{"not_picked":["Glacier","Leap"],"picked":"Capacitor","floor":10},{"not_picked":["Redo","Rebound"],"picked":"Recycle","floor":11},{"not_picked":["Turbo","Compile Driver"],"picked":"Defragment","floor":13},{"not_picked":["Thunder Strike","Hologram"],"picked":"Steam","floor":14},{"not_picked":["Amplify","Hyperbeam"],"picked":"Machine Learning","floor":16},{"not_picked":["Static Discharge","Hello World"],"picked":"Cold Snap","floor":18},{"not_picked":["Ball Lightning","Chill"],"picked":"Skim+1","floor":20},{"not_picked":["Cold Snap","Rebound"],"picked":"Streamline","floor":21},{"not_picked":["Barrage","Coolheaded"],"picked":"Capacitor+1","floor":22},{"not_picked":["Stack+1","Machine Learning"],"picked":"Leap+1","floor":23},{"not_picked":["Stack","Streamline"],"picked":"Sweeping Beam+1","floor":24},{"not_picked":["Reinforced Body","Scrape"],"picked":"Static Discharge","floor":25},{"not_picked":["Stack","Hologram+1"],"picked":"Conserve Battery","floor":28},{"not_picked":["Coolheaded","Reinforced Body"],"picked":"BootSequence","floor":29},{"not_picked":["Biased Cognition","Barrage+1"],"picked":"Cold Snap","floor":32}],"player_experience":28112,"relics_obtained":[{"floor":8,"key":"Emotion Chip"},{"floor":9,"key":"Dream Catcher"},{"floor":23,"key":"Red Mask"},{"floor":26,"key":"Ice Cream"}],"event_choices":[{"event_name":"Golden Idol","player_choice":"Take Damage","floor":2,"damage_taken":0},{"event_name":"Masked Bandits","player_choice":"Fought over 115 gold","floor":23,"damage_taken":0},{"event_name":"Drug Dealer","player_choice":"Ignored","floor":27,"damage_taken":0},{"event_name":"Match and Keep!","player_choice":"2 cards matched","floor":30,"damage_taken":0}],"boss_relics":[{"not_picked":["Sozu","Orrery"],"picked":"Astrolabe"}],"items_purged_floors":[12,31],"is_endless":false,"potions_floor_spawned":[3,4,8,10,14,18,20,22,28],"killed_by":"Collector","ascension_level":0}