{"path_per_floor":["M","M","M","?","$","E","?","E","T","R","M","M","?","E","R"],"character_chosen":"THE_SILENT","items_purchased":[],"gold_per_floor":[111,124,136,86,11,45,45,74,74,74,84,102,102,146,146,146],"floor_reached":16,"campfire_rested":2,"playtime":1169,"current_hp_per_floor":[70,69,69,69,69,23,23,15,15,36,36,36,36,30,51,0],"items_purged":["Strike_G"],"gold":146,"score":138,"play_id":"68b95358-6d30-48ca-bf1e-5d56888189d8","local_time":"20180430154924","is_prod":false,"is_daily":false,"chose_seed":false,"is_ascension_mode":true,"campfire_upgraded":0,"timestamp":1525070964,"path_taken":["M","M","M","?","?","E","?","E","T","R","?","?","?","E","R","BOSS"],"build_version":"2018-04-28v2","seed_source_timestamp":68423044721600,"purchased_purges":1,"victory":false,"master_deck":["Defend_G+1","Defend_G","Defend_G+1","Defend_G","Defend_G","Strike_G","Strike_G","Survivor","Neutralize","Prepared","Dagger Spray","Blade Dance","Adrenaline","Terror","Prepared","Acrobatics","Cloak And Dagger","Injury"],"max_hp_per_floor":[70,70,70,70,70,70,70,70,70,70,70,70,70,70,70,70],"relics":["Ring of the Snake","War Paint","Centennial Puzzle","Ancient Tea Set","Ninja Scroll","Golden Idol","Bronze Scales"],"card_choices":[{"not_picked":["Dagger Throw","Catalyst"],"picked":"Prepared","floor":1},{"not_picked":["Slice","Acrobatics"],"picked":"Dagger Spray","floor":2},{"not_picked":["Choke","Riddle With Holes"],"picked":"Blade Dance","floor":3},{"not_picked":["Eviscerate","Crippling Poison"],"picked":"Adrenaline","floor":6},{"not_picked":["Underhanded Strike","Dodge and Roll"],"picked":"Prepared","floor":8},{"not_picked":["Terror","Skewer"],"picked":"Acrobatics","floor":11},{"not_picked":["Quick Slash","Skewer"],"picked":"Cloak And Dagger","floor":12}],"player_experience":121182,"potions_floor_usage":[6,8],"damage_taken":[{"damage":0,"enemies":"2 Louse","floor":1,"turns":4},{"damage":1,"enemies":"Jaw Worm","floor":2,"turns":5},{"damage":0,"enemies":"Cultist","floor":3,"turns":3},{"damage":46,"enemies":"Gremlin Nob","floor":6,"turns":5},{"damage":8,"enemies":"Lagavulin","floor":8,"turns":7},{"damage":0,"enemies":"Exordium Thugs","floor":11,"turns":2},{"damage":0,"enemies":"Looter","floor":12,"turns":2},{"damage":6,"enemies":"3 Sentries","floor":14,"turns":7},{"damage":56,"enemies":"The Guardian","floor":16,"turns":11}],"event_choices":[{"event_name":"The Cleric","player_choice":"Card Removal","floor":4,"damage_taken":0},{"event_name":"Living Wall","player_choice":"Change","floor":7,"damage_taken":0},{"event_name":"Golden Idol","player_choice":"Take Wound","floor":13,"damage_taken":0}],"boss_relics":[],"potions_floor_spawned":[2,3,12],"seed_played":"-6831425846334294646","killed_by":"The Guardian","ascension_level":3,"is_trial":false}