{"gold_per_floor":[114,129,129,144,159,189,189,189,189,13,28,43,58,35,35,135,135,150,150,150,165,90,90,105,105,105,105,120,120,135,150,150,250,250,265,265,280,155,170,170,209,224,224,58,58,73,88,0,0,0],"floor_reached":51,"playtime":2712,"items_purged":["Defend_G"],"score":778,"play_id":"eef92961-d15a-4172-b386-1354ac436308","local_time":"20181008174323","daily_mods":["Chimera","Vintage","Careless"],"is_ascension_mode":false,"campfire_choices":[{"floor":7,"key":"REST"},{"floor":15,"key":"REST"},{"floor":23,"key":"REST"},{"floor":25,"key":"REST"},{"data":"White Noise","floor":27,"key":"SMITH"},{"data":"Zap","floor":29,"key":"SMITH"},{"floor":32,"key":"REST"},{"data":"Static Discharge","floor":40,"key":"SMITH"},{"floor":45,"key":"REST"},{"floor":49,"key":"REST"}],"neow_cost":"","seed_source_timestamp":0,"circlet_count":0,"master_deck":["Bash+1","Survivor","Zap+1","Strike_B+1","Sunder+1","Scrape+1","FTL+1","Redo","Compile Driver+1","Core Surge+1","RitualDagger+1","Stack","White Noise+1","Hyperbeam+1","Static Discharge+1","Gash+1","Streamline+1","Flash of Steel+1","Scrape+1"],"special_seed":17812,"relics":["Cracked Core","Gambling Chip","Smiling Mask","Molten Egg 2","Ornamental Fan","Strawberry","Darkstone Periapt","Dodecahedron","Lantern","Mummified Hand","Omamori","Lizard Tail","Pocketwatch","Sundial","Bronze Scales","Mercury Hourglass","DataDisk","Singing Bowl","Dead Branch","Blood Vial","Inserter","Letter Opener","Regal Pillow","Art of War","Turnip","Cables","WingedGreaves","Bottled Flame","Bag of Marbles","Red Mask"],"potions_floor_usage":[16,16,18,33,33,33,39,46,47,47,50,50,50],"damage_taken":[{"damage":10,"enemies":"Small Slimes","floor":1,"turns":3},{"damage":0,"enemies":"Jaw Worm","floor":2,"turns":4},{"damage":0,"enemies":"Cultist","floor":4,"turns":3},{"damage":13,"enemies":"3 Louse","floor":5,"turns":4},{"damage":17,"enemies":"Gremlin Nob","floor":6,"turns":4},{"damage":3,"enemies":"Blue Slaver","floor":11,"turns":2},{"damage":0,"enemies":"Gremlin Gang","floor":12,"turns":2},{"damage":0,"enemies":"Looter","floor":13,"turns":2},{"damage":0,"enemies":"Slime Boss","floor":16,"turns":7},{"damage":19,"enemies":"Shell Parasite","floor":18,"turns":4},{"damage":2,"enemies":"Spheric Guardian","floor":21,"turns":3},{"damage":8,"enemies":"Shelled Parasite and Fungi","floor":24,"turns":3},{"damage":6,"enemies":"Cultist and Chosen","floor":28,"turns":3},{"damage":0,"enemies":"Centurion and Healer","floor":30,"turns":3},{"damage":17,"enemies":"Snake Plant","floor":31,"turns":2},{"damage":0,"enemies":"Automaton","floor":33,"turns":5},{"damage":0,"enemies":"3 Darklings","floor":35,"turns":2},{"damage":0,"enemies":"3 Shapes","floor":37,"turns":1},{"damage":0,"enemies":"Spire Growth","floor":39,"turns":2},{"damage":12,"enemies":"Mysterious Sphere","floor":41,"turns":2},{"damage":14,"enemies":"Transient","floor":42,"turns":5},{"damage":7,"enemies":"Reptomancer","floor":46,"turns":3},{"damage":25,"enemies":"Maw","floor":47,"turns":4},{"damage":68,"enemies":"Time Eater","floor":50,"turns":6}],"seed_played":"7730725528943051246","potions_obtained":[{"floor":1,"key":"Ancient Potion"},{"floor":5,"key":"FocusPotion"},{"floor":6,"key":"Block Potion"},{"floor":16,"key":"Fire Potion"},{"floor":18,"key":"FocusPotion"},{"floor":30,"key":"PowerPotion"},{"floor":31,"key":"PowerPotion"},{"floor":33,"key":"FearPotion"},{"floor":35,"key":"PowerPotion"},{"floor":36,"key":"EntropicBrew"},{"floor":41,"key":"LiquidBronze"}],"is_trial":false,"path_per_floor":["M","M","?","M","M","E","R","?","T","$","M","M","M","$","R","B",null,"M","?","?","M","?","R","M","R","T","R","M","R","M","M","R","B",null,"M","?","M","$","M","R","?","M","T","$","R","M","M","?","R","B"],"character_chosen":"DEFECT","items_purchased":["FTL+1","Redo","Compile Driver+1","Static Discharge","Gash+1","Flash of Steel+1","Scrape+1"],"campfire_rested":7,"item_purchase_floors":[10,10,14,38,38,44,44],"current_hp_per_floor":[65,65,50,50,37,27,51,51,51,51,48,48,48,48,72,72,82,63,57,57,55,55,79,71,82,82,82,76,76,76,59,82,82,82,82,82,82,82,82,82,70,58,58,58,82,75,52,52,82,14],"gold":0,"neow_bonus":"","is_prod":false,"is_daily":true,"chose_seed":false,"campfire_upgraded":3,"win_rate":0,"timestamp":1539035003,"path_taken":["M","M","?","M","M","E","R","?","T","?","M","M","M","?","R","BOSS","M","?","?","M","?","R","?","R","T","R","M","R","M","M","R","BOSS","M","?","M","$","M","R","?","M","T","$","R","?","?","?","R","BOSS"],"build_version":"2018-10-04v2","purchased_purges":1,"victory":true,"max_hp_per_floor":[75,75,75,75,75,82,82,82,82,82,82,82,82,82,82,82,82,82,82,82,82,82,82,82,82,82,82,82,82,82,82,82,82,82,82,82,82,82,82,82,82,82,82,82,82,82,82,82,82,82],"card_choices":[{"not_picked":["Recycle","Steam"],"picked":"Sunder+1","floor":6},{"not_picked":["Echo Form","Multi-Cast"],"picked":"Core Surge+1","floor":16},{"not_picked":["Echo Form","Multi-Cast"],"picked":"Hyperbeam+1","floor":33},{"not_picked":["Stack","Steam"],"picked":"Streamline+1","floor":41}],"player_experience":198873,"relics_obtained":[{"floor":1,"key":"Gambling Chip"},{"floor":2,"key":"Smiling Mask"},{"floor":4,"key":"Molten Egg 2"},{"floor":5,"key":"Ornamental Fan"},{"floor":6,"key":"Strawberry"},{"floor":9,"key":"Darkstone Periapt"},{"floor":11,"key":"Dodecahedron"},{"floor":12,"key":"Lantern"},{"floor":13,"key":"Mummified Hand"},{"floor":16,"key":"Omamori"},{"floor":18,"key":"Pocketwatch"},{"floor":21,"key":"Sundial"},{"floor":24,"key":"Bronze Scales"},{"floor":26,"key":"Mercury Hourglass"},{"floor":28,"key":"DataDisk"},{"floor":30,"key":"Singing Bowl"},{"floor":31,"key":"Dead Branch"},{"floor":33,"key":"Blood Vial"},{"floor":35,"key":"Letter Opener"},{"floor":37,"key":"Regal Pillow"},{"floor":39,"key":"Art of War"},{"floor":41,"key":"Turnip"},{"floor":42,"key":"Cables"},{"floor":43,"key":"WingedGreaves"},{"floor":46,"key":"Bottled Flame"},{"floor":47,"key":"Bag of Marbles"}],"event_choices":[{"event_name":"Shining Light","player_choice":"Entered Light","floor":3,"damage_taken":0},{"event_name":"Living Wall","player_choice":"Change","floor":8,"damage_taken":0},{"event_name":"Nest","player_choice":"Joined the Cult","floor":19,"damage_taken":0},{"event_name":"Drug Dealer","player_choice":"Became Test Subject","floor":20,"damage_taken":0},{"event_name":"Beggar","player_choice":"Gave Gold","floor":22,"damage_taken":0},{"event_name":"The Lab","player_choice":"Got Potions","floor":36,"damage_taken":0},{"event_name":"Mysterious Sphere","player_choice":"Fight","floor":41,"damage_taken":0},{"event_name":"Tomb of Lord Red Mask","player_choice":"Paid","floor":48,"damage_taken":0}],"is_beta":false,"boss_relics":[{"not_picked":["Runic Dome","Runic Pyramid"],"picked":"Lizard Tail"},{"not_picked":["Snecko Eye","Pandora\u0027s Box"],"picked":"Inserter"}],"items_purged_floors":[10],"is_endless":false,"potions_floor_spawned":[1,5,6,12,13,16,18,30,31,33,35,41,47],"ascension_level":0}