{"gold_per_floor":[211,129,142,158,172,199,199,213,213,248,260,274,274,293,293,389,389,400,400,400,415,432,432,451,451],"floor_reached":25,"playtime":1016,"items_purged":[],"score":219,"play_id":"968f3a73-99e0-4224-ba2a-14a0bc17a800","local_time":"20180820155027","is_ascension_mode":false,"campfire_choices":[{"floor":7,"key":"REST"},{"floor":13,"key":"REST"},{"floor":15,"key":"REST"},{"floor":23,"key":"REST"}],"neow_cost":"NONE","seed_source_timestamp":0,"circlet_count":0,"master_deck":["Strike_R","Strike_R","Strike_R","Strike_R","Strike_R","Defend_R","Defend_R","Defend_R","Defend_R","Bash","Anger","Inflame","Heavy Blade","Flex","Cleave","Shrug It Off","Rage","Limit Break","Shrug It Off+1","Heavy Blade+1","Ghostly Armor","Anger+1"],"special_seed":0,"relics":["Burning Blood","Ornamental Fan","Paper Frog","Gambling Chip","Black Star","Shuriken","Enchiridion"],"potions_floor_usage":[10,14,16,21],"damage_taken":[{"damage":6.0,"enemies":"Jaw Worm","floor":1.0,"turns":4.0},{"damage":0,"enemies":"2 Louse","floor":3,"turns":3},{"damage":1,"enemies":"Cultist","floor":4,"turns":4},{"damage":22,"enemies":"2 Fungi Beasts","floor":5,"turns":4},{"damage":31,"enemies":"Lagavulin","floor":6,"turns":5},{"damage":14,"enemies":"Large Slime","floor":8,"turns":5},{"damage":40,"enemies":"3 Sentries","floor":10,"turns":9},{"damage":0,"enemies":"3 Louse","floor":11,"turns":2},{"damage":1,"enemies":"Exordium Wildlife","floor":12,"turns":3},{"damage":8,"enemies":"Lots of Slimes","floor":14,"turns":2},{"damage":51,"enemies":"The Guardian","floor":16,"turns":11},{"damage":0,"enemies":"Spheric Guardian","floor":18,"turns":3},{"damage":31,"enemies":"2 Thieves","floor":21,"turns":4},{"damage":29,"enemies":"Snecko","floor":22,"turns":5},{"damage":29,"enemies":"Snake Plant","floor":24,"turns":4},{"damage":0,"enemies":"Centurion and Healer","floor":25,"turns":1}],"seed_played":"-7473278539013995206","potions_obtained":[{"floor":3,"key":"Dexterity Potion"},{"floor":8,"key":"Dexterity Potion"},{"floor":10,"key":"SpeedPotion"},{"floor":12,"key":"Explosive Potion"},{"floor":14,"key":"Explosive Potion"},{"floor":22,"key":"Energy Potion"}],"is_trial":false,"path_per_floor":["M","$","M","M","M","E","R","M","T","E","M","M","R","M","R","B",null,"M","?","?","M","M","R","M"],"character_chosen":"IRONCLAD","items_purchased":["Inflame"],"campfire_rested":4,"item_purchase_floors":[2],"current_hp_per_floor":[80,80,80,80,64,39,63,55,55,21,27,32,56,54,78,33,80,80,80,64,39,16,40,17,17],"gold":451,"neow_bonus":"HUNDRED_GOLD","is_prod":false,"is_daily":false,"chose_seed":false,"campfire_upgraded":0,"win_rate":0,"timestamp":1534794627,"path_taken":["M","$","M","M","M","E","R","M","T","E","M","M","R","M","R","BOSS","M","?","?","M","M","R","M","M"],"build_version":"2018-08-16","purchased_purges":0,"victory":false,"max_hp_per_floor":[80,80,80,80,80,80,80,80,80,80,80,80,80,80,80,80,80,80,80,80,80,80,80,80,80],"card_choices":[{"not_picked":["Sword Boomerang","Headbutt"],"picked":"Anger","floor":1},{"not_picked":["Corruption","Sword Boomerang","Fire Breathing"],"picked":"SKIP","floor":3},{"not_picked":["Power Through","Body Slam","Bludgeon"],"picked":"SKIP","floor":4},{"not_picked":["Fire Breathing","Warcry"],"picked":"Heavy Blade","floor":5},{"not_picked":["Reckless Charge","Entrench"],"picked":"Flex","floor":6},{"not_picked":["Carnage","Searing Blow","True Grit"],"picked":"SKIP","floor":8},{"not_picked":["Havoc","Reckless Charge"],"picked":"Cleave","floor":10},{"not_picked":["Iron Wave","Clothesline"],"picked":"Shrug It Off","floor":11},{"not_picked":["Clothesline","Offering","Dual Wield"],"picked":"SKIP","floor":12},{"not_picked":["Flex","Thunderclap"],"picked":"Rage","floor":14},{"not_picked":["Double Tap","Immolate"],"picked":"Limit Break","floor":16},{"not_picked":["Entrench+1","Flex+1"],"picked":"Shrug It Off+1","floor":18},{"not_picked":["Shrug It Off","Clothesline+1"],"picked":"Heavy Blade+1","floor":21},{"not_picked":["Heavy Blade","Thunderclap+1"],"picked":"Ghostly Armor","floor":22},{"not_picked":["Combust+1","Pommel Strike"],"picked":"Anger+1","floor":24}],"player_experience":84039,"relics_obtained":[{"floor":6,"key":"Ornamental Fan"},{"floor":9,"key":"Paper Frog"},{"floor":10,"key":"Gambling Chip"},{"floor":20,"key":"Enchiridion"}],"event_choices":[{"event_name":"The Mausoleum","player_choice":"Yes","floor":19,"damage_taken":0},{"event_name":"Cursed Tome","player_choice":"Obtained Book","floor":20,"damage_taken":0}],"is_beta":false,"boss_relics":[{"not_picked":["Calling Bell","White Beast Statue"],"picked":"Black Star"}],"items_purged_floors":[],"is_endless":false,"potions_floor_spawned":[3,8,10,12,14,22],"killed_by":"Centurion and Healer","ascension_level":0}