{"gold_per_floor":[169,17,17,28,45,45,71,86,137,155,168,243,92,111,111,207,207,217,316,316,300,320,320,348,348,427,427,75,95,108,108,108,213,213,223,106,106,120,132,132,151,151,174,201,201,79,1,13,13,13],"floor_reached":50,"playtime":2762,"items_purged":["Defend_G","Strike_G","Writhe","Strike_G","Endless Agony"],"score":574,"play_id":"302126c6-1789-42b4-a8d5-f8ceb311968b","local_time":"20181211194854","is_ascension_mode":false,"campfire_choices":[{"data":"Adrenaline","floor":6,"key":"SMITH"},{"data":"Catalyst","floor":15,"key":"SMITH"},{"floor":23,"key":"REST"},{"data":"After Image","floor":27,"key":"SMITH"},{"data":"Noxious Fumes","floor":32,"key":"SMITH"},{"floor":40,"key":"REST"},{"floor":42,"key":"REST"},{"data":"Neutralize","floor":45,"key":"SMITH"},{"data":"Accuracy","floor":49,"key":"SMITH"}],"neow_cost":"NONE","seed_source_timestamp":1051199188369242,"circlet_count":0,"master_deck":["Defend_G+1","Defend_G","Defend_G","Defend_G","Strike_G","Strike_G","Strike_G","Survivor","Neutralize+1","Blade Dance","Backflip","Noxious Fumes+1","Adrenaline+1","Poisoned Stab","Neutralize","Catalyst+1","Dagger Spray","Cloak And Dagger+1","Crippling Poison+1","Blade Dance+1","Deadly Poison+1","Cloak And Dagger+1","Infinite Blades","After Image+1","Noxious Fumes","Blade Dance+1","Reflex+1","Escape Plan+1","Footwork+1","Doppelganger+1","Bouncing Flask+1","Expertise+1","Adrenaline+1","Cloak And Dagger+1","PiercingWail+1","Envenom","Accuracy+1","Footwork","Backflip+1"],"relics":["Tiny House","Toxic Egg 2","Dream Catcher","HoveringKite","Smiling Mask","Red Mask","Sundial","The Specimen","Sozu","Anchor","PreservedInsect"],"potions_floor_usage":[33,50,50],"damage_taken":[{"damage":0,"enemies":"Small Slimes","floor":1,"turns":3},{"damage":0,"enemies":"Cultist","floor":4,"turns":3},{"damage":0,"enemies":"2 Louse","floor":5,"turns":3},{"damage":25,"enemies":"3 Sentries","floor":7,"turns":7},{"damage":2,"enemies":"Exordium Wildlife","floor":8,"turns":4},{"damage":0,"enemies":"Large Slime","floor":10,"turns":5},{"damage":2,"enemies":"Looter","floor":11,"turns":2},{"damage":5,"enemies":"3 Louse","floor":14,"turns":3},{"damage":23,"enemies":"The Guardian","floor":16,"turns":8},{"damage":14,"enemies":"Spheric Guardian","floor":18,"turns":5},{"damage":20,"enemies":"2 Thieves","floor":21,"turns":4},{"damage":24,"enemies":"Sentry and Sphere","floor":22,"turns":5},{"damage":4,"enemies":"Masked Bandits","floor":24,"turns":4},{"damage":0,"enemies":"Chosen and Byrds","floor":29,"turns":6},{"damage":8,"enemies":"Shelled Parasite and Fungi","floor":30,"turns":5},{"damage":33,"enemies":"Automaton","floor":33,"turns":7},{"damage":6,"enemies":"Orb Walker","floor":35,"turns":4},{"damage":21,"enemies":"3 Darklings","floor":38,"turns":4},{"damage":31,"enemies":"Jaw Worm Horde","floor":39,"turns":4},{"damage":6,"enemies":"Transient","floor":41,"turns":5},{"damage":0,"enemies":"Giant Head","floor":44,"turns":6},{"damage":12,"enemies":"Writhing Mass","floor":48,"turns":6},{"damage":45,"enemies":"Time Eater","floor":50,"turns":8}],"seed_played":"8139974077926154895","potions_obtained":[{"floor":0,"key":"Poison Potion"},{"floor":1,"key":"Poison Potion"},{"floor":5,"key":"Swift Potion"},{"floor":30,"key":"Regen Potion"}],"is_trial":false,"path_per_floor":["M","$","?","M","M","R","E","M","T","M","M","?","$","M","R","B",null,"M","?","?","M","M","R","?","?","T","R","$","M","M","?","R","B",null,"M","$","?","M","M","R","M","R","T","E","R","$","$","M","R","B"],"character_chosen":"THE_SILENT","items_purchased":["Noxious Fumes","Cloak And Dagger+1","The Specimen","Expertise+1","Accuracy","Footwork"],"campfire_rested":3,"item_purchase_floors":[2,13,28,36,46,47],"current_hp_per_floor":[75,75,75,75,75,75,50,48,48,48,46,35,35,30,30,7,75,61,61,61,41,17,39,35,35,35,35,35,35,27,27,27,9,75,69,69,69,48,17,39,33,55,55,55,55,55,55,43,43,0],"gold":13,"neow_bonus":"BOSS_RELIC","is_prod":false,"is_daily":false,"chose_seed":false,"campfire_upgraded":6,"win_rate":0,"timestamp":1544525334,"path_taken":["M","$","?","M","M","R","E","M","T","M","?","?","?","M","R","BOSS","M","?","?","M","M","R","?","?","T","R","?","M","M","?","R","BOSS","M","$","?","M","M","R","M","R","T","E","R","?","$","M","R","BOSS"],"build_version":"2018-12-06","purchased_purges":5,"victory":false,"max_hp_per_floor":[75,75,75,75,75,75,75,75,75,75,75,75,75,75,75,75,75,75,75,75,75,75,75,75,75,75,75,75,75,75,75,75,75,75,75,75,75,75,75,75,75,75,75,75,75,75,75,75,75,75],"card_choices":[{"not_picked":["Leg Sweep","Choke"],"picked":"Blade Dance","floor":0},{"not_picked":["Flying Knee","Predator"],"picked":"Backflip","floor":1},{"not_picked":["Dash","Acrobatics"],"picked":"Catalyst","floor":4},{"not_picked":["Deflect","Dash"],"picked":"Dagger Spray","floor":5},{"not_picked":["Blade Dance","Expertise"],"picked":"Cloak And Dagger","floor":7},{"not_picked":["Accuracy","Dagger Spray"],"picked":"Crippling Poison+1","floor":8},{"not_picked":["Grand Finale","Outmaneuver+1"],"picked":"Blade Dance+1","floor":10},{"not_picked":["Underhanded Strike","Deflect+1"],"picked":"Deadly Poison+1","floor":11},{"not_picked":["Deflect+1","Flying Knee"],"picked":"Infinite Blades","floor":14},{"not_picked":["Night Terror+1","Die Die Die"],"picked":"After Image","floor":16},{"not_picked":["PiercingWail+1","Underhanded Strike"],"picked":"Noxious Fumes","floor":18},{"not_picked":["Sucker Punch+1","Dagger Spray"],"picked":"Blade Dance+1","floor":21},{"not_picked":["Endless Agony+1","Poisoned Stab","Flying Knee"],"picked":"SKIP","floor":22},{"not_picked":["Night Terror+1","Sucker Punch"],"picked":"Reflex+1","floor":23},{"not_picked":["Dagger Spray","Underhanded Strike"],"picked":"Escape Plan+1","floor":24},{"not_picked":["Bane+1","Deflect+1","Outmaneuver+1"],"picked":"SKIP","floor":29},{"not_picked":["Deadly Poison+1","Dodge and Roll+1"],"picked":"Footwork+1","floor":30},{"not_picked":["Unload","Glass Knife"],"picked":"Doppelganger+1","floor":33},{"not_picked":["Backflip+1","Flying Knee"],"picked":"Bouncing Flask+1","floor":35},{"not_picked":["Bane+1","Quick Slash","Die Die Die"],"picked":"SKIP","floor":38},{"not_picked":["Dagger Throw","Backstab"],"picked":"Cloak And Dagger+1","floor":39},{"not_picked":["Outmaneuver+1","Flying Knee"],"picked":"PiercingWail+1","floor":40},{"not_picked":["Poisoned Stab","Terror+1"],"picked":"Envenom","floor":41},{"not_picked":["Flying Knee+1","Leg Sweep+1"],"picked":"Endless Agony","floor":42},{"not_picked":["Poisoned Stab+1","Heel Hook","Deflect+1"],"picked":"SKIP","floor":44},{"not_picked":["Tools of the Trade","Deadly Poison+1"],"picked":"Backflip+1","floor":48}],"player_experience":608866,"relics_obtained":[{"floor":7,"key":"Toxic Egg 2"},{"floor":9,"key":"Dream Catcher"},{"floor":24,"key":"Red Mask"},{"floor":26,"key":"Sundial"},{"floor":43,"key":"Anchor"},{"floor":44,"key":"PreservedInsect"}],"event_choices":[{"damage_healed":0,"gold_gain":0,"player_choice":"3 cards matched","damage_taken":0,"max_hp_gain":0,"max_hp_loss":0,"event_name":"Match and Keep!","floor":3,"gold_loss":0,"cards_obtained":["Adrenaline","Poisoned Stab","Neutralize"]},{"damage_healed":0,"gold_gain":75,"player_choice":"Gather Gold","damage_taken":11,"max_hp_gain":0,"max_hp_loss":0,"event_name":"World of Goop","floor":12,"gold_loss":0},{"damage_healed":0,"gold_gain":99,"player_choice":"Stole From Cult","damage_taken":0,"max_hp_gain":0,"max_hp_loss":0,"event_name":"Nest","floor":19,"gold_loss":0},{"damage_healed":0,"gold_gain":0,"player_choice":"Opened","damage_taken":0,"relics_obtained":["Smiling Mask"],"max_hp_gain":0,"max_hp_loss":0,"event_name":"The Mausoleum","floor":20,"gold_loss":0,"cards_obtained":["Writhe"]},{"damage_healed":0,"gold_gain":0,"player_choice":"Fought Bandits","damage_taken":0,"max_hp_gain":0,"max_hp_loss":0,"event_name":"Masked Bandits","floor":24,"gold_loss":0},{"damage_healed":0,"gold_gain":0,"player_choice":"Ignored","damage_taken":0,"max_hp_gain":0,"max_hp_loss":0,"event_name":"Vampires","floor":25,"gold_loss":0},{"damage_healed":0,"gold_gain":0,"player_choice":"Bought 0 Potions","damage_taken":0,"max_hp_gain":0,"max_hp_loss":0,"event_name":"The Woman in Blue","floor":31,"gold_loss":0},{"damage_healed":0,"gold_gain":0,"player_choice":"Copied","damage_taken":0,"max_hp_gain":0,"max_hp_loss":0,"event_name":"Duplicator","floor":37,"gold_loss":0,"cards_obtained":["Adrenaline"]}],"is_beta":false,"boss_relics":[{"not_picked":["Empty Cage","Astrolabe"],"picked":"HoveringKite"},{"not_picked":["Cursed Key","Philosopher\u0027s Stone"],"picked":"Sozu"}],"items_purged_floors":[2,13,28,36,46],"is_endless":false,"potions_floor_spawned":[1,5,8,11,21,29,30,41,44],"killed_by":"Time Eater","ascension_level":0}