{"gold_per_floor":[112,112,125,125,135,135,154,167,241,87,107,28,47,82,82,177,227,246,259,277,277,292,292,324,342,369,369,403,415,116,131,131,131],"floor_reached":33,"playtime":1805,"items_purged":["Defend_B"],"score":328,"play_id":"3da09cf5-1734-406e-b312-1545cc19f4d1","local_time":"20181202221440","is_ascension_mode":true,"campfire_choices":[{"data":"Go for the Eyes","floor":6,"key":"SMITH"},{"data":"Streamline","floor":15,"key":"SMITH"},{"data":"Scrape","floor":23,"key":"SMITH"},{"data":"Go for the Eyes","floor":27,"key":"SMITH"},{"floor":32,"key":"REST"}],"neow_cost":"NONE","seed_source_timestamp":176016134077543,"circlet_count":0,"master_deck":["Strike_B","Strike_B","Strike_B","Defend_B+1","Defend_B+1","Defend_B","Zap+1","Dualcast","Rebound+1","Hologram","Go for the Eyes+1","Gash","Gash","Leap","FTL","Scrape+1","Streamline+1","Reboot","Conserve Battery","Rebound+1","Go for the Eyes+1","Leap","Steam Power","Steam+1","Stack","Secret Weapon"],"relics":["Cracked Core","NeowsBlessing","Kunai","Pen Nib","FossilizedHelix","Tiny House","War Paint","Smiling Mask","Red Mask"],"potions_floor_usage":[14,14,16,28,31,33,33],"damage_taken":[{"damage":0,"enemies":"Jaw Worm","floor":1,"turns":1},{"damage":0,"enemies":"Cultist","floor":3,"turns":1},{"damage":0,"enemies":"2 Louse","floor":5,"turns":1},{"damage":8,"enemies":"Blue Slaver","floor":7,"turns":2},{"damage":5,"enemies":"Looter","floor":8,"turns":2},{"damage":7,"enemies":"3 Louse","floor":11,"turns":3},{"damage":3,"enemies":"2 Fungi Beasts","floor":13,"turns":2},{"damage":10,"enemies":"3 Sentries","floor":14,"turns":4},{"damage":38,"enemies":"The Guardian","floor":16,"turns":7},{"damage":9,"enemies":"3 Byrds","floor":18,"turns":4},{"damage":0,"enemies":"Spheric Guardian","floor":19,"turns":3},{"damage":17,"enemies":"3 Cultists","floor":20,"turns":5},{"damage":6,"enemies":"Snecko","floor":22,"turns":4},{"damage":9,"enemies":"Slavers","floor":24,"turns":4},{"damage":0,"enemies":"Centurion and Healer","floor":25,"turns":4},{"damage":20,"enemies":"Masked Bandits","floor":28,"turns":6},{"damage":1,"enemies":"Snake Plant","floor":29,"turns":4},{"damage":13,"enemies":"Sentry and Sphere","floor":31,"turns":5},{"damage":70,"enemies":"Automaton","floor":33,"turns":8}],"seed_played":"2007694807308386165","potions_obtained":[{"floor":1,"key":"SpeedPotion"},{"floor":7,"key":"Strength Potion"},{"floor":8,"key":"SkillPotion"},{"floor":13,"key":"Block Potion"},{"floor":17,"key":"FairyPotion"},{"floor":18,"key":"GamblersBrew"},{"floor":24,"key":"FocusPotion"},{"floor":31,"key":"Regen Potion"}],"is_trial":false,"path_per_floor":["M","?","M","?","M","R","M","M","T","$","M","$","M","E","R","B",null,"M","M","M","?","M","R","E","M","T","R","?","M","$","M","R","B"],"character_chosen":"DEFECT","items_purchased":["Pen Nib","FTL","Regen Potion","Secret Weapon"],"campfire_rested":1,"item_purchase_floors":[10,12,30,30],"current_hp_per_floor":[75,75,75,75,75,75,67,62,62,62,55,55,52,42,42,4,80,71,71,54,54,48,48,39,39,39,39,19,18,18,19,43,2],"gold":131,"neow_bonus":"THREE_ENEMY_KILL","is_prod":false,"is_daily":false,"chose_seed":false,"campfire_upgraded":4,"win_rate":0,"timestamp":1543806880,"path_taken":["M","?","?","?","M","R","M","?","T","?","M","$","M","E","R","BOSS","M","M","M","?","M","R","E","M","T","R","?","M","$","M","R","BOSS"],"build_version":"2018-11-15","purchased_purges":1,"victory":false,"max_hp_per_floor":[75,75,75,75,75,75,75,75,75,75,75,75,75,75,75,75,80,80,80,80,80,80,80,80,80,80,80,80,80,80,80,80,80],"card_choices":[{"not_picked":["Self Repair","Steam"],"picked":"Rebound","floor":1},{"not_picked":["Defragment","BootSequence"],"picked":"Hologram","floor":3},{"not_picked":["Auto Shields","Sunder"],"picked":"Go for the Eyes","floor":5},{"not_picked":["Undo","Leap"],"picked":"Gash","floor":7},{"not_picked":["Doom and Gloom","Leap"],"picked":"Gash","floor":8},{"not_picked":["Rebound","Ball Lightning"],"picked":"Leap","floor":11},{"not_picked":["Conserve Battery","Streamline"],"picked":"Scrape","floor":13},{"not_picked":["Seek","Hello World"],"picked":"Streamline","floor":14},{"not_picked":["Rainbow","Fission"],"picked":"Reboot","floor":16},{"not_picked":["Hologram","Chill"],"picked":"Conserve Battery","floor":17},{"not_picked":["Gash","Heatsinks"],"picked":"Rebound+1","floor":18},{"not_picked":["Sweeping Beam","Stack+1"],"picked":"Go for the Eyes","floor":19},{"not_picked":["Stack","Capacitor"],"picked":"Leap","floor":20},{"not_picked":["Capacitor","Skim","Leap+1"],"picked":"SKIP","floor":22},{"not_picked":["Lockon+1","Leap","Meteor Strike"],"picked":"SKIP","floor":24},{"not_picked":["Sweeping Beam","Cold Snap+1"],"picked":"Steam+1","floor":25},{"not_picked":["Redo","Barrage+1"],"picked":"Stack","floor":28},{"not_picked":["Leap","Sunder","Turbo"],"picked":"SKIP","floor":29},{"not_picked":["Go for the Eyes","Cold Snap+1","Sweeping Beam"],"picked":"SKIP","floor":31}],"player_experience":249874,"relics_obtained":[{"floor":9,"key":"Kunai"},{"floor":14,"key":"FossilizedHelix"},{"floor":24,"key":"War Paint"},{"floor":26,"key":"Smiling Mask"},{"floor":28,"key":"Red Mask"}],"event_choices":[{"damage_healed":0,"gold_gain":0,"player_choice":"Upgraded","damage_taken":0,"max_hp_gain":0,"max_hp_loss":0,"event_name":"Upgrade Shrine","floor":2,"gold_loss":0,"cards_upgraded":["Rebound"]},{"cards_removed":["Strike_B"],"damage_healed":0,"gold_gain":0,"player_choice":"Purged","damage_taken":0,"max_hp_gain":0,"max_hp_loss":0,"event_name":"Purifier","floor":4,"gold_loss":0},{"damage_healed":0,"gold_gain":0,"player_choice":"Read","damage_taken":0,"max_hp_gain":0,"max_hp_loss":0,"event_name":"The Library","floor":21,"gold_loss":0,"cards_obtained":["Steam Power"]},{"damage_healed":0,"gold_gain":0,"player_choice":"Fought Bandits","damage_taken":0,"max_hp_gain":0,"max_hp_loss":0,"event_name":"Masked Bandits","floor":28,"gold_loss":0}],"is_beta":false,"boss_relics":[{"not_picked":["Snecko Eye","Calling Bell"],"picked":"Tiny House"}],"items_purged_floors":[30],"is_endless":false,"potions_floor_spawned":[1,7,8,13,18,24,31],"killed_by":"Automaton","ascension_level":4}