{"gold_per_floor":[115,115,115,127,143,143,169,44,99,99,132,145,28,45,45,122,122,142,91,91,103,115,115,142,57,57,67,67],"floor_reached":28,"playtime":932,"items_purged":["Strike_B"],"score":503,"play_id":"8a3af438-ca2a-4b16-809d-4d9463cd5b02","local_time":"20181229210505","is_ascension_mode":true,"campfire_choices":[{"data":"Consume","floor":6,"key":"SMITH"},{"data":"Zap","floor":10,"key":"SMITH"},{"data":"Blizzard","floor":15,"key":"SMITH"},{"floor":23,"key":"REST"}],"neow_cost":"NONE","seed_source_timestamp":184379854480426,"circlet_count":0,"master_deck":["AscendersBane","Defend_B","Defend_B","Defend_B","Defend_B","Zap+1","Dualcast","Glacier","Cold Snap","Consume+1","Coolheaded","Ball Lightning","Sweeping Beam","Cold Snap","Blizzard+1","Coolheaded","Seek","Coolheaded","Redo","Darkness","Conserve Battery+1","Double Energy","Coolheaded+1"],"relics":["Cracked Core","NeowsBlessing","Pen Nib","Ancient Tea Set","Strawberry","Inserter","Prayer Wheel","Potion Belt","Matryoshka"],"potions_floor_usage":[22,24],"damage_taken":[{"damage":0,"enemies":"2 Louse","floor":1,"turns":1},{"damage":0,"enemies":"Jaw Worm","floor":4,"turns":1},{"damage":0,"enemies":"Cultist","floor":5,"turns":1},{"damage":12,"enemies":"Lagavulin","floor":7,"turns":8},{"damage":7,"enemies":"Gremlin Nob","floor":11,"turns":3},{"damage":7,"enemies":"Exordium Wildlife","floor":12,"turns":4},{"damage":0,"enemies":"Blue Slaver","floor":14,"turns":4},{"damage":15,"enemies":"Slime Boss","floor":16,"turns":7},{"damage":21,"enemies":"3 Byrds","floor":18,"turns":4},{"damage":19,"enemies":"Chosen","floor":21,"turns":5},{"damage":24,"enemies":"Snake Plant","floor":22,"turns":7},{"damage":14,"enemies":"Gremlin Leader","floor":24,"turns":10},{"damage":11,"enemies":"Shelled Parasite and Fungi","floor":27,"turns":7},{"damage":14,"enemies":"3 Cultists","floor":28,"turns":3}],"seed_played":"5303506545143564713","potions_obtained":[{"floor":1,"key":"Ancient Potion"},{"floor":4,"key":"Energy Potion"},{"floor":14,"key":"Poison Potion"},{"floor":22,"key":"EssenceOfSteel"}],"is_trial":false,"path_per_floor":["M","?","?","M","M","R","E","$","T","R","E","M","$","M","R","B",null,"M","$","?","M","M","R","E","?","T","M","M"],"character_chosen":"DEFECT","items_purchased":["Ball Lightning","Blizzard","Coolheaded","Coolheaded"],"campfire_rested":1,"item_purchase_floors":[8,13,13,19],"current_hp_per_floor":[64,69,69,69,69,69,57,57,57,57,57,50,50,50,50,35,71,50,50,50,31,7,31,17,17,17,6,0],"gold":67,"neow_bonus":"THREE_ENEMY_KILL","is_prod":false,"is_daily":false,"chose_seed":false,"campfire_upgraded":3,"win_rate":0,"timestamp":1546135505,"path_taken":["M","?","?","?","M","R","E","$","T","R","E","M","$","M","R","BOSS","M","$","?","M","M","R","E","?","T","M","M"],"build_version":"2018-12-20","purchased_purges":1,"victory":false,"max_hp_per_floor":[71,76,76,76,76,76,76,76,76,76,83,83,83,83,83,83,83,83,83,83,83,83,83,83,83,83,83,83],"card_choices":[{"not_picked":["Skim","Beam Cell"],"picked":"Glacier","floor":1},{"not_picked":["Genetic Algorithm","White Noise"],"picked":"Cold Snap","floor":4},{"not_picked":["Aggregate","Streamline"],"picked":"Consume","floor":5},{"not_picked":["Beam Cell","Go for the Eyes"],"picked":"Coolheaded","floor":7},{"not_picked":["FTL","Beam Cell"],"picked":"Sweeping Beam","floor":11},{"not_picked":["Streamline","Steam"],"picked":"Cold Snap","floor":12},{"not_picked":["Reprogram","Barrage","Rebound"],"picked":"SKIP","floor":14},{"not_picked":["Reboot","Amplify"],"picked":"Seek","floor":16},{"not_picked":["Streamline","Melter","Gash+1"],"picked":"SKIP","floor":18},{"not_picked":["Storm","Hologram"],"picked":"Conserve Battery+1","floor":21},{"not_picked":["Streamline","Force Field","Go for the Eyes"],"picked":"SKIP","floor":22},{"not_picked":["Barrage","Core Surge"],"picked":"Double Energy","floor":24},{"not_picked":["Leap","Auto Shields"],"picked":"Coolheaded+1","floor":27},{"not_picked":["Sweeping Beam+1","Gash","Compile Driver"],"picked":"SKIP","floor":27}],"player_experience":437753,"relics_obtained":[{"floor":7,"key":"Pen Nib"},{"floor":9,"key":"Ancient Tea Set"},{"floor":11,"key":"Strawberry"},{"floor":24,"key":"Prayer Wheel"},{"floor":26,"key":"Matryoshka"}],"event_choices":[{"damage_healed":0,"gold_gain":0,"player_choice":"Donut","damage_taken":0,"max_hp_gain":5,"max_hp_loss":0,"event_name":"Big Fish","floor":2,"gold_loss":0},{"cards_removed":["Strike_B"],"damage_healed":0,"gold_gain":0,"player_choice":"Offered Basic","damage_taken":0,"max_hp_gain":0,"max_hp_loss":0,"event_name":"Bonfire Elementals","floor":3,"gold_loss":0},{"damage_healed":0,"gold_gain":0,"cards_transformed":["Strike_B","Strike_B"],"player_choice":"Became Test Subject","damage_taken":0,"max_hp_gain":0,"max_hp_loss":0,"event_name":"Drug Dealer","floor":20,"gold_loss":0,"cards_obtained":["Redo","Darkness"]},{"damage_healed":0,"gold_gain":0,"player_choice":"Obtained Relic","damage_taken":0,"relics_obtained":["Potion Belt"],"max_hp_gain":0,"max_hp_loss":0,"event_name":"Addict","floor":25,"gold_loss":85}],"is_beta":false,"boss_relics":[{"not_picked":["Tiny House","Astrolabe"],"picked":"Inserter"}],"items_purged_floors":[8],"is_endless":false,"potions_floor_spawned":[1,4,5,14,22],"killed_by":"3 Cultists","ascension_level":15}