{"gold_per_floor":[114,189,189,214,139,175,175,175,201,201,151,186,186,210,210,333,333,358,273,291,291,315,315,359,359,359,359,382,382,421,421,421,421],"floor_reached":33,"playtime":1042,"items_purged":["Strike_B"],"score":487,"play_id":"e26915d7-a299-4a40-899d-56b27be09af8","local_time":"20181026161019","is_ascension_mode":true,"campfire_choices":[{"data":"Zap","floor":7,"key":"SMITH"},{"floor":10,"key":"REST"},{"data":"Conserve Battery","floor":15,"key":"SMITH"},{"floor":23,"key":"REST"},{"floor":25,"key":"REST"},{"data":"Go for the Eyes","floor":27,"key":"SMITH"},{"floor":32,"key":"REST"}],"neow_cost":"NONE","seed_source_timestamp":239348062829213,"circlet_count":0,"master_deck":["Strike_B+1","Defend_B","Defend_B","Zap+1","Dualcast+1","AscendersBane","Go for the Eyes+1","Conserve Battery+1","Steam","Electrodynamics","Ball Lightning","Core Surge","Double Energy+1","Stack+1","Blizzard+1","White Noise","Stack+1","Leap+1","Cold Snap","Conserve Battery+1","Creative AI+1"],"relics":["Cracked Core","NeowsBlessing","Golden Idol","Gremlin Horn","DataDisk","Boot","Singing Bowl","Astrolabe","Girya","Frozen Egg 2","Meat on the Bone","Emotion Chip","Nilry\u0027s Codex"],"potions_floor_usage":[33],"damage_taken":[{"damage":0,"enemies":"Jaw Worm","floor":1,"turns":1},{"damage":0,"enemies":"Small Slimes","floor":4,"turns":1},{"damage":0,"enemies":"Gremlin Nob","floor":6,"turns":1},{"damage":11,"enemies":"3 Sentries","floor":12,"turns":7},{"damage":1,"enemies":"2 Louse","floor":14,"turns":2},{"damage":14,"enemies":"Hexaghost","floor":16,"turns":9},{"damage":13,"enemies":"2 Thieves","floor":18,"turns":3},{"damage":0,"enemies":"Chosen","floor":20,"turns":6},{"damage":9,"enemies":"Snecko","floor":22,"turns":5},{"damage":25,"enemies":"Slavers","floor":24,"turns":4},{"damage":2,"enemies":"Cultist and Chosen","floor":28,"turns":6},{"damage":34,"enemies":"Book of Stabbing","floor":30,"turns":7},{"damage":40,"enemies":"Automaton","floor":33,"turns":6}],"seed_played":"7518166496379087769","potions_obtained":[{"floor":6,"key":"PowerPotion"},{"floor":12,"key":"Energy Potion"}],"is_trial":false,"path_per_floor":["M","?","?","M","$","E","R","?","T","R","?","E","T","M","R","B",null,"M","?","M","?","M","R","E","R","T","R","M","?","E","?","R"],"character_chosen":"DEFECT","items_purchased":[],"campfire_rested":4,"item_purchase_floors":[],"current_hp_per_floor":[68,57,39,39,39,39,39,24,24,46,46,35,35,34,34,20,61,48,48,48,48,39,61,36,58,58,58,56,56,34,18,40,0],"gold":421,"neow_bonus":"THREE_ENEMY_KILL","is_prod":false,"is_daily":false,"chose_seed":false,"campfire_upgraded":3,"win_rate":0,"timestamp":1540537819,"path_taken":["M","?","?","M","$","E","R","?","T","R","?","E","?","M","R","BOSS","M","?","M","?","?","R","E","R","T","R","M","?","E","?","R","BOSS"],"build_version":"2018-10-25v2","purchased_purges":1,"victory":false,"max_hp_per_floor":[75,75,75,75,75,75,75,75,75,75,75,75,75,75,75,75,75,75,75,75,75,75,75,75,75,75,75,75,75,75,75,75,75],"card_choices":[{"not_picked":["Stack","Hologram"],"picked":"Go for the Eyes","floor":1},{"not_picked":["Steam Power","Heatsinks"],"picked":"Conserve Battery","floor":4},{"not_picked":["Genetic Algorithm","Scrape"],"picked":"Steam","floor":6},{"not_picked":["Redo","Barrage"],"picked":"Electrodynamics","floor":12},{"not_picked":["Steam Power","Sweeping Beam"],"picked":"Ball Lightning","floor":14},{"not_picked":["Buffer","Meteor Strike"],"picked":"Core Surge","floor":16},{"not_picked":["Hologram+1","Compile Driver"],"picked":"White Noise","floor":18},{"not_picked":["Coolheaded","Undo"],"picked":"Stack+1","floor":20},{"not_picked":["Steam Power","Turbo"],"picked":"Leap+1","floor":22},{"not_picked":["Turbo","Rebound"],"picked":"Cold Snap","floor":24},{"not_picked":["Lockon","Leap"],"picked":"Conserve Battery+1","floor":28},{"not_picked":["FTL","Steam Power"],"picked":"Creative AI+1","floor":30}],"player_experience":543667,"relics_obtained":[{"floor":6,"key":"Gremlin Horn"},{"floor":9,"key":"DataDisk"},{"floor":12,"key":"Boot"},{"floor":13,"key":"Singing Bowl"},{"floor":24,"key":"Frozen Egg 2"},{"floor":26,"key":"Meat on the Bone"},{"floor":30,"key":"Emotion Chip"},{"floor":31,"key":"Nilry\u0027s Codex"}],"event_choices":[{"damage_healed":0,"gold_gain":75,"player_choice":"Gather Gold","damage_taken":11,"max_hp_gain":0,"max_hp_loss":0,"event_name":"World of Goop","floor":2,"gold_loss":0},{"damage_healed":0,"gold_gain":0,"player_choice":"Take Damage","damage_taken":18,"relics_obtained":["Golden Idol"],"max_hp_gain":0,"max_hp_loss":0,"event_name":"Golden Idol","floor":3,"gold_loss":0},{"damage_healed":0,"gold_gain":0,"player_choice":"Entered Light","damage_taken":15,"max_hp_gain":0,"max_hp_loss":0,"event_name":"Shining Light","floor":8,"gold_loss":0,"cards_upgraded":["Strike_B","Dualcast"]},{"cards_removed":["Strike_B"],"damage_healed":0,"gold_gain":0,"player_choice":"Card Removal","damage_taken":0,"max_hp_gain":0,"max_hp_loss":0,"event_name":"The Cleric","floor":11,"gold_loss":50},{"damage_healed":0,"gold_gain":0,"player_choice":"Obtained Relic","damage_taken":0,"relics_obtained":["Girya"],"max_hp_gain":0,"max_hp_loss":0,"event_name":"Addict","floor":19,"gold_loss":85},{"damage_healed":0,"gold_gain":0,"player_choice":"Ignored","damage_taken":0,"max_hp_gain":0,"max_hp_loss":0,"event_name":"Vampires","floor":21,"gold_loss":0},{"damage_healed":0,"gold_gain":0,"player_choice":"Ignored","damage_taken":0,"max_hp_gain":0,"max_hp_loss":0,"event_name":"Ghosts","floor":29,"gold_loss":0},{"damage_healed":0,"gold_gain":0,"player_choice":"Obtained Book","damage_taken":16,"max_hp_gain":0,"max_hp_loss":0,"event_name":"Cursed Tome","floor":31,"gold_loss":0}],"is_beta":false,"boss_relics":[{"not_picked":["Black Star","Calling Bell"],"picked":"Astrolabe"}],"items_purged_floors":[5],"is_endless":false,"potions_floor_spawned":[6,12,22,28],"killed_by":"Automaton","ascension_level":11}