{"gold_per_floor":[110,110,110,185,203,203,223,223,247,282,36,36,49,68,68,145,145,164,164,23,23,23,23,34,65,126,168,180,212,242,269,281,367,379,402,414,426,263,263,263,263,263,263,291,308,325,325,338,338,338,338],"floor_reached":52,"playtime":4143,"items_purged":["Dagger Spray"],"score":1811,"play_id":"fb930686-b330-4f4f-9582-1022d7b6275d","local_time":"20181028033859","is_ascension_mode":true,"campfire_choices":[{"data":"Footwork","floor":6,"key":"SMITH"},{"floor":8,"key":"REST"},{"floor":12,"key":"REST"},{"data":"Deadly Poison","floor":15,"key":"SMITH"},{"data":"Footwork","floor":23,"key":"SMITH"},{"data":"Malaise","floor":28,"key":"SMITH"},{"data":"Deadly Poison","floor":32,"key":"SMITH"},{"data":"Discovery","floor":40,"key":"SMITH"},{"data":"After Image","floor":42,"key":"SMITH"},{"data":"Neutralize","floor":47,"key":"SMITH"},{"data":"Malaise","floor":49,"key":"SMITH"}],"neow_cost":"NONE","seed_source_timestamp":753748384957100,"circlet_count":0,"master_deck":["Defend_G","Defend_G+1","Defend_G","Defend_G+1","Defend_G","Survivor","Neutralize+1","AscendersBane","Footwork+1","Footwork+1","Leg Sweep","Poisoned Stab","Deadly Poison+1","Malaise+1","Deflect","Bite","Bite","Bite","Bite","Bite","PiercingWail","Calculated Gamble","Concentrate+1","Dodge and Roll","Deadly Poison+1","After Image+1","PiercingWail","Master of Strategy","Purity","Discovery+1","Cloak And Dagger","PiercingWail","Malaise+1"],"special_seed":0,"relics":["Black Star","Whetstone","Happy Flower","Omamori","Membership Card","Runic Pyramid","TwistedFunnel","WarpedTongs","MawBank","PreservedInsect","Orichalcum","Pen Nib","Bag of Preparation","Cursed Key","Lantern","Oddly Smooth Stone","The Courier","Mercury Hourglass"],"potions_floor_usage":[10,10,16,51,51,51],"damage_taken":[{"damage":0,"enemies":"2 Louse","floor":1,"turns":5},{"damage":0,"enemies":"Small Slimes","floor":5,"turns":4},{"damage":4,"enemies":"Jaw Worm","floor":7,"turns":4},{"damage":30,"enemies":"Gremlin Nob","floor":10,"turns":5},{"damage":6,"enemies":"2 Fungi Beasts","floor":13,"turns":4},{"damage":0,"enemies":"Large Slime","floor":14,"turns":8},{"damage":10,"enemies":"Hexaghost","floor":16,"turns":11},{"damage":1,"enemies":"Chosen","floor":18,"turns":7},{"damage":9,"enemies":"2 Thieves","floor":24,"turns":5},{"damage":17,"enemies":"Book of Stabbing","floor":25,"turns":8},{"damage":22,"enemies":"Gremlin Leader","floor":27,"turns":8},{"damage":1,"enemies":"Snake Plant","floor":29,"turns":4},{"damage":0,"enemies":"Sentry and Sphere","floor":30,"turns":8},{"damage":0,"enemies":"Snecko","floor":31,"turns":10},{"damage":3,"enemies":"Automaton","floor":33,"turns":15},{"damage":10,"enemies":"3 Shapes","floor":35,"turns":3},{"damage":0,"enemies":"Nemesis","floor":44,"turns":11},{"damage":0,"enemies":"Orb Walker","floor":45,"turns":5},{"damage":26,"enemies":"Spire Growth","floor":46,"turns":6},{"damage":0,"enemies":"3 Darklings","floor":48,"turns":6},{"damage":11,"enemies":"Awakened One","floor":50,"turns":32},{"damage":2,"enemies":"Time Eater","floor":51,"turns":22}],"seed_played":"8528799341971181249","potions_obtained":[{"floor":5,"key":"Swift Potion"},{"floor":7,"key":"Swift Potion"},{"floor":14,"key":"AttackPotion"},{"floor":25,"key":"GamblersBrew"},{"floor":29,"key":"Ancient Potion"},{"floor":30,"key":"AttackPotion"},{"floor":44,"key":"EntropicBrew"}],"is_trial":false,"path_per_floor":["M","?","?","?","M","R","M","R","T","E","$","R","M","M","R","B",null,"M","?","$","?","?","R","M","E","T","E","R","M","M","M","R","B",null,"M","?","?","$","?","R","?","R","T","E","M","M","R","M","R","B","B"],"character_chosen":"THE_SILENT","items_purchased":["Membership Card","Leg Sweep","TwistedFunnel","PiercingWail","Lantern","Discovery"],"campfire_rested":2,"item_purchase_floors":[11,11,20,20,38,38],"current_hp_per_floor":[59,52,32,21,21,21,17,36,36,6,6,25,19,19,19,9,52,51,46,46,46,46,46,46,42,42,38,38,46,46,46,46,46,46,46,36,36,36,36,36,36,36,36,46,46,36,36,46,46,46,46],"gold":338,"neow_bonus":"BOSS_RELIC","is_prod":false,"is_daily":false,"chose_seed":false,"campfire_upgraded":9,"win_rate":0,"timestamp":1540712339,"path_taken":["M","?","?","?","M","R","?","R","T","E","$","R","M","M","R","BOSS","M","?","$","?","?","R","M","E","T","E","R","M","?","M","R","BOSS","M","?","?","$","?","R","?","R","T","E","M","M","R","M","R","BOSS","BOSS"],"build_version":"2018-10-19","purchased_purges":1,"victory":true,"max_hp_per_floor":[66,66,66,66,66,66,66,66,66,66,66,66,66,66,66,66,66,66,46,46,46,46,46,46,46,46,46,46,46,46,46,46,46,46,46,46,46,46,46,46,46,46,46,46,46,46,46,46,46,46,46],"card_choices":[{"not_picked":["Dagger Spray","Well Laid Plans"],"picked":"Footwork","floor":1},{"not_picked":["Deflect","Riddle With Holes"],"picked":"Masterful Stab","floor":5},{"not_picked":["Backflip","Poisoned Stab"],"picked":"Footwork","floor":7},{"not_picked":["Tactician","Endless Agony"],"picked":"Dagger Spray","floor":10},{"not_picked":["Prepared","Dodge and Roll"],"picked":"Poisoned Stab","floor":13},{"not_picked":["Doppelganger","Deflect"],"picked":"Deadly Poison","floor":14},{"not_picked":["Bullet Time","Grand Finale"],"picked":"Malaise","floor":16},{"not_picked":["Choke","Heel Hook"],"picked":"Deflect","floor":18},{"not_picked":["Dagger Throw","Flying Knee"],"picked":"Calculated Gamble","floor":24},{"not_picked":["Dagger Spray","Dodge and Roll"],"picked":"Concentrate+1","floor":25},{"not_picked":["Expertise","Choke","Accuracy"],"picked":"SKIP","floor":27},{"not_picked":["Underhanded Strike","Bane"],"picked":"Dodge and Roll","floor":29},{"not_picked":["Endless Agony","Calculated Gamble"],"picked":"Deadly Poison","floor":30},{"not_picked":["Acrobatics","Poisoned Stab"],"picked":"Dagger Spray","floor":31},{"not_picked":["Unload","Venomology"],"picked":"After Image","floor":33},{"not_picked":["Deflect","Underhanded Strike+1"],"picked":"PiercingWail","floor":35},{"not_picked":["Enlightenment","Thinking Ahead"],"picked":"Master of Strategy","floor":36},{"not_picked":["Flash of Steel","Bandage Up"],"picked":"Purity","floor":36},{"not_picked":["Sucker Punch","Flying Knee","Blade Dance+1"],"picked":"SKIP","floor":44},{"not_picked":["Quick Slash","Slice"],"picked":"Cloak And Dagger","floor":45},{"not_picked":["Slice","Bane"],"picked":"PiercingWail","floor":46},{"not_picked":["Acrobatics","Sucker Punch"],"picked":"Malaise","floor":48}],"player_experience":1532478,"relics_obtained":[{"floor":9,"key":"Whetstone"},{"floor":10,"key":"Happy Flower"},{"floor":10,"key":"Omamori"},{"floor":25,"key":"MawBank"},{"floor":25,"key":"PreservedInsect"},{"floor":26,"key":"Orichalcum"},{"floor":27,"key":"Pen Nib"},{"floor":27,"key":"Bag of Preparation"},{"floor":43,"key":"Oddly Smooth Stone"},{"floor":44,"key":"The Courier"},{"floor":44,"key":"Mercury Hourglass"}],"event_choices":[{"cards_removed":["Strike_G"],"damage_healed":0,"gold_gain":0,"player_choice":"Card Removal","damage_taken":7,"max_hp_gain":0,"max_hp_loss":0,"event_name":"Golden Wing","floor":2,"gold_loss":0},{"damage_healed":0,"gold_gain":0,"player_choice":"Entered Light","damage_taken":20,"max_hp_gain":0,"max_hp_loss":0,"event_name":"Shining Light","floor":3,"gold_loss":0,"cards_upgraded":["Defend_G","Defend_G"]},{"damage_healed":0,"gold_gain":75,"player_choice":"Gather Gold","damage_taken":11,"max_hp_gain":0,"max_hp_loss":0,"event_name":"World of Goop","floor":4,"gold_loss":0},{"damage_healed":0,"gold_gain":0,"player_choice":"Became a vampire","damage_taken":0,"max_hp_gain":0,"max_hp_loss":20,"event_name":"Vampires","floor":19,"gold_loss":0,"cards_obtained":["Bite","Bite","Bite","Bite","Bite"]},{"damage_healed":0,"gold_gain":0,"player_choice":"Rummage","damage_taken":0,"relics_obtained":["WarpedTongs"],"max_hp_gain":0,"max_hp_loss":0,"event_name":"Accursed Blacksmith","floor":21,"gold_loss":0,"cards_obtained":["Pain"]},{"damage_healed":0,"gold_gain":0,"player_choice":"Ignored","damage_taken":0,"max_hp_gain":0,"max_hp_loss":0,"event_name":"Beggar","floor":22,"gold_loss":0},{"damage_healed":0,"gold_gain":0,"player_choice":"Memory 3","damage_taken":10,"max_hp_gain":0,"max_hp_loss":0,"event_name":"SensoryStone","floor":36,"gold_loss":0},{"cards_removed":["Masterful Stab"],"damage_healed":0,"gold_gain":0,"player_choice":"Removed Attack","damage_taken":0,"max_hp_gain":0,"max_hp_loss":0,"event_name":"Falling","floor":37,"gold_loss":0},{"cards_removed":["Dagger Spray"],"damage_healed":0,"gold_gain":0,"player_choice":"Purged","damage_taken":0,"max_hp_gain":0,"max_hp_loss":0,"event_name":"Purifier","floor":39,"gold_loss":0},{"damage_healed":0,"gold_gain":0,"player_choice":"Ignored","damage_taken":0,"max_hp_gain":0,"max_hp_loss":0,"event_name":"Mysterious Sphere","floor":41,"gold_loss":0}],"is_beta":true,"boss_relics":[{"not_picked":["Ectoplasm","WristBlade"],"picked":"Runic Pyramid"},{"not_picked":["Pandora\u0027s Box","Eternal Feather"],"picked":"Cursed Key"}],"items_purged_floors":[38],"is_endless":false,"potions_floor_spawned":[5,7,14,25,29,30,31,44,45],"ascension_level":20}