{"gold_per_floor":[110,110,35,35,49,82,82,106,106,147,147,147],"floor_reached":12,"playtime":511,"items_purged":["Strike_B"],"score":111,"play_id":"5fb567c0-8087-441a-8b99-b8bb4eeb3ca1","local_time":"20180819001923","is_ascension_mode":false,"campfire_choices":[{"floor":7,"key":"REST"},{"data":"Consume","floor":11,"key":"SMITH"}],"neow_cost":"","seed_source_timestamp":10894800692511,"circlet_count":0,"master_deck":["Strike_B","Strike_B","Strike_B","Defend_B","Defend_B","Defend_B","Defend_B","Zap","Dualcast","White Noise","Consume+1","Turbo","Creative AI","Ball Lightning"],"relics":["Cracked Core","Golden Idol","Ginger","Emotion Chip","Thread and Needle","Bag of Marbles"],"potions_floor_usage":[],"damage_taken":[{"damage":0,"enemies":"2 Louse","floor":1,"turns":2},{"damage":4,"enemies":"Jaw Worm","floor":5,"turns":4},{"damage":34,"enemies":"Gremlin Nob","floor":6,"turns":4},{"damage":1,"enemies":"Cultist","floor":8,"turns":3},{"damage":0,"enemies":"Lagavulin","floor":10,"turns":7},{"damage":22,"enemies":"Gremlin Gang","floor":12,"turns":1}],"seed_played":"-4141726047753014057","potions_obtained":[{"floor":1,"key":"PowerPotion"},{"floor":5,"key":"FocusPotion"},{"floor":8,"key":"SteroidPotion"}],"is_trial":false,"path_per_floor":["M","?","$","?","M","E","R","M","T","E","R"],"character_chosen":"DEFECT","items_purchased":[],"campfire_rested":1,"item_purchase_floors":[],"current_hp_per_floor":[75,57,57,39,35,1,23,22,22,22,22,0],"gold":147,"neow_bonus":"","is_prod":false,"is_daily":false,"chose_seed":false,"campfire_upgraded":1,"win_rate":0,"timestamp":1534605563,"path_taken":["M","?","$","?","?","E","R","?","T","E","R","M"],"build_version":"2018-08-16","purchased_purges":1,"victory":false,"max_hp_per_floor":[75,75,75,75,75,75,75,75,75,75,75,75],"card_choices":[{"not_picked":["Conserve Battery","Turbo"],"picked":"White Noise","floor":1},{"not_picked":["Force Field","Storm"],"picked":"Consume","floor":5},{"not_picked":["Sweeping Beam","Barrage"],"picked":"Turbo","floor":6},{"not_picked":["Gash","Heatsinks"],"picked":"Creative AI","floor":8},{"not_picked":["FTL","Stack"],"picked":"Ball Lightning","floor":10}],"player_experience":341807,"relics_obtained":[{"floor":6,"key":"Emotion Chip"},{"floor":9,"key":"Thread and Needle"},{"floor":10,"key":"Bag of Marbles"}],"event_choices":[{"event_name":"Golden Idol","player_choice":"Take Damage","floor":2,"damage_taken":0},{"event_name":"Scrap Ooze","player_choice":"success","floor":4,"damage_taken":18}],"is_beta":true,"boss_relics":[],"items_purged_floors":[3],"is_endless":false,"potions_floor_spawned":[1,5,8],"killed_by":"Gremlin Gang","ascension_level":0}