{"gold_per_floor":[114,129,54,229,244,244,103,118,198,273,273,273,288,318,318,418,418,433,433,433,448,98,98,128,128,203,218,218,18,33,33,33,133,133,148,148,148,0,0,30,45,45,95,110,110,110,125,140,140,140],"floor_reached":51,"playtime":7897,"items_purged":["Beam Cell","Doubt"],"score":743,"play_id":"55534240-f3bb-4114-9937-6c1098248028","local_time":"20181101192335","daily_mods":["Insanity","Green Cards","Binary"],"is_ascension_mode":false,"campfire_choices":[{"data":"Defragment","floor":6.0,"key":"SMITH"},{"floor":12.0,"key":"REST"},{"data":"Fission","floor":15.0,"key":"SMITH"},{"floor":23.0,"key":"REST"},{"floor":25.0,"key":"REST"},{"floor":28.0,"key":"REST"},{"floor":32.0,"key":"REST"},{"floor":42.0,"key":"REST"},{"floor":45.0,"key":"REST"},{"floor":49,"key":"REST"}],"neow_cost":"","seed_source_timestamp":0,"circlet_count":0,"master_deck":["Defend_B","Self Repair","Glacier","Dualcast","Creative AI","Storm","Doom and Gloom","Steam Power","Leap","Capacitor","Steam Power","Hello World","Self Repair","Sweeping Beam","Auto Shields","Genetic Algorithm","Conserve Battery+1","Self Repair","Creative AI","Rebound","Skim","Redo","Go for the Eyes","Steam","BootSequence","Fission+1","Meteor Strike","Redo","Conserve Battery","Chill","Chaos","Scrape","White Noise","Fusion","Echo Form","Defragment+1","Sweeping Beam+1","Gash","Consume","Dualcast","Hologram","Double Energy","White Noise","Loop","Machine Learning","Ball Lightning","Compile Driver","Seek","Scrape","Undo","A Thousand Cuts","Defragment","Echo Form","FTL","Backflip","Machine Learning+1","Writhe","Coolheaded+1","Self Repair+1"],"special_seed":17836,"relics":["Cracked Core","Tiny Chest","Juzu Bracelet","Fusion Hammer","Enchiridion","Dodecahedron","Frozen Egg 2","Blue Candle","ClockworkSouvenir","Velvet Choker","Red Mask","Kunai","Smiling Mask","Question Card"],"potions_floor_usage":[50,50],"damage_taken":[{"damage":0.0,"enemies":"2 Louse","floor":1.0,"turns":2.0},{"damage":0.0,"enemies":"Jaw Worm","floor":2.0,"turns":3.0},{"damage":0.0,"enemies":"Small Slimes","floor":5.0,"turns":5.0},{"damage":0.0,"enemies":"3 Louse","floor":8.0,"turns":2.0},{"damage":9.0,"enemies":"Exordium Thugs","floor":13.0,"turns":5.0},{"damage":2.0,"enemies":"Lagavulin","floor":14.0,"turns":9.0},{"damage":24.0,"enemies":"Slime Boss","floor":16.0,"turns":6.0},{"damage":0.0,"enemies":"2 Thieves","floor":18.0,"turns":3.0},{"damage":11.0,"enemies":"Shell Parasite","floor":21.0,"turns":9.0},{"damage":20.0,"enemies":"Book of Stabbing","floor":24.0,"turns":5.0},{"damage":31.0,"enemies":"3 Cultists","floor":27.0,"turns":7.0},{"damage":10.0,"enemies":"Centurion and Healer","floor":30.0,"turns":6.0},{"damage":12.0,"enemies":"Champ","floor":33.0,"turns":11.0},{"damage":44.0,"enemies":"3 Darklings","floor":35.0,"turns":6.0},{"damage":45.0,"enemies":"Giant Head","floor":40.0,"turns":8.0},{"damage":4.0,"enemies":"Orb Walker","floor":41.0,"turns":5.0},{"damage":17.0,"enemies":"Sphere and 2 Shapes","floor":44.0,"turns":7.0},{"damage":3.0,"enemies":"Maw","floor":47.0,"turns":10.0},{"damage":28.0,"enemies":"4 Shapes","floor":48.0,"turns":4.0},{"damage":46,"enemies":"Donu and Deca","floor":50,"turns":12}],"seed_played":"-6556574286054618038","potions_obtained":[{"floor":2.0,"key":"EssenceOfSteel"},{"floor":5.0,"key":"Dexterity Potion"},{"floor":14.0,"key":"SpeedPotion"},{"floor":19.0,"key":"EssenceOfSteel"},{"floor":19.0,"key":"Regen Potion"},{"floor":19.0,"key":"PowerPotion"},{"floor":24.0,"key":"SteroidPotion"},{"floor":41.0,"key":"LiquidBronze"},{"floor":47.0,"key":"LiquidBronze"},{"floor":48.0,"key":"Energy Potion"}],"is_trial":false,"path_per_floor":["M","M","$","?","M","R","$","M","T","?","?","R","M","E","R","B",null,"M","?","?","M","$","R","E","R","T","M","R","$","M","$","R","B",null,"M","?","?","?","$","E","M","R","T","M","R","T","M","M","R","B"],"character_chosen":"DEFECT","items_purchased":["A Thousand Cuts","Dodecahedron","ClockworkSouvenir"],"campfire_rested":8,"item_purchase_floors":[7,22,29],"current_hp_per_floor":[75,75,75,75,75,75,75,75,75,64,49,71,75,75,75,58,75,75,75,59,75,75,75,62,75,75,44,66,66,70,70,75,75,75,31,31,50,50,50,19,29,51,51,48,70,70,75,61,75,29],"gold":140,"neow_bonus":"","is_prod":false,"is_daily":true,"chose_seed":false,"campfire_upgraded":2,"win_rate":0,"timestamp":1541114615,"path_taken":["M","M","$","?","M","R","$","M","T","?","?","R","M","E","R","BOSS","M","?","?","M","$","R","E","R","T","M","R","$","M","$","R","BOSS","M","?","?","?","?","E","M","R","T","M","R","?","M","M","R","BOSS"],"build_version":"2018-10-25v2","purchased_purges":2,"victory":true,"max_hp_per_floor":[75,75,75,75,75,75,75,75,75,75,75,75,75,75,75,75,75,75,75,75,75,75,75,75,75,75,75,75,75,75,75,75,75,75,75,75,75,75,75,75,75,75,75,75,75,75,75,75,75,75],"card_choices":[{"not_picked":["Steam Power"],"picked":"Scrape","floor":1.0},{"not_picked":["Storm"],"picked":"Undo","floor":2.0},{"not_picked":["Deflect","Skim"],"picked":"SKIP","floor":5.0},{"not_picked":["Slice","Genetic Algorithm"],"picked":"SKIP","floor":8.0},{"not_picked":["Outmaneuver","Choke"],"picked":"SKIP","floor":13.0},{"not_picked":["Well Laid Plans"],"picked":"Defragment","floor":14.0},{"not_picked":["Die Die Die"],"picked":"Echo Form","floor":16.0},{"not_picked":["Reprogram"],"picked":"FTL","floor":18.0},{"not_picked":["Deflect"],"picked":"Backflip","floor":21.0},{"not_picked":["Flechettes"],"picked":"Machine Learning","floor":24.0},{"not_picked":["Tempest","Quick Slash+1"],"picked":"SKIP","floor":27.0},{"not_picked":["Blade Dance","Sucker Punch"],"picked":"SKIP","floor":30.0},{"not_picked":["Turbo","Steam Power+1"],"picked":"SKIP","floor":35.0},{"not_picked":["Cloak And Dagger"],"picked":"Coolheaded+1","floor":40.0},{"not_picked":["Cold Snap","Blade Dance"],"picked":"SKIP","floor":41.0},{"not_picked":["Endless Agony","Beam Cell"],"picked":"SKIP","floor":44.0},{"not_picked":["Infinite Blades+1","Tools of the Trade+1"],"picked":"Self Repair+1","floor":47.0},{"not_picked":["Tempest","Infinite Blades+1","Stack"],"picked":"SKIP","floor":48.0}],"player_experience":435487,"relics_obtained":[{"floor":9.0,"key":"Tiny Chest"},{"floor":14.0,"key":"Juzu Bracelet"},{"floor":20.0,"key":"Enchiridion"},{"floor":24.0,"key":"Frozen Egg 2"},{"floor":26.0,"key":"Blue Candle"},{"floor":40.0,"key":"Kunai"},{"floor":43.0,"key":"Smiling Mask"},{"floor":46.0,"key":"Question Card"}],"event_choices":[{"damage_healed":0.0,"max_hp_gain":0.0,"max_hp_loss":0.0,"gold_gain":175.0,"event_name":"Liars Game","player_choice":"AGREE","floor":4.0,"gold_loss":0.0,"damage_taken":0.0,"cards_obtained":["Doubt"]},{"damage_healed":0.0,"max_hp_gain":0.0,"max_hp_loss":0.0,"gold_gain":75.0,"event_name":"World of Goop","player_choice":"Gather Gold","floor":10.0,"gold_loss":0.0,"damage_taken":11.0},{"damage_healed":0.0,"max_hp_gain":0.0,"max_hp_loss":0.0,"gold_gain":0.0,"event_name":"Shining Light","player_choice":"Entered Light","floor":11.0,"gold_loss":0.0,"damage_taken":15.0,"cards_upgraded":["Sweeping Beam","Conserve Battery"]},{"damage_healed":0.0,"max_hp_gain":0.0,"max_hp_loss":0.0,"gold_gain":0.0,"event_name":"The Lab","player_choice":"Got Potions","floor":19.0,"gold_loss":0.0,"damage_taken":0.0},{"damage_healed":0.0,"max_hp_gain":0.0,"max_hp_loss":0.0,"gold_gain":0.0,"event_name":"Cursed Tome","player_choice":"Obtained Book","floor":20.0,"gold_loss":0.0,"damage_taken":16.0},{"cards_removed":["Rip and Tear"],"damage_healed":0.0,"max_hp_gain":0.0,"max_hp_loss":0.0,"gold_gain":0.0,"event_name":"Falling","player_choice":"Removed Attack","floor":36.0,"gold_loss":0.0,"damage_taken":0.0},{"damage_healed":19.0,"max_hp_gain":0.0,"max_hp_loss":0.0,"gold_gain":0.0,"event_name":"Winding Halls","player_choice":"Writhe","floor":37.0,"gold_loss":0.0,"damage_taken":0.0,"cards_obtained":["Writhe"]},{"damage_healed":0.0,"max_hp_gain":0.0,"max_hp_loss":0.0,"gold_gain":0.0,"event_name":"Tomb of Lord Red Mask","player_choice":"Paid","floor":38.0,"gold_loss":148.0,"damage_taken":0.0,"relics_obtained":["Red Mask"]}],"is_beta":false,"boss_relics":[{"not_picked":["Lizard Tail","Tiny House"],"picked":"Fusion Hammer"},{"not_picked":["Runic Pyramid","Astrolabe"],"picked":"Velvet Choker"}],"items_purged_floors":[3,22],"is_endless":false,"potions_floor_spawned":[2,5,14,24,41,47,48],"ascension_level":0}