{"gold_per_floor":[110,110,126,138,38,38,67,67,67,67,67,41,74,98,98,188,188,213,133],"floor_reached":19,"playtime":772,"items_purged":[],"score":350,"play_id":"4585e996-e491-4541-8654-7d55ed22491a","local_time":"20181205032841","is_ascension_mode":true,"campfire_choices":[{"data":"Noxious Fumes","floor":6,"key":"SMITH"},{"data":"Neutralize","floor":8,"key":"SMITH"},{"floor":10,"key":"REST"},{"data":"Backflip","floor":15,"key":"SMITH"}],"neow_cost":"NONE","seed_source_timestamp":255994738977700,"circlet_count":0,"master_deck":["AscendersBane","Defend_G","Defend_G","Defend_G","Defend_G","Strike_G","Strike_G","Strike_G","Strike_G","Strike_G","Survivor","Neutralize+1","All Out Attack","Slice","Noxious Fumes+1","Dagger Throw","Poisoned Stab+1","Escape Plan","Backflip+1","A Thousand Cuts"],"relics":["WristBlade","Tingsha","Molten Egg 2","Golden Idol","Dodecahedron","Snecko Eye"],"potions_floor_usage":[7,16],"damage_taken":[{"damage":0,"enemies":"Jaw Worm","floor":1,"turns":4},{"damage":3,"enemies":"Cultist","floor":3,"turns":5},{"damage":0,"enemies":"2 Louse","floor":4,"turns":3},{"damage":40,"enemies":"3 Sentries","floor":7,"turns":8},{"damage":20,"enemies":"Lagavulin","floor":13,"turns":7},{"damage":0,"enemies":"Large Slime","floor":14,"turns":4},{"damage":28,"enemies":"Hexaghost","floor":16,"turns":9},{"damage":27,"enemies":"Shell Parasite","floor":18,"turns":4},{"damage":26,"enemies":"2 Thieves","floor":19,"turns":2}],"seed_played":"-4636230135542491266","potions_obtained":[{"floor":3,"key":"Regen Potion"},{"floor":4,"key":"LiquidBronze"},{"floor":13,"key":"Poison Potion"}],"is_trial":false,"path_per_floor":["M","?","M","M","$","R","E","R","T","R","?","$","E","M","R","B",null,"M","M"],"character_chosen":"THE_SILENT","items_purchased":["Noxious Fumes","Dagger Throw","Poisoned Stab+1"],"campfire_rested":1,"item_purchase_floors":[5,5,12],"current_hp_per_floor":[59,59,56,56,56,56,31,31,31,50,50,50,30,30,30,2,46,19,0],"gold":133,"neow_bonus":"BOSS_RELIC","is_prod":false,"is_daily":false,"chose_seed":false,"campfire_upgraded":3,"win_rate":0,"timestamp":1543998521,"path_taken":["M","?","?","M","$","R","E","R","T","R","?","?","E","M","R","BOSS","M","?"],"build_version":"2018-11-15","purchased_purges":0,"victory":false,"max_hp_per_floor":[66,66,66,66,66,66,66,66,66,66,60,60,60,60,60,60,60,60,60],"card_choices":[{"not_picked":["Prepared","Deflect","Concentrate"],"picked":"SKIP","floor":1},{"not_picked":["Dodge and Roll","Bane"],"picked":"All Out Attack","floor":3},{"not_picked":["Accuracy","Heel Hook"],"picked":"Slice","floor":4},{"not_picked":["Dagger Throw","Distraction","Quick Slash"],"picked":"SKIP","floor":7},{"not_picked":["Bouncing Flask","Flying Knee+1"],"picked":"Escape Plan","floor":13},{"not_picked":["Prepared","Acrobatics"],"picked":"Backflip","floor":14},{"not_picked":["Grand Finale+1","Storm of Steel"],"picked":"A Thousand Cuts","floor":16},{"not_picked":["Outmaneuver","Reflex","Deflect"],"picked":"SKIP","floor":18}],"player_experience":1759380,"relics_obtained":[{"floor":7,"key":"Tingsha"},{"floor":9,"key":"Molten Egg 2"},{"floor":13,"key":"Dodecahedron"}],"event_choices":[{"cards_removed":["Defend_G"],"damage_healed":0,"gold_gain":0,"player_choice":"Offered Basic","damage_taken":0,"max_hp_gain":0,"max_hp_loss":0,"event_name":"Bonfire Elementals","floor":2,"gold_loss":0},{"damage_healed":0,"gold_gain":0,"player_choice":"Lose Max HP","damage_taken":0,"relics_obtained":["Golden Idol"],"max_hp_gain":0,"max_hp_loss":6,"event_name":"Golden Idol","floor":11,"gold_loss":0}],"is_beta":true,"boss_relics":[{"not_picked":["Busted Crown","Lizard Tail"],"picked":"Snecko Eye"}],"items_purged_floors":[],"is_endless":false,"potions_floor_spawned":[3,4,13],"killed_by":"2 Thieves","ascension_level":20}