{"gold_per_floor":[109,121,140,140,153,188,188,203,203,232,5,5,52,65,65,142,142,155,204,204,217,56,56,87,107,175,175],"floor_reached":27,"playtime":810,"items_purged":["Strike_B"],"score":462,"play_id":"cbe12d44-a90c-4e4b-96f9-c117f97a84c1","local_time":"20181230004048","is_ascension_mode":true,"campfire_choices":[{"data":"Go for the Eyes","floor":7,"key":"SMITH"},{"floor":15,"key":"REST"},{"floor":23,"key":"REST"}],"neow_cost":"NONE","seed_source_timestamp":197445856841776,"circlet_count":0,"master_deck":["AscendersBane","Strike_B","Strike_B","Strike_B","Defend_B","Defend_B","Defend_B+1","Defend_B","Zap+1","Dualcast","Go for the Eyes","Coolheaded","Cold Snap","Go for the Eyes+1","Gash","Gash+1","Gash+1","Steam Power","Buffer","Rebound+1","FTL+1","Beam Cell+1","Gash+1"],"relics":["Cracked Core","NeowsBlessing","Mummified Hand","Molten Egg 2","Orichalcum","Tiny Chest","PreservedInsect","Sozu","Vajra","Regal Pillow","Bird Faced Urn","Toxic Egg 2"],"potions_floor_usage":[10,10,16],"damage_taken":[{"damage":0,"enemies":"Cultist","floor":1,"turns":1},{"damage":0,"enemies":"Small Slimes","floor":2,"turns":1},{"damage":0,"enemies":"Jaw Worm","floor":3,"turns":1},{"damage":7,"enemies":"Exordium Thugs","floor":5,"turns":4},{"damage":19,"enemies":"Gremlin Nob","floor":6,"turns":5},{"damage":0,"enemies":"Large Slime","floor":8,"turns":5},{"damage":6,"enemies":"Lagavulin","floor":10,"turns":9},{"damage":6,"enemies":"Blue Slaver","floor":14,"turns":3},{"damage":27,"enemies":"The Guardian","floor":16,"turns":11},{"damage":11,"enemies":"Spheric Guardian","floor":18,"turns":4},{"damage":13,"enemies":"Colosseum Slavers","floor":20,"turns":4},{"damage":20,"enemies":"2 Thieves","floor":21,"turns":4},{"damage":20,"enemies":"Book of Stabbing","floor":24,"turns":4},{"damage":18,"enemies":"Snake Plant","floor":25,"turns":4},{"damage":18,"enemies":"Centurion and Healer","floor":27,"turns":2}],"seed_played":"-5174318955691672121","potions_obtained":[{"floor":2,"key":"EssenceOfSteel"},{"floor":5,"key":"GamblersBrew"},{"floor":8,"key":"Regen Potion"},{"floor":14,"key":"SkillPotion"}],"is_trial":false,"path_per_floor":["M","M","M","$","M","E","R","M","T","E","$","?","T","M","R","B",null,"M","T","?","M","$","R","E","M","T","M"],"character_chosen":"DEFECT","items_purchased":["Gash+1","Tiny Chest","Regal Pillow"],"campfire_rested":2,"item_purchase_floors":[11,11,22],"current_hp_per_floor":[64,64,64,64,57,38,38,38,38,47,47,26,26,20,41,14,57,46,46,33,13,13,49,29,13,13,0],"gold":175,"neow_bonus":"THREE_ENEMY_KILL","is_prod":false,"is_daily":false,"chose_seed":false,"campfire_upgraded":1,"win_rate":0,"timestamp":1546148448,"path_taken":["M","M","?","?","M","E","R","M","T","E","$","?","?","M","R","BOSS","M","?","?","M","$","R","E","M","T","M"],"build_version":"2018-12-20","purchased_purges":1,"victory":false,"max_hp_per_floor":[71,71,71,71,71,71,71,71,71,71,71,71,71,71,71,71,71,71,71,71,71,71,71,71,71,71,71],"card_choices":[{"not_picked":["Hologram","Compile Driver"],"picked":"Go for the Eyes","floor":1},{"not_picked":["Rebound","Steam Power"],"picked":"Coolheaded","floor":2},{"not_picked":["Ball Lightning","White Noise"],"picked":"Cold Snap","floor":3},{"not_picked":["Coolheaded","Beam Cell"],"picked":"Go for the Eyes","floor":5},{"not_picked":["Core Surge","Sweeping Beam"],"picked":"Gash","floor":6},{"not_picked":["Rebound","Reprogram","Compile Driver"],"picked":"SKIP","floor":8},{"not_picked":["Redo","Consume"],"picked":"Gash+1","floor":10},{"not_picked":["Glacier","Compile Driver+1"],"picked":"Steam Power","floor":14},{"not_picked":["Rainbow","Meteor Strike+1"],"picked":"Buffer","floor":16},{"not_picked":["Barrage+1","Conserve Battery"],"picked":"Rebound+1","floor":18},{"not_picked":["Sweeping Beam+1","Auto Shields"],"picked":"FTL+1","floor":21},{"not_picked":["Meteor Strike+1","Loop"],"picked":"Beam Cell+1","floor":24},{"not_picked":["Double Energy","Doom and Gloom+1"],"picked":"Gash+1","floor":25}],"player_experience":443712,"relics_obtained":[{"floor":6,"key":"Mummified Hand"},{"floor":9,"key":"Molten Egg 2"},{"floor":10,"key":"Orichalcum"},{"floor":13,"key":"PreservedInsect"},{"floor":19,"key":"Vajra"},{"floor":24,"key":"Bird Faced Urn"},{"floor":26,"key":"Toxic Egg 2"}],"event_choices":[{"damage_healed":0,"gold_gain":0,"player_choice":"Entered Light","damage_taken":21,"max_hp_gain":0,"max_hp_loss":0,"event_name":"Shining Light","floor":12,"gold_loss":0,"cards_upgraded":["Zap","Defend_B"]},{"damage_healed":0,"gold_gain":0,"player_choice":"Fight","damage_taken":0,"max_hp_gain":0,"max_hp_loss":0,"event_name":"Colosseum","floor":20,"gold_loss":0},{"damage_healed":0,"gold_gain":0,"player_choice":"Fled From Nobs","damage_taken":0,"max_hp_gain":0,"max_hp_loss":0,"event_name":"Colosseum","floor":20,"gold_loss":0}],"is_beta":false,"boss_relics":[{"not_picked":["Philosopher\u0027s Stone","Busted Crown"],"picked":"Sozu"}],"items_purged_floors":[11],"is_endless":false,"potions_floor_spawned":[2,5,6,8,14,21,25],"killed_by":"Centurion and Healer","ascension_level":16}