{"gold_per_floor":[360,134,134,152,171,502,502,513,586,598,612,612,577,652,652,757,807,818,872,886,629,647,647,672,672,672,691,286,300,331,341,341,437,437,448,466,466,388,368,368,395,395,395,413,442,138,148,174,174,174],"floor_reached":51,"playtime":4723,"items_purged":["Strike_B","Strike_B"],"score":944,"play_id":"19c524d2-90ab-4100-a879-0ae19aa682f0","local_time":"20190123215536","is_ascension_mode":true,"campfire_choices":[{"data":"Doom and Gloom","floor":7,"key":"SMITH"},{"floor":12,"key":"REST"},{"data":"Zap","floor":15,"key":"SMITH"},{"data":"White Noise","floor":23,"key":"SMITH"},{"floor":32,"key":"REST"},{"data":"Defragment","floor":40,"key":"SMITH"},{"data":"Buffer","floor":42,"key":"SMITH"},{"floor":49,"key":"REST"}],"neow_cost":"PERCENT_DAMAGE","seed_source_timestamp":505730936681146,"circlet_count":0,"master_deck":["Strike_B","Defend_B+1","Defend_B","Defend_B","Defend_B","Zap+1","Dualcast","Leap","Rebound","Streamline","Cold Snap","Doom and Gloom+1","White Noise+1","Creative AI","Glacier","Core Surge","Barrage","Conserve Battery","Ball Lightning","White Noise","Lockon","Trip","Leap","Capacitor","Conserve Battery","Consume+1","Turbo","Buffer+1","White Noise","Hologram+1","Dark Shackles","Enlightenment","Thinking Ahead","Defragment+1","Force Field+1","Redo+1","Leap+1","Stack+1","Capacitor"],"relics":["Cracked Core","MealTicket","Old Coin","Letter Opener","Tiny House","Bag of Preparation","Bronze Scales","Vajra","Gremlin Horn","Lee\u0027s Waffle","Ancient Tea Set","Sozu","Cables","Blue Candle","Pantograph","Emotion Chip","Happy Flower"],"potions_floor_usage":[6,6,20,30,31,33,45],"damage_taken":[{"damage":4,"enemies":"Small Slimes","floor":1,"turns":3},{"damage":2,"enemies":"Cultist","floor":4,"turns":4},{"damage":1,"enemies":"2 Louse","floor":5,"turns":2},{"damage":24,"enemies":"Gremlin Nob","floor":6,"turns":4},{"damage":0,"enemies":"2 Fungi Beasts","floor":8,"turns":2},{"damage":7,"enemies":"Red Slaver","floor":10,"turns":3},{"damage":1,"enemies":"Blue Slaver","floor":11,"turns":3},{"damage":30,"enemies":"Slime Boss","floor":16,"turns":10},{"damage":4,"enemies":"Chosen","floor":18,"turns":5},{"damage":2,"enemies":"Spheric Guardian","floor":20,"turns":4},{"damage":1,"enemies":"Chosen and Byrds","floor":22,"turns":4},{"damage":18,"enemies":"Gremlin Leader","floor":24,"turns":7},{"damage":29,"enemies":"Snake Plant","floor":27,"turns":3},{"damage":19,"enemies":"Centurion and Healer","floor":29,"turns":9},{"damage":35,"enemies":"Slavers","floor":30,"turns":3},{"damage":22,"enemies":"3 Cultists","floor":31,"turns":5},{"damage":0,"enemies":"Champ","floor":33,"turns":13},{"damage":0,"enemies":"3 Shapes","floor":35,"turns":2},{"damage":9,"enemies":"Orb Walker","floor":36,"turns":5},{"damage":9,"enemies":"Giant Head","floor":41,"turns":10},{"damage":0,"enemies":"4 Shapes","floor":44,"turns":1},{"damage":24,"enemies":"Nemesis","floor":45,"turns":6},{"damage":8,"enemies":"Sphere and 2 Shapes","floor":47,"turns":4},{"damage":25,"enemies":"Reptomancer","floor":48,"turns":5},{"damage":44,"enemies":"Donu and Deca","floor":50,"turns":7}],"seed_played":"-3340084706759775066","potions_obtained":[{"floor":4,"key":"GamblersBrew"},{"floor":5,"key":"Swift Potion"},{"floor":11,"key":"SteroidPotion"},{"floor":17,"key":"Block Potion"},{"floor":18,"key":"FocusPotion"},{"floor":22,"key":"SteroidPotion"},{"floor":24,"key":"Swift Potion"},{"floor":30,"key":"Block Potion"},{"floor":31,"key":"PowerPotion"}],"is_trial":false,"path_per_floor":["M","$","?","M","M","E","R","M","T","M","M","R","?","?","R","B",null,"M","T","M","$","M","R","E","?","T","M","$","M","E","M","R","B",null,"M","M","?","$","?","R","E","R","T","M","E","$","M","E","R","B",null],"character_chosen":"DEFECT","items_purchased":["MealTicket","Rebound","Bronze Scales","White Noise","Capacitor","Conserve Battery","Lee\u0027s Waffle","Defragment","Emotion Chip"],"campfire_rested":3,"item_purchase_floors":[2,2,21,21,28,28,28,38,46],"current_hp_per_floor":[50,50,50,48,47,23,23,23,23,16,15,37,55,48,48,18,80,76,76,74,80,79,79,61,61,61,32,87,68,33,11,37,37,87,87,78,68,83,83,83,74,74,74,74,50,65,57,32,58,39],"gold":174,"neow_bonus":"TWO_FIFTY_GOLD","is_prod":false,"is_daily":false,"chose_seed":false,"campfire_upgraded":5,"win_rate":0,"timestamp":1548309336,"path_taken":["M","$","?","M","M","E","R","M","T","?","M","R","?","?","R","BOSS","M","?","M","$","M","R","E","?","T","M","$","?","E","M","R","BOSS","M","M","?","$","?","R","E","R","T","?","E","$","?","E","R","BOSS"],"build_version":"2019-01-23","purchased_purges":2,"victory":true,"max_hp_per_floor":[75,75,75,75,75,75,75,75,75,75,75,75,75,75,75,75,80,80,80,80,80,80,80,80,80,80,80,87,87,87,87,87,87,87,87,87,87,87,87,87,87,87,87,87,87,87,87,87,87,87],"card_choices":[{"not_picked":["Gash","Redo"],"picked":"Leap","floor":1},{"not_picked":["Steam","Compile Driver"],"picked":"Streamline","floor":4},{"not_picked":["Conserve Battery","Compile Driver"],"picked":"Cold Snap","floor":5},{"not_picked":["Streamline","Turbo"],"picked":"Doom and Gloom","floor":6},{"not_picked":["Sweeping Beam","Coolheaded"],"picked":"White Noise","floor":8},{"not_picked":["Streamline","Coolheaded"],"picked":"Creative AI","floor":10},{"not_picked":["Sunder","Go for the Eyes"],"picked":"Glacier","floor":11},{"not_picked":["Meteor Strike","Reboot"],"picked":"Core Surge","floor":16},{"not_picked":["Tempest","Sweeping Beam"],"picked":"Barrage","floor":17},{"not_picked":["Coolheaded","Compile Driver"],"picked":"Conserve Battery","floor":18},{"not_picked":["Rip and Tear","Barrage"],"picked":"Ball Lightning","floor":20},{"not_picked":["Streamline","Compile Driver"],"picked":"Lockon","floor":22},{"not_picked":["Rebound","Multi-Cast","Sweeping Beam"],"picked":"SKIP","floor":24},{"not_picked":["Beam Cell","Sunder"],"picked":"Leap","floor":27},{"not_picked":["Melter+1","Gash"],"picked":"Consume+1","floor":29},{"not_picked":["Fusion","Rebound","Leap"],"picked":"SKIP","floor":30},{"not_picked":["Rebound","Gash+1"],"picked":"Turbo","floor":31},{"not_picked":["Rainbow","Biased Cognition"],"picked":"Buffer","floor":33},{"not_picked":["Turbo","Cold Snap+1"],"picked":"White Noise","floor":35},{"not_picked":["Sweeping Beam+1","Stack+1"],"picked":"Hologram+1","floor":36},{"not_picked":["Enlightenment","Purity"],"picked":"Dark Shackles","floor":37},{"not_picked":["Purity","Dramatic Entrance"],"picked":"Enlightenment","floor":37},{"not_picked":["HandOfGreed","Madness"],"picked":"Thinking Ahead","floor":37},{"not_picked":["Auto Shields+1","Stack+1"],"picked":"Force Field+1","floor":41},{"not_picked":["Reprogram","FTL"],"picked":"Redo+1","floor":44},{"not_picked":["Beam Cell+1","Hyperbeam"],"picked":"Leap+1","floor":45},{"not_picked":["Conserve Battery","Turbo"],"picked":"Stack+1","floor":47},{"not_picked":["BootSequence","Genetic Algorithm"],"picked":"Capacitor","floor":48}],"player_experience":339418,"relics_obtained":[{"floor":6,"key":"Old Coin"},{"floor":9,"key":"Letter Opener"},{"floor":19,"key":"Bag of Preparation"},{"floor":24,"key":"Vajra"},{"floor":26,"key":"Gremlin Horn"},{"floor":30,"key":"Ancient Tea Set"},{"floor":41,"key":"Cables"},{"floor":43,"key":"Blue Candle"},{"floor":45,"key":"Pantograph"},{"floor":48,"key":"Happy Flower"}],"event_choices":[{"cards_removed":["Strike_B"],"damage_healed":0,"gold_gain":0,"player_choice":"Offered Basic","damage_taken":0,"max_hp_gain":0,"max_hp_loss":0,"event_name":"Bonfire Elementals","floor":3,"gold_loss":0},{"damage_healed":18,"gold_gain":0,"player_choice":"Healed","damage_taken":0,"max_hp_gain":0,"max_hp_loss":0,"event_name":"The Cleric","floor":13,"gold_loss":35},{"damage_healed":0,"gold_gain":75,"player_choice":"Touch","damage_taken":7,"max_hp_gain":0,"max_hp_loss":0,"event_name":"FaceTrader","floor":14,"gold_loss":0},{"damage_healed":0,"gold_gain":0,"player_choice":"1 cards matched","damage_taken":0,"max_hp_gain":0,"max_hp_loss":0,"event_name":"Match and Keep!","floor":25,"gold_loss":0,"cards_obtained":["Trip"]},{"damage_healed":0,"gold_gain":0,"player_choice":"Memory 3","damage_taken":10,"max_hp_gain":0,"max_hp_loss":0,"event_name":"SensoryStone","floor":37,"gold_loss":0},{"damage_healed":0,"gold_gain":0,"player_choice":"Bought 1 Potion","damage_taken":0,"max_hp_gain":0,"max_hp_loss":0,"event_name":"The Woman in Blue","floor":39,"gold_loss":0}],"is_beta":false,"boss_relics":[{"not_picked":["Runic Dome","Pandora\u0027s Box"],"picked":"Tiny House"},{"not_picked":["Philosopher\u0027s Stone","Fusion Hammer"],"picked":"Sozu"}],"items_purged_floors":[21,28],"is_endless":false,"potions_floor_spawned":[4,5,11,18,22,24,30,31,35,36,45],"ascension_level":3}