{"gold_per_floor":[110,110,121,29,40,40,70,87,87,115,128,138,169,179,179,277,277,296,296,278,278,289,323,333,347,372,384,4,4],"floor_reached":29,"playtime":3579,"items_purged":[],"score":269,"play_id":"7d44dd2b-48eb-4938-b236-4f4291a5e21c","local_time":"20190121003343","is_ascension_mode":false,"campfire_choices":[{"data":"Metallicize","floor":6,"key":"SMITH"},{"floor":15,"key":"REST"},{"floor":27,"key":"REST"}],"neow_cost":"NONE","seed_source_timestamp":604967602347505,"circlet_count":0,"master_deck":["Strike_R+1","Strike_R","Strike_R","Strike_R","Defend_R","Defend_R","Defend_R","Defend_R","Bash","Corruption","Reckless Charge","Metallicize+1","Armaments","Flex","Limit Break","Flex","True Grit","Heavy Blade","Anger+1","Body Slam","Ghostly Armor","Feed","Feel No Pain+1","Limit Break","Metallicize+1","Disarm","Evolve","Offering","Shrug It Off"],"relics":["Burning Blood","Kunai","Ornamental Fan","Smiling Mask","Shuriken","Snecko Eye","Pantograph","Blue Candle","MawBank","Whetstone"],"potions_floor_usage":[7,7,10,10,13,16,16,23,23],"damage_taken":[{"damage":15,"enemies":"Small Slimes","floor":1,"turns":4},{"damage":6,"enemies":"Cultist","floor":3,"turns":3},{"damage":7,"enemies":"2 Louse","floor":5,"turns":3},{"damage":4,"enemies":"Lagavulin","floor":7,"turns":7},{"damage":10,"enemies":"Red Slaver","floor":8,"turns":4},{"damage":24,"enemies":"3 Sentries","floor":10,"turns":10},{"damage":14,"enemies":"Large Slime","floor":11,"turns":8},{"damage":16,"enemies":"Blue Slaver","floor":12,"turns":3},{"damage":7,"enemies":"Lagavulin","floor":13,"turns":9},{"damage":12,"enemies":"3 Louse","floor":14,"turns":3},{"damage":40,"enemies":"The Guardian","floor":16,"turns":10},{"damage":1,"enemies":"Shell Parasite","floor":18,"turns":4},{"damage":13,"enemies":"2 Thieves","floor":20,"turns":4},{"damage":2,"enemies":"Centurion and Healer","floor":22,"turns":7},{"damage":27,"enemies":"Book of Stabbing","floor":23,"turns":7},{"damage":12,"enemies":"Sentry and Sphere","floor":24,"turns":5},{"damage":57,"enemies":"Chosen and Byrds","floor":25,"turns":14},{"damage":46,"enemies":"Slavers","floor":29,"turns":4}],"seed_played":"-3576765309619000194","potions_obtained":[{"floor":1,"key":"Block Potion"},{"floor":2,"key":"FearPotion"},{"floor":2,"key":"Poison Potion"},{"floor":5,"key":"PowerPotion"},{"floor":8,"key":"LiquidBronze"},{"floor":11,"key":"Weak Potion"},{"floor":13,"key":"LiquidBronze"},{"floor":14,"key":"Block Potion"},{"floor":18,"key":"Block Potion"},{"floor":22,"key":"SkillPotion"}],"is_trial":false,"path_per_floor":["M","?","M","$","M","R","E","M","T","E","M","M","E","M","R","B",null,"M","?","M","?","M","E","M","M","T","R","$","E"],"character_chosen":"IRONCLAD","items_purchased":["Metallicize","Armaments","Evolve","Offering","Shrug It Off","Whetstone"],"campfire_rested":2,"item_purchase_floors":[4,4,28,28,28,28],"current_hp_per_floor":[79,79,79,79,78,78,80,76,76,58,50,40,39,33,59,25,88,88,88,81,81,85,64,61,10,10,37,37,0],"gold":4,"neow_bonus":"TEN_PERCENT_HP_BONUS","is_prod":false,"is_daily":false,"chose_seed":false,"campfire_upgraded":1,"win_rate":0,"timestamp":1548048823,"path_taken":["M","?","M","?","M","R","E","?","T","E","M","M","E","M","R","BOSS","M","?","?","?","M","E","M","M","T","R","$","E"],"build_version":"2019-01-17v2","purchased_purges":0,"victory":false,"max_hp_per_floor":[88,88,88,88,88,88,88,88,88,88,88,88,88,88,88,88,88,88,88,88,88,88,88,91,91,91,91,91,91],"card_choices":[{"not_picked":["Shockwave","Carnage"],"picked":"Corruption","floor":1},{"not_picked":["Warcry","Havoc"],"picked":"Reckless Charge","floor":3},{"not_picked":["Hemokinesis","Pommel Strike"],"picked":"Flex","floor":5},{"not_picked":["Uppercut","Pummel"],"picked":"Limit Break","floor":7},{"not_picked":["Clash","Rampage"],"picked":"Flex","floor":8},{"not_picked":["Dual Wield","Shrug It Off"],"picked":"True Grit","floor":10},{"not_picked":["True Grit","Disarm"],"picked":"Heavy Blade","floor":11},{"not_picked":["Perfected Strike","Carnage"],"picked":"Anger","floor":12},{"not_picked":["Dropkick","Havoc"],"picked":"Body Slam","floor":13},{"not_picked":["Sword Boomerang","Twin Strike"],"picked":"Ghostly Armor","floor":14},{"not_picked":["Dark Embrace","Impervious"],"picked":"Feed","floor":16},{"not_picked":["Sever Soul","Body Slam","Thunderclap"],"picked":"SKIP","floor":18},{"not_picked":["Havoc","Pommel Strike"],"picked":"Feel No Pain+1","floor":20},{"not_picked":["Body Slam+1","Pommel Strike","Corruption"],"picked":"SKIP","floor":22},{"not_picked":["Warcry","Sever Soul+1"],"picked":"Limit Break","floor":23},{"not_picked":["Iron Wave+1","Sword Boomerang"],"picked":"Metallicize+1","floor":24},{"not_picked":["Warcry","Body Slam"],"picked":"Disarm","floor":25}],"player_experience":104554,"relics_obtained":[{"floor":7,"key":"Kunai"},{"floor":9,"key":"Ornamental Fan"},{"floor":10,"key":"Smiling Mask"},{"floor":13,"key":"Shuriken"},{"floor":19,"key":"Pantograph"},{"floor":23,"key":"Blue Candle"},{"floor":26,"key":"MawBank"}],"event_choices":[{"damage_healed":0,"gold_gain":0,"player_choice":"Got Potions","damage_taken":0,"max_hp_gain":0,"max_hp_loss":0,"event_name":"Lab","floor":2,"gold_loss":0},{"damage_healed":0,"gold_gain":0,"player_choice":"Relic","damage_taken":0,"max_hp_gain":0,"max_hp_loss":0,"event_name":"Wheel of Change","floor":19,"gold_loss":0},{"cards_removed":["Strike_R"],"damage_healed":0,"gold_gain":0,"player_choice":"Offered Basic","damage_taken":0,"max_hp_gain":0,"max_hp_loss":0,"event_name":"Bonfire Elementals","floor":21,"gold_loss":0}],"is_beta":false,"boss_relics":[{"not_picked":["Runic Dome","Coffee Dripper"],"picked":"Snecko Eye"}],"items_purged_floors":[],"is_endless":false,"potions_floor_spawned":[1,5,8,11,13,14,18,22],"killed_by":"Slavers","ascension_level":0}