{"gold_per_floor":[114,129,164,164,89,144,144,174,174,174,189,189,65,80,80,180,180,195,52,52,52,67,67,67,97,97,97,112,127,127,142,142,242,242,257,272,85,120,135,165,205,105,105,120,120,120,135,184,184,184],"floor_reached":51,"playtime":3405,"items_purged":["Doppelganger","Shame"],"score":734,"play_id":"b31e75fd-c260-4463-9756-e484888ba077","local_time":"20190203123402","daily_mods":["Shiny","Colorless Cards","Lethality"],"is_ascension_mode":false,"campfire_choices":[{"floor":7.0,"key":"REST"},{"floor":10.0,"key":"REST"},{"floor":12.0,"key":"REST"},{"data":"Apotheosis","floor":15.0,"key":"SMITH"},{"floor":24.0,"key":"REST"},{"floor":27.0,"key":"REST"},{"floor":32.0,"key":"REST"},{"floor":45,"key":"REST"},{"floor":49,"key":"REST"}],"neow_cost":"","seed_source_timestamp":0,"circlet_count":0,"master_deck":["Venomology","Corpse Explosion","Malaise","Phantasmal Killer","Die Die Die","Adrenaline","Envenom","Burst","Tools of the Trade","Night Terror","Unload","After Image","Bullet Time","Storm of Steel","Glass Knife","A Thousand Cuts","Grand Finale","Thinking Ahead","Metamorphosis","Master of Strategy","Magnetism","Chrysalis","Transmutation+1","HandOfGreed","Mayhem","Apotheosis+1","Secret Weapon","Panache","Violence","Secret Technique","The Bomb","Sadistic Nature","Flash of Steel","Deep Breath","Noxious Fumes","Crippling Poison+1","Dramatic Entrance","Underhanded Strike+1","Glass Knife+1","Underhanded Strike+1","Footwork+1","Flash of Steel+1","Backstab+1","Leg Sweep+1","Blind+1","Dagger Throw+1","A Thousand Cuts+1","Expertise","Flying Knee+1","After Image+1","Mayhem+1","Outmaneuver+1","Caltrops+1","PiercingWail+1","Flash of Steel+1","Poisoned Stab+1","Tactician","Calculated Gamble+1","Quick Slash+1","Slice+1"],"special_seed":17929,"relics":["Ring of the Serpent","Turnip","Vajra","Molten Egg 2","Frozen Egg 2","Fusion Hammer","Oddly Smooth Stone","Bag of Marbles","Regal Pillow","War Paint","Potion Belt","Ninja Scroll","Ancient Tea Set","Tough Bandages"],"potions_floor_usage":[38,40,41,41,41,48,48,48,50],"damage_taken":[{"damage":0.0,"enemies":"2 Louse","floor":1.0,"turns":1.0},{"damage":2.0,"enemies":"Cultist","floor":2.0,"turns":3.0},{"damage":0.0,"enemies":"Small Slimes","floor":3.0,"turns":2.0},{"damage":21.0,"enemies":"3 Sentries","floor":6.0,"turns":3.0},{"damage":41.0,"enemies":"Gremlin Nob","floor":8.0,"turns":4.0},{"damage":10.0,"enemies":"Blue Slaver","floor":11.0,"turns":2.0},{"damage":0.0,"enemies":"Lots of Slimes","floor":14.0,"turns":1.0},{"damage":52.0,"enemies":"The Guardian","floor":16.0,"turns":7.0},{"damage":12.0,"enemies":"Chosen","floor":18.0,"turns":3.0},{"damage":18.0,"enemies":"Shell Parasite","floor":22.0,"turns":2.0},{"damage":3.0,"enemies":"Slavers","floor":25.0,"turns":3.0},{"damage":0.0,"enemies":"Centurion and Healer","floor":28.0,"turns":1.0},{"damage":36.0,"enemies":"Shelled Parasite and Fungi","floor":29.0,"turns":4.0},{"damage":16.0,"enemies":"Cultist and Chosen","floor":31.0,"turns":2.0},{"damage":16.0,"enemies":"Champ","floor":33.0,"turns":6.0},{"damage":8,"enemies":"Orb Walker","floor":35,"turns":2},{"damage":5,"enemies":"3 Darklings","floor":36,"turns":2},{"damage":0,"enemies":"Jaw Worm Horde","floor":38,"turns":2},{"damage":0,"enemies":"Maw","floor":39,"turns":5},{"damage":37,"enemies":"Nemesis","floor":40,"turns":6},{"damage":0,"enemies":"Spire Growth","floor":41,"turns":3},{"damage":6,"enemies":"Sphere and 2 Shapes","floor":44,"turns":3},{"damage":0,"enemies":"Transient","floor":47,"turns":5},{"damage":0,"enemies":"2 Orb Walkers","floor":48,"turns":2},{"damage":54,"enemies":"Time Eater","floor":50,"turns":9}],"seed_played":"1821043760548627163","potions_obtained":[{"floor":2.0,"key":"FairyPotion"},{"floor":6.0,"key":"SpeedPotion"},{"floor":22.0,"key":"PowerPotion"},{"floor":29.0,"key":"Swift Potion"},{"floor":36,"key":"Explosive Potion"},{"floor":38,"key":"GamblersBrew"},{"floor":40,"key":"LiquidBronze"},{"floor":41,"key":"Fire Potion"},{"floor":47,"key":"Ancient Potion"}],"is_trial":false,"path_per_floor":["M","M","M","?","$","E","R","E","T","R","M","R","?","M","R","B",null,"M","$","?","$","M","?","R","E","T","R","M","M","?","M","R","B",null,"M","M","$","M","M","E","M","$","T","M","R","T","M","?","R","B",null],"character_chosen":"THE_SILENT","items_purchased":["Noxious Fumes","Footwork+1","Caltrops+1","War Paint"],"campfire_rested":8,"item_purchase_floors":[5,19,37,37],"current_hp_per_floor":[70,68,68,61,61,40,61,20,20,41,31,52,52,52,52,7,70,58,58,58,58,40,40,61,58,58,70,70,34,34,18,54,38,70,62,57,57,57,57,20,20,20,20,14,50,50,50,50,70,16],"gold":184,"neow_bonus":"","is_prod":false,"is_daily":true,"chose_seed":false,"campfire_upgraded":1,"win_rate":0,"timestamp":1549215242,"path_taken":["M","M","M","?","$","E","R","E","T","R","M","R","?","?","R","BOSS","M","?","?","$","M","?","R","E","T","R","M","M","?","M","R","BOSS","M","M","$","M","?","E","M","$","T","M","R","?","M","?","R","BOSS"],"build_version":"2019-01-23","purchased_purges":2,"victory":true,"max_hp_per_floor":[70,70,70,70,70,70,70,70,70,70,70,70,70,70,70,70,70,70,70,70,70,70,70,70,70,70,70,70,70,70,70,70,70,70,70,70,70,70,70,70,70,70,70,70,70,70,70,70,70,70],"card_choices":[{"not_picked":["Outmaneuver","Madness"],"picked":"Flash of Steel","floor":1.0},{"not_picked":["Well Laid Plans","Blade Dance"],"picked":"Deep Breath","floor":2.0},{"not_picked":["Deflect","Dodge and Roll","Bane"],"picked":"SKIP","floor":3.0},{"not_picked":["Blind","Quick Slash"],"picked":"Crippling Poison","floor":6.0},{"not_picked":["Forethought","Deep Breath"],"picked":"Dramatic Entrance","floor":8.0},{"not_picked":["Prepared","Dagger Throw+1"],"picked":"Underhanded Strike+1","floor":11.0},{"not_picked":["Good Instincts","Underhanded Strike+1","Sucker Punch+1"],"picked":"SKIP","floor":14.0},{"not_picked":["Phantasmal Killer","Corpse Explosion"],"picked":"Glass Knife+1","floor":16.0},{"not_picked":["Dagger Spray+1","Acrobatics+1"],"picked":"Underhanded Strike+1","floor":18.0},{"not_picked":["PanicButton","Poisoned Stab+1"],"picked":"Backstab+1","floor":22.0},{"not_picked":["Dagger Throw+1","Blade Dance"],"picked":"Leg Sweep+1","floor":25.0},{"not_picked":["Deadly Poison","Concentrate"],"picked":"Blind+1","floor":28.0},{"not_picked":["Dark Shackles","Cloak And Dagger"],"picked":"Dagger Throw+1","floor":29.0},{"not_picked":["Riddle With Holes+1","Blade Dance"],"picked":"After Image+1","floor":31.0},{"not_picked":["Apotheosis","Transmutation"],"picked":"Mayhem+1","floor":33.0},{"not_picked":["Concentrate","Dagger Spray+1","Purity+1"],"picked":"SKIP","floor":35},{"not_picked":["Blade Dance+1","Acrobatics+1"],"picked":"Outmaneuver+1","floor":36},{"not_picked":["Dagger Spray+1","Dodge and Roll"],"picked":"PiercingWail+1","floor":38},{"not_picked":["Quick Slash+1","Wraith Form v2+1"],"picked":"Flash of Steel+1","floor":39},{"not_picked":["Dagger Throw+1","Bane+1"],"picked":"Poisoned Stab+1","floor":40},{"not_picked":["Choke+1","Finisher+1"],"picked":"Tactician","floor":41},{"not_picked":["Prepared+1","Good Instincts"],"picked":"Calculated Gamble+1","floor":44},{"not_picked":["Dagger Spray+1","Deadly Poison"],"picked":"Quick Slash+1","floor":47},{"not_picked":["Blade Dance+1","Cloak And Dagger+1"],"picked":"Slice+1","floor":48}],"player_experience":846681,"relics_obtained":[{"floor":6.0,"key":"Turnip"},{"floor":8.0,"key":"Vajra"},{"floor":9.0,"key":"Molten Egg 2"},{"floor":25.0,"key":"Bag of Marbles"},{"floor":26.0,"key":"Regal Pillow"},{"floor":40,"key":"Potion Belt"},{"floor":43,"key":"Ninja Scroll"},{"floor":46,"key":"Ancient Tea Set"},{"floor":48,"key":"Tough Bandages"}],"event_choices":[{"cards_removed":["Wraith Form v2"],"damage_healed":0.0,"max_hp_gain":0.0,"max_hp_loss":0.0,"gold_gain":0.0,"event_name":"Golden Wing","player_choice":"Card Removal","floor":4.0,"gold_loss":0.0,"damage_taken":7.0},{"damage_healed":0.0,"max_hp_gain":0.0,"max_hp_loss":0.0,"gold_gain":0.0,"event_name":"WeMeetAgain","player_choice":"Paid Gold","floor":13.0,"gold_loss":124.0,"damage_taken":0.0,"relics_obtained":["Frozen Egg 2"]},{"damage_healed":0.0,"max_hp_gain":0.0,"max_hp_loss":0.0,"gold_gain":0.0,"event_name":"The Library","player_choice":"Read","floor":20.0,"gold_loss":0.0,"damage_taken":0.0,"cards_obtained":["Flash of Steel"]},{"damage_healed":0.0,"max_hp_gain":0.0,"max_hp_loss":0.0,"gold_gain":0.0,"event_name":"Addict","player_choice":"Stole Relic","floor":23.0,"gold_loss":0.0,"damage_taken":0.0,"relics_obtained":["Oddly Smooth Stone"],"cards_obtained":["Shame"]},{"damage_healed":0.0,"max_hp_gain":0.0,"max_hp_loss":0.0,"gold_gain":0.0,"event_name":"Match and Keep!","player_choice":"3 cards matched","floor":30.0,"gold_loss":0.0,"damage_taken":0.0,"cards_obtained":["A Thousand Cuts","Expertise","Flying Knee"]},{"damage_healed":0,"gold_gain":0,"player_choice":"Fight","damage_taken":0,"max_hp_gain":0,"max_hp_loss":0,"event_name":"Mysterious Sphere","floor":48,"gold_loss":0}],"is_beta":false,"boss_relics":[{"not_picked":["Black Star","Runic Pyramid"],"picked":"Fusion Hammer"},{"not_picked":["Orrery","Tiny House"],"picked":"Ring of the Serpent"}],"items_purged_floors":[19,42],"is_endless":false,"potions_floor_spawned":[2,6,22,29,31,36,38,40,41,47],"ascension_level":0}