{"gold_per_floor":[112,37,47,47,64,64,76,93,147,147,147,163,163,175,175,279,279,289,153,153,153,172,172,183,183,228,253,265,290,302,329,341,458,470,497,509,521,551,577,589,612,624,710,24,24,24,24,35,35,35],"floor_reached":51,"playtime":4187,"items_purged":["Regret","Writhe","Parasite"],"score":616,"play_id":"6bffaa23-e115-4109-85fa-d784f7237bc4","local_time":"20190105160101","is_ascension_mode":false,"campfire_choices":[{"data":"Skewer","floor":6,"key":"SMITH"},{"data":"Neutralize","floor":10,"key":"SMITH"},{"data":"Accuracy","floor":13,"key":"SMITH"},{"floor":15,"key":"REST"},{"data":"Storm of Steel","floor":23,"key":"SMITH"},{"data":"Accuracy","floor":25,"key":"SMITH"},{"data":"Cloak And Dagger","floor":30,"key":"SMITH"},{"floor":32,"key":"REST"},{"data":"Cloak And Dagger","floor":40,"key":"SMITH"},{"data":"After Image","floor":45,"key":"SMITH"},{"data":"Infinite Blades","floor":47,"key":"SMITH"},{"data":"Footwork","floor":49,"key":"SMITH"}],"neow_cost":"NONE","seed_source_timestamp":1634296397686772,"circlet_count":0,"master_deck":["Defend_G","Defend_G","Defend_G+1","Defend_G","Defend_G+1","Survivor","Neutralize+1","PiercingWail","Backflip+1","Skewer+1","Accuracy+1","Storm of Steel+1","Well Laid Plans","Bite","Bite","Bite","Bite","Bite","Accuracy+1","Backstab","Cloak And Dagger+1","Footwork+1","Footwork","After Image+1","Blade Dance","Cloak And Dagger+1","Backflip+1","Infinite Blades+1","Backflip+1"],"relics":["Calling Bell","Sundial","Unceasing Top","War Paint","Matryoshka","Kunai","Bag of Preparation","HoveringKite","Paper Crane","Strawberry","MawBank","Busted Crown","Pear","Chemical X","Happy Flower"],"potions_floor_usage":[8,31,33],"damage_taken":[{"damage":4,"enemies":"Small Slimes","floor":1,"turns":5},{"damage":2,"enemies":"Jaw Worm","floor":3,"turns":6},{"damage":0,"enemies":"Cultist","floor":5,"turns":5},{"damage":24,"enemies":"Large Slime","floor":7,"turns":8},{"damage":22,"enemies":"Exordium Thugs","floor":8,"turns":8},{"damage":1,"enemies":"Exordium Wildlife","floor":12,"turns":6},{"damage":0,"enemies":"2 Fungi Beasts","floor":14,"turns":6},{"damage":34,"enemies":"The Guardian","floor":16,"turns":21},{"damage":17,"enemies":"3 Byrds","floor":18,"turns":8},{"damage":20,"enemies":"Spheric Guardian","floor":22,"turns":4},{"damage":17,"enemies":"3 Cultists","floor":24,"turns":6},{"damage":21,"enemies":"Snake Plant","floor":27,"turns":6},{"damage":14,"enemies":"Centurion and Healer","floor":29,"turns":6},{"damage":13,"enemies":"Snecko","floor":31,"turns":5},{"damage":32,"enemies":"Automaton","floor":33,"turns":10},{"damage":26,"enemies":"3 Darklings","floor":35,"turns":6},{"damage":0,"enemies":"3 Shapes","floor":38,"turns":6},{"damage":4,"enemies":"Sphere and 2 Shapes","floor":39,"turns":5},{"damage":2,"enemies":"Writhing Mass","floor":41,"turns":8},{"damage":10,"enemies":"Maw","floor":48,"turns":8},{"damage":4,"enemies":"Donu and Deca","floor":50,"turns":11}],"seed_played":"8978877401929447573","potions_obtained":[{"floor":5,"key":"Poison Potion"},{"floor":12,"key":"Strength Potion"},{"floor":18,"key":"GamblersBrew"},{"floor":29,"key":"Block Potion"},{"floor":38,"key":"EssenceOfSteel"},{"floor":41,"key":"EntropicBrew"}],"is_trial":false,"path_per_floor":["M","$","M","?","M","R","M","M","T","R","?","M","R","M","R","B",null,"M","$","?","T","M","R","M","R","T","M","$","M","R","M","R","B",null,"M","?","?","M","M","R","M","?","T","$","R","?","R","M","R","B",null],"character_chosen":"THE_SILENT","items_purchased":["Well Laid Plans","Infinite Blades","Chemical X","Happy Flower","GhostInAJar","GhostInAJar"],"campfire_rested":2,"item_purchase_floors":[19,44,44,44,44,44],"current_hp_per_floor":[66,66,64,61,61,61,37,15,15,15,15,14,14,14,35,1,70,53,53,49,56,36,36,33,33,33,22,22,18,18,11,27,3,56,40,40,40,44,48,48,53,53,63,60,60,60,60,57,57,60],"gold":35,"neow_bonus":"BOSS_RELIC","is_prod":false,"is_daily":false,"chose_seed":false,"campfire_upgraded":10,"win_rate":0,"timestamp":1546671661,"path_taken":["M","$","M","?","M","R","M","M","T","R","?","?","R","M","R","BOSS","M","$","?","?","M","R","M","R","T","M","?","M","R","M","R","BOSS","M","?","?","?","M","R","M","?","T","?","R","?","R","M","R","BOSS"],"build_version":"2019-01-03v4","purchased_purges":3,"victory":true,"max_hp_per_floor":[70,70,70,70,70,70,70,70,70,70,70,70,70,70,70,70,70,70,70,49,56,56,56,56,56,56,56,56,56,56,56,56,56,56,56,56,53,53,53,53,53,53,63,60,60,60,60,60,60,60],"card_choices":[{"not_picked":["Slice","Concentrate"],"picked":"PiercingWail","floor":1},{"not_picked":["Deflect","Sucker Punch"],"picked":"Backflip","floor":3},{"not_picked":["Heel Hook","Acrobatics"],"picked":"Skewer","floor":5},{"not_picked":["Quick Slash","Underhanded Strike"],"picked":"Accuracy","floor":7},{"not_picked":["Underhanded Strike","Deadly Poison","Prepared"],"picked":"SKIP","floor":8},{"not_picked":["Riddle With Holes","Dodge and Roll","Quick Slash"],"picked":"SKIP","floor":12},{"not_picked":["Quick Slash","Bouncing Flask","Underhanded Strike"],"picked":"SKIP","floor":14},{"not_picked":["Night Terror","Die Die Die"],"picked":"Storm of Steel","floor":16},{"not_picked":["Poisoned Stab","Flying Knee","Dodge and Roll"],"picked":"SKIP","floor":18},{"not_picked":["Dodge and Roll","Tactician"],"picked":"Accuracy","floor":22},{"not_picked":["Dagger Throw","Eviscerate"],"picked":"Backstab","floor":24},{"not_picked":["Bane","Heel Hook"],"picked":"Cloak And Dagger","floor":27},{"not_picked":["Outmaneuver+1","PiercingWail+1"],"picked":"Footwork","floor":29},{"not_picked":["Night Terror","Poisoned Stab+1"],"picked":"Footwork","floor":31},{"not_picked":["Storm of Steel","Die Die Die"],"picked":"After Image","floor":33},{"not_picked":[],"picked":"Blade Dance","floor":35},{"not_picked":["Sucker Punch+1"],"picked":"SKIP","floor":38},{"not_picked":[],"picked":"Cloak And Dagger","floor":39},{"not_picked":[],"picked":"Backflip+1","floor":41},{"not_picked":[],"picked":"Backflip+1","floor":48}],"player_experience":764993,"relics_obtained":[{"floor":0,"key":"Sundial"},{"floor":0,"key":"Unceasing Top"},{"floor":0,"key":"War Paint"},{"floor":9,"key":"Kunai"},{"floor":9,"key":"Bag of Preparation"},{"floor":21,"key":"Paper Crane"},{"floor":21,"key":"Strawberry"},{"floor":26,"key":"MawBank"},{"floor":43,"key":"Pear"}],"event_choices":[{"damage_healed":0,"gold_gain":0,"player_choice":"Success","damage_taken":3,"relics_obtained":["Matryoshka"],"max_hp_gain":0,"max_hp_loss":0,"event_name":"Scrap Ooze","floor":4,"gold_loss":0},{"damage_healed":0,"gold_gain":0,"player_choice":"Upgraded","damage_taken":0,"max_hp_gain":0,"max_hp_loss":0,"event_name":"Upgrade Shrine","floor":11,"gold_loss":0,"cards_upgraded":["Backflip"]},{"damage_healed":0,"gold_gain":0,"player_choice":"Became a vampire","damage_taken":0,"max_hp_gain":0,"max_hp_loss":21,"event_name":"Vampires","floor":20,"gold_loss":0,"cards_obtained":["Bite","Bite","Bite","Bite","Bite"]},{"damage_healed":0,"gold_gain":0,"player_choice":"Ignored","damage_taken":0,"max_hp_gain":0,"max_hp_loss":0,"event_name":"Tomb of Lord Red Mask","floor":36,"gold_loss":0},{"cards_removed":["Parasite"],"damage_healed":0,"gold_gain":0,"player_choice":"Purged","damage_taken":0,"max_hp_gain":0,"max_hp_loss":0,"event_name":"Purifier","floor":37,"gold_loss":0},{"damage_healed":0,"gold_gain":0,"player_choice":"Bought 0 Potions","damage_taken":0,"max_hp_gain":0,"max_hp_loss":0,"event_name":"The Woman in Blue","floor":42,"gold_loss":0},{"damage_healed":0,"gold_gain":0,"player_choice":"Leave","damage_taken":0,"max_hp_gain":0,"max_hp_loss":0,"event_name":"FaceTrader","floor":46,"gold_loss":0}],"is_beta":false,"boss_relics":[{"not_picked":["Cursed Key","Eternal Feather"],"picked":"HoveringKite"},{"not_picked":["Empty Cage","Tiny House"],"picked":"Busted Crown"}],"items_purged_floors":[2,19,44],"is_endless":false,"potions_floor_spawned":[5,12,18,29,38,41],"ascension_level":0}