{"gold_per_floor":[115,125,50,65,79,110,110,142,142,153,153,173,38,55,55,132,132,146,26],"floor_reached":19,"playtime":945,"items_purged":[],"score":362,"play_id":"2cb81af9-7161-4c55-b6f5-a7e69766e9e0","local_time":"20190207164147","is_ascension_mode":true,"campfire_choices":[{"data":"Bash","floor":7.0,"key":"SMITH"},{"floor":15,"key":"REST"}],"neow_cost":"NONE","seed_source_timestamp":0,"circlet_count":0,"master_deck":["AscendersBane","Defend_R","Defend_R","Defend_R","Defend_R","Bash+1","Dual Wield","Clothesline","Cleave","Anger","Iron Wave","Dropkick","Ghostly Armor","Evolve","Demon Form","Armaments","True Grit","Juggernaut","Clothesline+1","Rupture+1","Spot Weakness+1"],"special_seed":0,"relics":["Burning Blood","Bird Faced Urn","Matryoshka","Gremlin Horn","Paper Frog","Astrolabe"],"potions_floor_usage":[10,12],"damage_taken":[{"damage":11.0,"enemies":"Jaw Worm","floor":1.0,"turns":5.0},{"damage":2.0,"enemies":"2 Louse","floor":2.0,"turns":4.0},{"damage":1.0,"enemies":"Cultist","floor":4.0,"turns":3.0},{"damage":11.0,"enemies":"Looter","floor":5.0,"turns":3.0},{"damage":19.0,"enemies":"Gremlin Nob","floor":6.0,"turns":4.0},{"damage":42.0,"enemies":"Lagavulin","floor":8.0,"turns":6.0},{"damage":0,"enemies":"3 Louse","floor":10,"turns":1},{"damage":0,"enemies":"2 Fungi Beasts","floor":12,"turns":3},{"damage":20,"enemies":"Exordium Thugs","floor":14,"turns":5},{"damage":24,"enemies":"Slime Boss","floor":16,"turns":7},{"damage":46,"enemies":"3 Byrds","floor":18,"turns":8},{"damage":30,"enemies":"2 Thieves","floor":19,"turns":3}],"seed_played":"-3192489987296457361","potions_obtained":[{"floor":5.0,"key":"FearPotion"},{"floor":6.0,"key":"Explosive Potion"},{"floor":8.0,"key":"Block Potion"},{"floor":16,"key":"Energy Potion"}],"is_trial":false,"path_per_floor":["M","M","?","M","M","E","R","E","T","M","?","M","$","M","R","B",null,"M","M"],"character_chosen":"IRONCLAD","items_purchased":["Demon Form","Armaments"],"campfire_rested":1,"item_purchase_floors":[13,13],"current_hp_per_floor":[63,67,67,72,67,54,54,18,18,24,24,30,30,16,38,24,62,26,0],"gold":26,"neow_bonus":"TRANSFORM_CARD","is_prod":false,"is_daily":false,"chose_seed":false,"campfire_upgraded":1,"win_rate":0,"timestamp":1549575707,"path_taken":["M","M","?","M","M","E","R","E","T","M","?","M","?","?","R","BOSS","M","M"],"build_version":"2019-01-23","purchased_purges":0,"victory":false,"max_hp_per_floor":[75,75,75,75,75,75,75,75,75,75,75,75,75,75,75,75,75,75,75],"card_choices":[{"not_picked":["Perfected Strike","Whirlwind"],"picked":"Clothesline","floor":1.0},{"not_picked":["Shockwave","Thunderclap"],"picked":"Cleave","floor":2.0},{"not_picked":["Clash","Wild Strike"],"picked":"Anger","floor":4.0},{"not_picked":["Flex","Heavy Blade"],"picked":"Iron Wave","floor":5.0},{"not_picked":["Spot Weakness","Sentinel"],"picked":"Dropkick","floor":6.0},{"not_picked":["Twin Strike","Anger","Limit Break"],"picked":"SKIP","floor":8.0},{"not_picked":["Cleave","Feel No Pain"],"picked":"Ghostly Armor","floor":10},{"not_picked":["Warcry","Headbutt"],"picked":"Evolve","floor":12},{"not_picked":["Armaments","Anger"],"picked":"True Grit","floor":14},{"not_picked":["Berserk","Impervious"],"picked":"Juggernaut","floor":16},{"not_picked":["Havoc","Clothesline","Cleave"],"picked":"SKIP","floor":18}],"player_experience":1191573,"relics_obtained":[{"floor":6.0,"key":"Bird Faced Urn"},{"floor":8.0,"key":"Matryoshka"},{"floor":9.0,"key":"Gremlin Horn"},{"floor":9.0,"key":"Paper Frog"}],"event_choices":[{"cards_removed":["Strike_R"],"damage_healed":0.0,"max_hp_gain":0.0,"max_hp_loss":0.0,"gold_gain":0.0,"event_name":"The Cleric","player_choice":"Card Removal","floor":3.0,"gold_loss":75.0,"damage_taken":0.0},{"damage_healed":0,"gold_gain":0,"player_choice":"Fled","damage_taken":0,"max_hp_gain":0,"max_hp_loss":0,"event_name":"Scrap Ooze","floor":11,"gold_loss":0}],"is_beta":false,"boss_relics":[{"not_picked":["Eternal Feather","Pandora\u0027s Box"],"picked":"Astrolabe"}],"items_purged_floors":[],"is_endless":false,"potions_floor_spawned":[5,6,8,16],"killed_by":"2 Thieves","ascension_level":20}