{"gold_per_floor":[113,388,46,46,65,93,93,93,147,147,67,67,83,161,161,250,250,271,285,10,34,34,34,72,72,72,86,86,120,140,161,161,260,260,276,276,29,0,0,44,44,92,92,92,127,127,152,165,165,165,165],"floor_reached":52,"playtime":4433,"items_purged":["Regret","Strike_G"],"score":1888,"play_id":"a52774d8-f5cc-40a8-a3ae-f49ecf631e8e","local_time":"20190125002449","is_ascension_mode":true,"campfire_choices":[{"data":"Cloak And Dagger","floor":8,"key":"SMITH"},{"data":"Cloak And Dagger","floor":10,"key":"SMITH"},{"data":"Neutralize","floor":12,"key":"SMITH"},{"data":"Deadly Poison","floor":15,"key":"SMITH"},{"floor":23,"key":"REST"},{"data":"Corpse Explosion","floor":25,"key":"SMITH"},{"floor":28,"key":"REST"},{"floor":32,"key":"REST"},{"data":"Leg Sweep","floor":41,"key":"SMITH"},{"data":"Calculated Gamble","floor":44,"key":"SMITH"},{"data":"Malaise","floor":46,"key":"SMITH"},{"data":"Blur","floor":49,"key":"SMITH"}],"neow_cost":"NONE","seed_source_timestamp":166949635517800,"circlet_count":0,"master_deck":["AscendersBane","Defend_G","Defend_G","Defend_G","Defend_G","Defend_G","Strike_G","Strike_G","Strike_G","Strike_G","Survivor","Neutralize+1","Cloak And Dagger+1","Cloak And Dagger+1","Die Die Die","Poisoned Stab","Quick Slash","Deadly Poison+1","Infinite Blades+1","Escape Plan","Footwork+1","PiercingWail","Corpse Explosion+1","Blur+1","Calculated Gamble+1","Footwork+1","Deflect","Backflip","Escape Plan","Outmaneuver+1","Envenom+1","Leg Sweep+1","Dodge and Roll","Malaise+1","PiercingWail"],"relics":["Orrery","Kunai","Frozen Egg 2","Golden Idol","Pen Nib","Tiny Chest","Eternal Feather","Nloth\u0027s Gift","Snake Skull","Singing Bowl","Ornamental Fan","Runic Pyramid","Question Card","Bag of Preparation","Red Mask","Art of War","Bronze Scales","Mummified Hand","The Courier"],"potions_floor_usage":[16,24,24,40,51],"damage_taken":[{"damage":2,"enemies":"Jaw Worm","floor":1,"turns":3},{"damage":0,"enemies":"Cultist","floor":5,"turns":3},{"damage":17,"enemies":"3 Sentries","floor":6,"turns":6},{"damage":0,"enemies":"2 Louse","floor":13,"turns":3},{"damage":8,"enemies":"The Guardian","floor":16,"turns":10},{"damage":16,"enemies":"Spheric Guardian","floor":18,"turns":7},{"damage":12,"enemies":"Chosen","floor":19,"turns":4},{"damage":0,"enemies":"Snecko","floor":21,"turns":7},{"damage":24,"enemies":"Book of Stabbing","floor":24,"turns":9},{"damage":27,"enemies":"Centurion and Healer","floor":27,"turns":10},{"damage":32,"enemies":"Gremlin Leader","floor":29,"turns":7},{"damage":0,"enemies":"Chosen and Byrds","floor":30,"turns":6},{"damage":15,"enemies":"Snake Plant","floor":31,"turns":5},{"damage":23,"enemies":"Automaton","floor":33,"turns":17},{"damage":12,"enemies":"3 Shapes","floor":35,"turns":6},{"damage":4,"enemies":"Nemesis","floor":40,"turns":11},{"damage":9,"enemies":"Giant Head","floor":45,"turns":10},{"damage":0,"enemies":"Orb Walker","floor":47,"turns":4},{"damage":0,"enemies":"Writhing Mass","floor":48,"turns":9},{"damage":27,"enemies":"Donu and Deca","floor":50,"turns":11},{"damage":11,"enemies":"Awakened One","floor":51,"turns":23}],"seed_played":"7545241395598755433","potions_obtained":[{"floor":6,"key":"FearPotion"},{"floor":16,"key":"GamblersBrew"},{"floor":21,"key":"AttackPotion"},{"floor":29,"key":"SteroidPotion"},{"floor":30,"key":"Explosive Potion"},{"floor":33,"key":"Regen Potion"},{"floor":45,"key":"Strength Potion"}],"is_trial":false,"path_per_floor":["M","?","$","T","M","E","?","R","T","R","$","R","M","T","R","B",null,"M","M","$","M","?","R","E","R","T","M","R","E","M","M","R","B",null,"M","T","$","?","$","E","R","T","T","R","E","R","M","M","R","B","B",null],"character_chosen":"THE_SILENT","items_purchased":["Kunai","Footwork+1","Footwork+1","Deflect","GhostInAJar","Bag of Preparation","Leg Sweep"],"campfire_rested":3,"item_purchase_floors":[3,11,20,20,20,37,37],"current_hp_per_floor":[57,57,57,57,57,40,40,40,40,40,40,40,40,40,40,32,53,37,25,25,25,25,58,34,49,49,22,55,23,25,12,49,26,55,45,45,45,45,45,56,66,66,66,66,57,66,68,68,68,41,30],"gold":165,"neow_bonus":"BOSS_RELIC","is_prod":false,"is_daily":false,"chose_seed":false,"campfire_upgraded":9,"win_rate":0,"timestamp":1548393889,"path_taken":["M","?","$","?","M","E","?","R","T","R","$","R","M","?","R","BOSS","M","?","$","M","?","R","E","R","T","M","R","E","M","M","R","BOSS","M","?","$","?","$","E","R","?","T","R","E","R","M","M","R","BOSS","BOSS"],"build_version":"2019-01-23","purchased_purges":2,"victory":true,"max_hp_per_floor":[66,66,66,66,66,66,60,60,60,60,60,60,60,60,60,60,60,60,60,60,60,60,60,60,60,60,60,60,60,62,64,64,64,64,66,66,66,66,66,66,66,66,66,66,66,66,68,68,68,68,68],"card_choices":[{"not_picked":["Sucker Punch","Flechettes"],"picked":"Cloak And Dagger","floor":0},{"not_picked":["Blade Dance","Flying Knee"],"picked":"Cloak And Dagger","floor":0},{"not_picked":["Prepared","Blur"],"picked":"Die Die Die","floor":0},{"not_picked":["Sucker Punch","Dagger Throw"],"picked":"Poisoned Stab","floor":0},{"not_picked":["Acrobatics","All Out Attack"],"picked":"Quick Slash","floor":0},{"not_picked":["Flying Knee","Poisoned Stab"],"picked":"Deadly Poison","floor":1},{"not_picked":["Quick Slash","Crippling Poison"],"picked":"Infinite Blades+1","floor":5},{"not_picked":["Dagger Throw","Setup"],"picked":"Escape Plan","floor":6},{"not_picked":["Underhanded Strike","Outmaneuver"],"picked":"PiercingWail","floor":13},{"not_picked":["Adrenaline","Phantasmal Killer"],"picked":"Corpse Explosion","floor":16},{"not_picked":["Quick Slash","Flying Knee"],"picked":"Blur","floor":18},{"not_picked":["Sucker Punch","Riddle With Holes"],"picked":"Calculated Gamble","floor":19},{"not_picked":["Sucker Punch","Deadly Poison"],"picked":"Backflip","floor":21},{"not_picked":["Sucker Punch","Distraction","Tools of the Trade+1"],"picked":"SKIP","floor":24},{"not_picked":["Underhanded Strike+1","Footwork+1"],"picked":"Escape Plan","floor":27},{"not_picked":["Deflect","Tactician"],"picked":"Outmaneuver+1","floor":29},{"not_picked":["Setup+1","Prepared","Poisoned Stab"],"picked":"Singing Bowl","floor":30},{"not_picked":["Phantasmal Killer","Prepared","Sucker Punch"],"picked":"Singing Bowl","floor":31},{"not_picked":["After Image+1","Burst"],"picked":"Envenom+1","floor":33},{"not_picked":["Masterful Stab","Sucker Punch+1","Dagger Spray"],"picked":"Singing Bowl","floor":35},{"not_picked":["Outmaneuver","Acrobatics+1","Flechettes"],"picked":"Dodge and Roll","floor":40},{"not_picked":["Footwork+1","Dodge and Roll","Envenom+1"],"picked":"Malaise","floor":45},{"not_picked":["Underhanded Strike+1","Noxious Fumes+1","Bouncing Flask","Deadly Poison"],"picked":"Singing Bowl","floor":47},{"not_picked":["Flying Knee","Quick Slash","Slice"],"picked":"PiercingWail","floor":48}],"player_experience":1933827,"relics_obtained":[{"floor":4,"key":"Frozen Egg 2"},{"floor":6,"key":"Blue Candle"},{"floor":9,"key":"Pen Nib"},{"floor":14,"key":"Tiny Chest"},{"floor":24,"key":"Snake Skull"},{"floor":26,"key":"Singing Bowl"},{"floor":29,"key":"Ornamental Fan"},{"floor":36,"key":"Question Card"},{"floor":40,"key":"Art of War"},{"floor":42,"key":"Bronze Scales"},{"floor":43,"key":"Mummified Hand"},{"floor":45,"key":"The Courier"}],"event_choices":[{"damage_healed":0,"gold_gain":275,"player_choice":"Desecrate","damage_taken":0,"max_hp_gain":0,"max_hp_loss":0,"event_name":"Golden Shrine","floor":2,"gold_loss":0,"cards_obtained":["Regret"]},{"damage_healed":0,"gold_gain":0,"player_choice":"Lose Max HP","damage_taken":0,"relics_obtained":["Golden Idol"],"max_hp_gain":0,"max_hp_loss":6,"event_name":"Golden Idol","floor":7,"gold_loss":0},{"damage_healed":0,"gold_gain":0,"player_choice":"Traded Relic","damage_taken":0,"relics_obtained":["Nloth\u0027s Gift"],"max_hp_gain":0,"max_hp_loss":0,"event_name":"N\u0027loth","floor":22,"relics_lost":["Blue Candle"],"gold_loss":0},{"damage_healed":0,"gold_gain":0,"player_choice":"Paid","damage_taken":0,"relics_obtained":["Red Mask"],"max_hp_gain":0,"max_hp_loss":0,"event_name":"Tomb of Lord Red Mask","floor":38,"gold_loss":29}],"is_beta":true,"boss_relics":[{"not_picked":["White Beast Statue","Velvet Choker"],"picked":"Eternal Feather"},{"not_picked":["Pandora\u0027s Box","Lizard Tail"],"picked":"Runic Pyramid"}],"items_purged_floors":[3,20],"is_endless":false,"potions_floor_spawned":[6,16,21,29,30,33,45],"ascension_level":20}