{"gold_per_floor":[114,185,195,209,226,261,261,296,296,296,330,389,389,418,418,516,516,530,530,541,541,557,557,557,557,582,601,617,637,234,251,251,352,352,364,364,364,377,477,477],"floor_reached":40,"playtime":2987,"items_purged":["Distraction"],"score":437,"play_id":"207cbcea-de4d-41ef-be34-a7ad70fa4d4e","local_time":"20190130171942","is_ascension_mode":true,"campfire_choices":[{"data":"Envenom","floor":7.0,"key":"SMITH"},{"floor":10.0,"key":"REST"},{"floor":13.0,"key":"REST"},{"floor":15.0,"key":"REST"},{"data":"Phantasmal Killer","floor":23.0,"key":"SMITH"},{"floor":25.0,"key":"REST"},{"floor":32.0,"key":"REST"}],"neow_cost":"NONE","seed_source_timestamp":0,"circlet_count":0,"master_deck":["Survivor","Neutralize","Dash","Quick Slash","Prepared","Backstab","Envenom+1","Riddle With Holes","Skewer","Quick Slash","Acrobatics","Phantasmal Killer+1","Bane","Slice","Infinite Blades","Corpse Explosion","PiercingWail","Tactician","Distraction","Glass Knife","Backflip","Blade Dance+1","Dagger Throw","Backflip","Predator","Escape Plan","Burst","Poisoned Stab","Madness","Madness","Backflip+1","Underhanded Strike"],"special_seed":0,"relics":["Ring of the Serpent","Smiling Mask","Tough Bandages","Gremlin Horn","Mummified Hand","Bronze Scales","The Specimen","Matryoshka","Pandora\u0027s Box","Nilry\u0027s Codex","Blood Vial","MealTicket","Oddly Smooth Stone","Unceasing Top"],"potions_floor_usage":[40],"damage_taken":[{"damage":0.0,"enemies":"2 Louse","floor":1.0,"turns":3.0},{"damage":0.0,"enemies":"Small Slimes","floor":3.0,"turns":4.0},{"damage":0.0,"enemies":"Jaw Worm","floor":4.0,"turns":4.0},{"damage":5.0,"enemies":"Exordium Wildlife","floor":5.0,"turns":5.0},{"damage":23.0,"enemies":"3 Sentries","floor":6.0,"turns":13.0},{"damage":33.0,"enemies":"Gremlin Nob","floor":8.0,"turns":5.0},{"damage":7.0,"enemies":"3 Sentries","floor":11.0,"turns":6.0},{"damage":19.0,"enemies":"Lagavulin Event","floor":12.0,"turns":5.0},{"damage":13.0,"enemies":"Lagavulin","floor":14.0,"turns":5.0},{"damage":40.0,"enemies":"Slime Boss","floor":16.0,"turns":10.0},{"damage":24.0,"enemies":"2 Thieves","floor":18.0,"turns":3.0},{"damage":22.0,"enemies":"Colosseum Slavers","floor":19.0,"turns":2.0},{"damage":0.0,"enemies":"3 Byrds","floor":20.0,"turns":2.0},{"damage":15.0,"enemies":"Snake Plant","floor":22.0,"turns":3.0},{"damage":15.0,"enemies":"Snecko","floor":27.0,"turns":3.0},{"damage":7.0,"enemies":"Shelled Parasite and Fungi","floor":28.0,"turns":4.0},{"damage":7.0,"enemies":"Centurion and Healer","floor":29.0,"turns":3.0},{"damage":14.0,"enemies":"Snecko","floor":31.0,"turns":5.0},{"damage":21.0,"enemies":"Champ","floor":33.0,"turns":11.0},{"damage":15.0,"enemies":"Orb Walker","floor":35.0,"turns":3.0},{"damage":6.0,"enemies":"3 Darklings","floor":38.0,"turns":3.0},{"damage":0.0,"enemies":"Mind Bloom Boss Battle","floor":39.0,"turns":6.0},{"damage":48,"enemies":"Nemesis","floor":40,"turns":4}],"seed_played":"-5425824023865241074","potions_obtained":[{"floor":1.0,"key":"Regen Potion"},{"floor":5.0,"key":"GamblersBrew"},{"floor":8.0,"key":"SkillPotion"},{"floor":12.0,"key":"GamblersBrew"},{"floor":18.0,"key":"EssenceOfSteel"},{"floor":27.0,"key":"GamblersBrew"},{"floor":28.0,"key":"GhostInAJar"},{"floor":31.0,"key":"Energy Potion"},{"floor":33.0,"key":"Fire Potion"}],"is_trial":false,"path_per_floor":["M","?","M","M","M","E","R","E","T","R","E","?","R","E","R","B",null,"M","?","M","?","M","R","?","R","T","M","M","M","$","M","R","B",null,"M","?","?","M","?","E"],"character_chosen":"THE_SILENT","items_purchased":["MealTicket","Oddly Smooth Stone"],"campfire_rested":5,"item_purchase_floors":[30,30],"current_hp_per_floor":[70,70,70,70,65,42,42,9,9,30,23,13,34,21,42,2,70,46,24,24,47,32,32,16,37,37,24,19,14,14,2,23,4,70,55,46,46,42,44,0],"gold":477,"neow_bonus":"RANDOM_COMMON_RELIC","is_prod":false,"is_daily":false,"chose_seed":false,"campfire_upgraded":2,"win_rate":0,"timestamp":1548865182,"path_taken":["M","?","M","M","M","E","R","E","T","R","E","?","R","E","R","BOSS","M","?","M","?","M","R","?","R","T","M","M","M","$","M","R","BOSS","M","?","?","?","?","E"],"build_version":"2019-01-23","purchased_purges":1,"victory":false,"max_hp_per_floor":[70,70,70,70,70,70,70,70,70,70,70,70,70,70,70,70,70,70,70,70,70,70,70,70,70,70,70,70,70,70,70,70,70,70,70,70,70,70,70,70],"card_choices":[{"not_picked":["Blur","Eviscerate"],"picked":"Dash","floor":1.0},{"not_picked":["Dagger Spray","Concentrate"],"picked":"Quick Slash","floor":3.0},{"not_picked":["Footwork","Bane"],"picked":"Prepared","floor":4.0},{"not_picked":["Dash","Leg Sweep"],"picked":"Backstab","floor":5.0},{"not_picked":["Prepared","Catalyst"],"picked":"Envenom","floor":6.0},{"not_picked":["PiercingWail","Dodge and Roll"],"picked":"Riddle With Holes","floor":8.0},{"not_picked":["Envenom","Doppelganger"],"picked":"Skewer","floor":11.0},{"not_picked":["Flechettes","Dagger Spray"],"picked":"Quick Slash","floor":12.0},{"not_picked":["Grand Finale","Dagger Throw"],"picked":"Acrobatics","floor":14.0},{"not_picked":["Malaise","A Thousand Cuts"],"picked":"Phantasmal Killer","floor":16.0},{"not_picked":["Caltrops","Quick Slash","Acrobatics"],"picked":"SKIP","floor":18.0},{"not_picked":["Bouncing Flask","Choke"],"picked":"Blade Dance+1","floor":20.0},{"not_picked":["Endless Agony","Riddle With Holes"],"picked":"Dagger Throw","floor":22.0},{"not_picked":["Dagger Spray+1","Dodge and Roll"],"picked":"Backflip","floor":27.0},{"not_picked":["PiercingWail","Deflect+1"],"picked":"Predator","floor":28.0},{"not_picked":["Poisoned Stab","Flechettes","Deadly Poison"],"picked":"SKIP","floor":29.0},{"not_picked":["Dagger Throw","Dodge and Roll"],"picked":"Escape Plan","floor":31.0},{"not_picked":["Glass Knife","Unload"],"picked":"Burst","floor":33.0},{"not_picked":["Backflip","Expertise"],"picked":"Poisoned Stab","floor":35.0},{"not_picked":["Riddle With Holes+1","PiercingWail+1"],"picked":"Backflip+1","floor":38.0},{"not_picked":["Well Laid Plans","Deflect+1"],"picked":"Underhanded Strike","floor":39.0}],"player_experience":272089,"relics_obtained":[{"floor":6.0,"key":"Tough Bandages"},{"floor":8.0,"key":"Gremlin Horn"},{"floor":9.0,"key":"Mummified Hand"},{"floor":11.0,"key":"Bronze Scales"},{"floor":14.0,"key":"Matryoshka"},{"floor":24.0,"key":"Nilry\u0027s Codex"},{"floor":26.0,"key":"Blood Vial"},{"floor":39.0,"key":"Unceasing Top"}],"event_choices":[{"damage_healed":0.0,"max_hp_gain":0.0,"max_hp_loss":0.0,"gold_gain":71.0,"event_name":"Golden Wing","player_choice":"Gained Gold","floor":2.0,"gold_loss":0.0,"damage_taken":0.0},{"damage_healed":0.0,"max_hp_gain":0.0,"max_hp_loss":0.0,"gold_gain":0.0,"event_name":"Dead Adventurer","player_choice":"Searched \u00272\u0027 times","floor":12.0,"gold_loss":0.0,"damage_taken":0.0,"relics_obtained":["The Specimen"]},{"damage_healed":0.0,"max_hp_gain":0.0,"max_hp_loss":0.0,"gold_gain":0.0,"event_name":"Colosseum","player_choice":"Fight","floor":19.0,"gold_loss":0.0,"damage_taken":0.0},{"damage_healed":0.0,"max_hp_gain":0.0,"max_hp_loss":0.0,"gold_gain":0.0,"event_name":"Colosseum","player_choice":"Fled From Nobs","floor":19.0,"gold_loss":0.0,"damage_taken":0.0},{"damage_healed":23.0,"max_hp_gain":0.0,"max_hp_loss":0.0,"gold_gain":0.0,"event_name":"The Library","player_choice":"Heal","floor":21.0,"gold_loss":0.0,"damage_taken":0.0},{"damage_healed":0.0,"max_hp_gain":0.0,"max_hp_loss":0.0,"gold_gain":0.0,"event_name":"Cursed Tome","player_choice":"Obtained Book","floor":24.0,"gold_loss":0.0,"damage_taken":16.0},{"damage_healed":0.0,"max_hp_gain":0.0,"max_hp_loss":0.0,"gold_gain":0.0,"event_name":"Winding Halls","player_choice":"Embrace Madness","floor":36.0,"gold_loss":0.0,"damage_taken":9.0,"cards_obtained":["Madness","Madness"]},{"damage_healed":0.0,"max_hp_gain":0.0,"max_hp_loss":0.0,"gold_gain":0.0,"event_name":"Mysterious Sphere","player_choice":"Ignored","floor":37.0,"gold_loss":0.0,"damage_taken":0.0},{"damage_healed":0.0,"max_hp_gain":0.0,"max_hp_loss":0.0,"gold_gain":0.0,"event_name":"MindBloom","player_choice":"Fight","floor":39.0,"gold_loss":0.0,"damage_taken":0.0}],"is_beta":false,"boss_relics":[{"not_picked":["Coffee Dripper","Lizard Tail"],"picked":"Pandora\u0027s Box"},{"not_picked":["Velvet Choker","Astrolabe"],"picked":"Ring of the Serpent"}],"items_purged_floors":[30],"is_endless":false,"potions_floor_spawned":[1,5,8,12,18,19,27,28,31,33],"killed_by":"Nemesis","ascension_level":1}