{"gold_per_floor":[113,132,57,71,71,71,60,60,60,60,60,60,77,77,77,174,174,186,203,203],"floor_reached":20,"playtime":687,"items_purged":["Defend_G"],"score":164,"play_id":"a4edbbe6-9840-4f71-956c-5ede0781540a","local_time":"20190206005422","is_ascension_mode":false,"campfire_choices":[{"data":"Neutralize","floor":6,"key":"SMITH"},{"data":"Survivor","floor":8,"key":"SMITH"},{"floor":12,"key":"REST"},{"floor":15,"key":"REST"}],"neow_cost":"NONE","seed_source_timestamp":2515248799237,"circlet_count":0,"master_deck":["Defend_G+1","Defend_G","Defend_G","Defend_G","Strike_G","Strike_G+1","Strike_G","Survivor+1","Neutralize+1","Calculated Gamble","Skewer"],"relics":["Ring of the Snake","Centennial Puzzle","Gremlin Horn","Cursed Key"],"potions_floor_usage":[16,20],"damage_taken":[{"damage":0,"enemies":"Small Slimes","floor":1,"turns":4},{"damage":5,"enemies":"Jaw Worm","floor":2,"turns":7},{"damage":0,"enemies":"2 Louse","floor":4,"turns":3},{"damage":4,"enemies":"Exordium Thugs","floor":7,"turns":4},{"damage":0,"enemies":"Blue Slaver","floor":13,"turns":4},{"damage":28,"enemies":"The Guardian","floor":16,"turns":18},{"damage":35,"enemies":"Chosen","floor":18,"turns":10},{"damage":26,"enemies":"Spheric Guardian","floor":19,"turns":8},{"damage":9,"enemies":"Snake Plant","floor":20,"turns":3}],"seed_played":"-8607806691081851051","potions_obtained":[{"floor":4,"key":"LiquidBronze"},{"floor":16,"key":"LiquidBronze"}],"is_trial":false,"path_per_floor":["M","M","$","M","$","R","M","R","T","?","?","R","M","?","R","B",null,"M","M","M"],"character_chosen":"THE_SILENT","items_purchased":[],"campfire_rested":2,"item_purchase_floors":[],"current_hp_per_floor":[70,65,65,65,65,65,61,61,61,54,36,57,57,43,64,36,70,35,9,0],"gold":203,"neow_bonus":"TRANSFORM_CARD","is_prod":false,"is_daily":false,"chose_seed":false,"campfire_upgraded":2,"win_rate":0,"timestamp":1549432462,"path_taken":["M","M","$","M","$","R","M","R","T","?","?","R","M","?","R","BOSS","M","M","M"],"build_version":"2019-01-23","purchased_purges":1,"victory":false,"max_hp_per_floor":[70,70,70,70,70,70,70,70,70,70,70,70,70,70,70,70,70,70,70,70],"card_choices":[{"not_picked":["Deflect","Reflex","Footwork"],"picked":"SKIP","floor":1},{"not_picked":["Sucker Punch","Blade Dance","Escape Plan"],"picked":"SKIP","floor":2},{"not_picked":["Dodge and Roll","Acrobatics","Poisoned Stab"],"picked":"SKIP","floor":4},{"not_picked":["Underhanded Strike","Calculated Gamble","Flechettes"],"picked":"SKIP","floor":7},{"not_picked":["Cloak And Dagger","Predator","Prepared"],"picked":"SKIP","floor":13},{"not_picked":["Footwork","Quick Slash+1"],"picked":"Skewer","floor":18},{"not_picked":["Endless Agony","Cloak And Dagger","Poisoned Stab+1"],"picked":"SKIP","floor":19}],"player_experience":461478,"relics_obtained":[{"floor":9,"key":"Centennial Puzzle"}],"event_choices":[{"cards_removed":["Strike_G"],"damage_healed":0,"gold_gain":0,"player_choice":"Card Removal","damage_taken":7,"max_hp_gain":0,"max_hp_loss":0,"event_name":"Golden Wing","floor":10,"gold_loss":0},{"damage_healed":0,"gold_gain":0,"player_choice":"Success","damage_taken":18,"relics_obtained":["Gremlin Horn"],"max_hp_gain":0,"max_hp_loss":0,"event_name":"Scrap Ooze","floor":11,"gold_loss":0},{"damage_healed":0,"gold_gain":0,"player_choice":"Entered Light","damage_taken":14,"max_hp_gain":0,"max_hp_loss":0,"event_name":"Shining Light","floor":14,"gold_loss":0,"cards_upgraded":["Defend_G","Strike_G"]}],"is_beta":false,"boss_relics":[{"not_picked":["Ring of the Serpent","Lizard Tail"],"picked":"Cursed Key"}],"items_purged_floors":[3],"is_endless":false,"potions_floor_spawned":[4,16],"killed_by":"Snake Plant","ascension_level":0}