{"gold_per_floor":[117,42,42,142,153,153,183,196,249,249,262,262,275,285,285,386,386,405,84,84,84,96,96,110,110,110,110,143,143,143,169,169,169],"floor_reached":33,"playtime":1072,"items_purged":["Defend_B"],"score":455,"play_id":"bc78b483-0347-4712-b229-07aea8d3f449","local_time":"20180914142727","is_ascension_mode":true,"campfire_choices":[{"data":"Zap","floor":6,"key":"SMITH"},{"floor":10,"key":"REST"},{"data":"Chaos","floor":12,"key":"SMITH"},{"data":"Loop","floor":15,"key":"SMITH"},{"data":"Fission","floor":23,"key":"SMITH"},{"floor":25,"key":"REST"},{"data":"Loop","floor":27,"key":"SMITH"},{"floor":30,"key":"REST"},{"floor":32,"key":"REST"}],"neow_cost":"PERCENT_DAMAGE","seed_source_timestamp":62386213034935,"circlet_count":0,"master_deck":["Defend_B","Defend_B","Zap+1","Dualcast","Stack","Ball Lightning","Gash","Go for the Eyes","Chaos+1","Loop+1","Leap","Fission+1","Beam Cell","Loop+1","Gash","Gash+1","Gash"],"relics":["Cracked Core","Regal Pillow","Juzu Bracelet","Empty Cage","Cables","Pantograph","Gremlin Horn","Omamori"],"potions_floor_usage":[],"damage_taken":[{"damage":1,"enemies":"Cultist","floor":1,"turns":4},{"damage":12,"enemies":"Jaw Worm","floor":5,"turns":2},{"damage":30,"enemies":"Lagavulin","floor":7,"turns":5},{"damage":1,"enemies":"2 Louse","floor":8,"turns":2},{"damage":0,"enemies":"2 Fungi Beasts","floor":11,"turns":2},{"damage":14,"enemies":"Exordium Thugs","floor":13,"turns":5},{"damage":9,"enemies":"3 Louse","floor":14,"turns":3},{"damage":0,"enemies":"Slime Boss","floor":16,"turns":6},{"damage":27,"enemies":"Shell Parasite","floor":18,"turns":5},{"damage":6,"enemies":"Spheric Guardian","floor":22,"turns":3},{"damage":41,"enemies":"Snecko","floor":24,"turns":6},{"damage":14,"enemies":"Gremlin Leader","floor":28,"turns":4},{"damage":55,"enemies":"Slavers","floor":31,"turns":6},{"damage":74,"enemies":"Collector","floor":33,"turns":6}],"seed_played":"-1139653727678209601","potions_obtained":[{"floor":8,"key":"Energy Potion"},{"floor":11,"key":"SteroidPotion"},{"floor":14,"key":"FearPotion"}],"is_trial":false,"path_per_floor":["M","$","?","?","M","R","E","M","T","R","M","R","M","M","R","B",null,"M","$","?","$","M","R","M","R","T","R","E","?","R","E","R"],"character_chosen":"DEFECT","items_purchased":["Loop","Cables"],"campfire_rested":4,"item_purchase_floors":[19,19],"current_hp_per_floor":[53,53,53,53,41,41,11,10,10,47,47,47,33,24,24,24,75,48,48,48,48,42,42,1,38,38,38,24,24,61,6,43,0],"gold":169,"neow_bonus":"REMOVE_TWO","is_prod":false,"is_daily":false,"chose_seed":false,"campfire_upgraded":5,"win_rate":0,"timestamp":1536902847,"path_taken":["M","?","?","?","M","R","E","M","T","R","M","R","M","M","R","BOSS","M","$","?","$","M","R","M","R","T","R","E","?","R","E","R","BOSS"],"build_version":"2018-09-12","purchased_purges":1,"victory":false,"max_hp_per_floor":[75,75,75,75,75,75,75,75,75,75,75,75,75,75,75,75,75,75,75,75,75,75,75,75,75,75,75,75,75,75,75,75,75],"card_choices":[{"not_picked":["Steam","Redo"],"picked":"Stack","floor":1},{"not_picked":["Consume","Rebound"],"picked":"Ball Lightning","floor":5},{"not_picked":["Turbo","Reboot"],"picked":"Gash","floor":7},{"not_picked":["Force Field","Leap"],"picked":"Go for the Eyes","floor":8},{"not_picked":["Darkness","Compile Driver"],"picked":"Chaos","floor":11},{"not_picked":["Aggregate","Streamline"],"picked":"Loop","floor":13},{"not_picked":["Double Energy","Reprogram"],"picked":"Leap","floor":14},{"not_picked":["Meteor Strike","Thunder Strike"],"picked":"Fission","floor":16},{"not_picked":["Genetic Algorithm+1","Compile Driver+1"],"picked":"Beam Cell","floor":18},{"not_picked":["Static Discharge","Hologram"],"picked":"Gash","floor":22},{"not_picked":["Rebound+1","Reinforced Body"],"picked":"Gash+1","floor":24},{"not_picked":["Streamline","Steam Power","Amplify"],"picked":"SKIP","floor":28},{"not_picked":["Rebound","Double Energy+1"],"picked":"Gash","floor":31}],"player_experience":419093,"relics_obtained":[{"floor":7,"key":"Regal Pillow"},{"floor":9,"key":"Juzu Bracelet"},{"floor":26,"key":"Pantograph"},{"floor":28,"key":"Gremlin Horn"},{"floor":31,"key":"Omamori"}],"event_choices":[{"event_name":"Living Wall","player_choice":"Forget","floor":3,"damage_taken":0},{"event_name":"Wheel of Change","player_choice":"Gold","floor":4,"damage_taken":0},{"event_name":"Beggar","player_choice":"Ignored","floor":20,"damage_taken":0},{"event_name":"Vampires","player_choice":"Ignored","floor":29,"damage_taken":0}],"is_beta":true,"boss_relics":[{"not_picked":["Coffee Dripper","Tiny House"],"picked":"Empty Cage"}],"items_purged_floors":[2],"is_endless":false,"potions_floor_spawned":[8,11,14,24,28,31],"killed_by":"Collector","ascension_level":4}