{"gold_per_floor":[116,116,127,277,277,312,340,352,364,386,469,481,174,174,174,246,246,264,264],"floor_reached":19,"playtime":514,"items_purged":["Doubt"],"score":400,"play_id":"6018cf11-3f1e-4b0e-91cb-9f925f54610b","local_time":"20190116164728","is_ascension_mode":true,"campfire_choices":[{"data":"Zap","floor":8,"key":"SMITH"},{"data":"Creative AI","floor":12,"key":"SMITH"},{"data":"Reinforced Body","floor":15,"key":"SMITH"}],"neow_cost":"NONE","seed_source_timestamp":190061858362354,"circlet_count":0,"master_deck":["AscendersBane","Strike_B","Strike_B","Strike_B","Strike_B","Defend_B+1","Defend_B","Defend_B","Defend_B+1","Zap+1","Dualcast","Ball Lightning","Go for the Eyes","BootSequence","Reinforced Body+1","Creative AI+1","Sunder+1","Biased Cognition","Conserve Battery"],"relics":["Cracked Core","NeowsBlessing","MawBank","Molten Egg 2","Shuriken","Lantern","White Beast Statue"],"potions_floor_usage":[14,14,18],"damage_taken":[{"damage":0,"enemies":"Cultist","floor":1,"turns":1},{"damage":0,"enemies":"Jaw Worm","floor":3,"turns":1},{"damage":0,"enemies":"Lagavulin","floor":6,"turns":1},{"damage":0,"enemies":"Small Slimes","floor":7,"turns":3},{"damage":0,"enemies":"Red Slaver","floor":10,"turns":3},{"damage":8,"enemies":"Gremlin Nob","floor":14,"turns":3},{"damage":27,"enemies":"Slime Boss","floor":16,"turns":10},{"damage":29,"enemies":"2 Thieves","floor":18,"turns":5},{"damage":30,"enemies":"3 Byrds","floor":19,"turns":4}],"seed_played":"5852305509539359676","potions_obtained":[{"floor":5,"key":"SmokeBomb"},{"floor":5,"key":"Fire Potion"},{"floor":16,"key":"SkillPotion"},{"floor":18,"key":"Energy Potion"}],"is_trial":false,"path_per_floor":["M","?","M","?","?","E","M","R","T","M","T","R","$","E","R","B",null,"M","M"],"character_chosen":"DEFECT","items_purchased":["Lantern","Sunder+1"],"campfire_rested":0,"item_purchase_floors":[13,13],"current_hp_per_floor":[64,43,43,43,43,43,43,43,43,43,43,43,43,35,35,8,55,26,0],"gold":264,"neow_bonus":"THREE_ENEMY_KILL","is_prod":false,"is_daily":false,"chose_seed":false,"campfire_upgraded":3,"win_rate":0,"timestamp":1547624848,"path_taken":["M","?","M","?","?","E","M","R","T","?","?","R","?","E","R","BOSS","M","M"],"build_version":"2019-01-10","purchased_purges":1,"victory":false,"max_hp_per_floor":[71,71,71,71,71,71,71,71,71,71,71,71,71,71,71,71,71,71,71],"card_choices":[{"not_picked":["Beam Cell","Loop"],"picked":"Ball Lightning","floor":1},{"not_picked":["Scrape","Stack"],"picked":"Go for the Eyes","floor":3},{"not_picked":["White Noise","Turbo"],"picked":"BootSequence","floor":6},{"not_picked":["Undo","Go for the Eyes"],"picked":"Reinforced Body","floor":7},{"not_picked":["Coolheaded","Beam Cell+1"],"picked":"Creative AI","floor":10},{"not_picked":["Core Surge+1","Fission"],"picked":"Biased Cognition","floor":16},{"not_picked":["Redo","Ball Lightning+1"],"picked":"Conserve Battery","floor":18}],"player_experience":833324,"relics_obtained":[{"floor":6,"key":"MawBank"},{"floor":9,"key":"Molten Egg 2"},{"floor":11,"key":"Shuriken"}],"event_choices":[{"damage_healed":0,"gold_gain":0,"player_choice":"Entered Light","damage_taken":21,"max_hp_gain":0,"max_hp_loss":0,"event_name":"Shining Light","floor":2,"gold_loss":0,"cards_upgraded":["Defend_B","Defend_B"]},{"damage_healed":0,"gold_gain":150,"player_choice":"AGREE","damage_taken":0,"max_hp_gain":0,"max_hp_loss":0,"event_name":"Liars Game","floor":4,"gold_loss":0,"cards_obtained":["Doubt"]},{"damage_healed":0,"gold_gain":0,"player_choice":"Got Potions","damage_taken":0,"max_hp_gain":0,"max_hp_loss":0,"event_name":"Lab","floor":5,"gold_loss":0}],"is_beta":false,"boss_relics":[{"not_picked":["Tiny House","Calling Bell"],"picked":"White Beast Statue"}],"items_purged_floors":[13],"is_endless":false,"potions_floor_spawned":[7,10,16,18],"killed_by":"3 Byrds","ascension_level":20}