{"gold_per_floor":[119,136,156,169,188,204,204,204,204,220,220,220,220,220,220,340,340,363,363,382,106,124,145,145,145,192,192,218,249,249,266,266,367,367,377,377,393,406,418,418,418,418,418,418,431,448,458,472,472,472,472,472,294,324,324],"floor_reached":55,"playtime":2738,"items_purged":["Strike_R","Normality"],"score":715,"play_id":"ffc7a4c3-1474-4d08-b4b7-aad76ba8945d","local_time":"20181217235630","is_ascension_mode":false,"campfire_choices":[{"data":"Barricade","floor":8,"key":"SMITH"},{"data":"Armaments","floor":12,"key":"SMITH"},{"floor":15,"key":"RECALL"},{"data":"Limit Break","floor":24,"key":"SMITH"},{"data":"Heavy Blade","floor":32,"key":"SMITH"},{"data":"Demon Form","floor":42,"key":"SMITH"},{"data":"Offering","floor":44,"key":"SMITH"},{"data":"Impervious","floor":49,"key":"SMITH"},{"data":"Clothesline","floor":52,"key":"SMITH"}],"neow_cost":"TEN_PERCENT_HP_LOSS","seed_source_timestamp":22431952120538,"circlet_count":0,"master_deck":["Strike_R","Strike_R","Defend_R","Defend_R","Defend_R","Defend_R","Bash","Offering+1","Flex","Heavy Blade+1","Shrug It Off","Barricade+1","Armaments+1","Impervious+1","Clothesline+1","Limit Break+1","Shrug It Off","Demon Form+1","Metallicize+1","Uppercut+1","Reaper","Entrench+1","Whirlwind+1","Shrug It Off+1","Battle Trance"],"relics":["Burning Blood","Bloody Idol","Mango","Matryoshka","Velvet Choker","Brimstone","Potion Belt","Vajra","MutagenicStrength","Dream Catcher","Regal Pillow","Happy Flower","Cursed Key","Mummified Hand","Kunai"],"potions_floor_usage":[33,55],"damage_taken":[{"damage":6,"enemies":"Cultist","floor":1,"turns":3},{"damage":15,"enemies":"Small Slimes","floor":2,"turns":4},{"damage":17,"enemies":"Jaw Worm","floor":3,"turns":5},{"damage":2,"enemies":"3 Louse","floor":4,"turns":3},{"damage":3,"enemies":"2 Fungi Beasts","floor":5,"turns":3},{"damage":17,"enemies":"Red Slaver","floor":6,"turns":3},{"damage":6,"enemies":"Looter","floor":10,"turns":4},{"damage":10,"enemies":"The Guardian","floor":16,"turns":16},{"damage":19,"enemies":"2 Thieves","floor":18,"turns":4},{"damage":11,"enemies":"Shell Parasite","floor":20,"turns":6},{"damage":6,"enemies":"Snecko","floor":22,"turns":3},{"damage":6,"enemies":"Centurion and Healer","floor":23,"turns":4},{"damage":35,"enemies":"Book of Stabbing","floor":29,"turns":5},{"damage":14,"enemies":"Snake Plant","floor":31,"turns":4},{"damage":36,"enemies":"Collector","floor":33,"turns":7},{"damage":6,"enemies":"Orb Walker","floor":35,"turns":3},{"damage":8,"enemies":"3 Shapes","floor":37,"turns":5},{"damage":6,"enemies":"3 Darklings","floor":38,"turns":4},{"damage":16,"enemies":"Sphere and 2 Shapes","floor":39,"turns":5},{"damage":35,"enemies":"4 Shapes","floor":45,"turns":3},{"damage":6,"enemies":"3 Darklings","floor":46,"turns":5},{"damage":0,"enemies":"Spire Growth","floor":47,"turns":3},{"damage":14,"enemies":"Sphere and 2 Shapes","floor":48,"turns":6},{"damage":36,"enemies":"Donu and Deca","floor":50,"turns":6},{"damage":56,"enemies":"Shield and Spear","floor":54,"turns":6},{"damage":108,"enemies":"The Heart","floor":55,"turns":6}],"seed_played":"-4072769960661121734","potions_obtained":[{"floor":1,"key":"SmokeBomb"},{"floor":4,"key":"SkillPotion"},{"floor":6,"key":"SteroidPotion"},{"floor":22,"key":"BloodPotion"},{"floor":29,"key":"SteroidPotion"},{"floor":36,"key":"LiquidBronze"},{"floor":36,"key":"Weak Potion"},{"floor":38,"key":"BloodPotion"},{"floor":39,"key":"EntropicBrew"}],"is_trial":false,"path_per_floor":["M","M","M","M","M","M","?","R","T","M","?","R","T","?","R","B",null,"M","?","M","$","M","M","R","?","T","?","T","E","?","M","R","B",null,"M","?","M","M","M","?","?","R","T","R","M","M","M","M","R","B",null,"R","$","E","B"],"character_chosen":"IRONCLAD","items_purchased":["Brimstone","Battle Trance"],"campfire_rested":0,"item_purchase_floors":[21,53],"current_hp_per_floor":[72,63,52,56,59,48,48,48,62,62,62,62,62,55,55,51,81,68,68,63,63,63,63,63,63,63,63,63,34,34,31,31,14,81,81,81,81,81,81,81,81,81,81,81,81,81,81,81,81,51,81,81,81,81,0],"gold":324,"neow_bonus":"THREE_RARE_CARDS","is_prod":false,"is_daily":false,"chose_seed":false,"campfire_upgraded":8,"win_rate":0,"timestamp":1545058590,"path_taken":["M","?","M","M","M","M","?","R","T","M","?","R","?","?","R","BOSS","M","?","M","$","?","M","R","?","T","?","?","E","?","M","R","BOSS","M","?","?","M","M","?","?","R","T","R","M","?","?","M","R","BOSS","R","$","E","BOSS"],"build_version":"2018-12-13","purchased_purges":2,"victory":false,"max_hp_per_floor":[72,72,72,72,72,72,67,67,81,81,81,81,81,81,81,81,81,81,81,81,81,81,81,81,81,81,81,81,81,81,81,81,81,81,81,81,81,81,81,81,81,81,81,81,81,81,81,81,81,81,81,81,81,81,81],"card_choices":[{"not_picked":["Limit Break","Bludgeon"],"picked":"Offering","floor":0},{"not_picked":["Dual Wield","Anger","Feel No Pain"],"picked":"SKIP","floor":1},{"not_picked":["Body Slam","Sword Boomerang"],"picked":"Flex","floor":2},{"not_picked":["Sentinel","Feel No Pain"],"picked":"Heavy Blade","floor":3},{"not_picked":["Corruption","Headbutt","Sword Boomerang"],"picked":"SKIP","floor":4},{"not_picked":["Power Through","Twin Strike"],"picked":"Shrug It Off","floor":5},{"not_picked":["Flex","Havoc"],"picked":"Barricade","floor":6},{"not_picked":["Hemokinesis","Flex"],"picked":"Armaments","floor":10},{"not_picked":["Barricade","Reaper"],"picked":"Impervious","floor":16},{"not_picked":["Shrug It Off","Dropkick+1"],"picked":"Clothesline","floor":18},{"not_picked":["Iron Wave","Reckless Charge+1"],"picked":"Shrug It Off","floor":20},{"not_picked":["Heavy Blade","Bloodletting+1","Twin Strike"],"picked":"SKIP","floor":22},{"not_picked":["Warcry","Sword Boomerang"],"picked":"Demon Form","floor":23},{"not_picked":["Body Slam","Warcry"],"picked":"Metallicize+1","floor":29},{"not_picked":["Wild Strike","Havoc"],"picked":"Uppercut+1","floor":31},{"not_picked":["Berserk","Feed"],"picked":"Reaper","floor":33},{"not_picked":["Twin Strike+1","Whirlwind"],"picked":"Entrench","floor":35},{"not_picked":["Havoc+1","Pommel Strike","Twin Strike"],"picked":"SKIP","floor":37},{"not_picked":["Cleave","Thunderclap","Dropkick+1"],"picked":"SKIP","floor":38},{"not_picked":["Ghostly Armor","Carnage+1","Corruption+1"],"picked":"SKIP","floor":39},{"not_picked":["Clash","Ghostly Armor+1"],"picked":"Whirlwind+1","floor":45},{"not_picked":["Second Wind+1","Armaments","Ghostly Armor"],"picked":"SKIP","floor":46},{"not_picked":["Body Slam","Armaments","Feed"],"picked":"SKIP","floor":47},{"not_picked":["Anger","Body Slam"],"picked":"Shrug It Off+1","floor":48},{"not_picked":["Clash+1","Dual Wield+1","Bludgeon"],"picked":"SKIP","floor":54}],"player_experience":639618,"relics_obtained":[{"floor":9,"key":"Mango"},{"floor":13,"key":"Matryoshka"},{"floor":26,"key":"Vajra"},{"floor":28,"key":"Dream Catcher"},{"floor":28,"key":"Regal Pillow"},{"floor":29,"key":"Happy Flower"},{"floor":43,"key":"Mummified Hand"},{"floor":54,"key":"Kunai"}],"event_choices":[{"damage_healed":0,"gold_gain":0,"player_choice":"Lose Max HP","damage_taken":0,"relics_obtained":["Golden Idol"],"max_hp_gain":0,"max_hp_loss":5,"event_name":"Golden Idol","floor":7,"gold_loss":0},{"cards_removed":["Strike_R"],"damage_healed":0,"gold_gain":0,"player_choice":"Forget","damage_taken":0,"max_hp_gain":0,"max_hp_loss":0,"event_name":"Living Wall","floor":11,"gold_loss":0},{"cards_removed":["Strike_R"],"damage_healed":0,"gold_gain":0,"player_choice":"Card Removal","damage_taken":7,"max_hp_gain":0,"max_hp_loss":0,"event_name":"Golden Wing","floor":14,"gold_loss":0},{"damage_healed":0,"gold_gain":0,"player_choice":"1 cards matched","damage_taken":0,"max_hp_gain":0,"max_hp_loss":0,"event_name":"Match and Keep!","floor":19,"gold_loss":0,"cards_obtained":["Limit Break"]},{"damage_healed":0,"gold_gain":0,"player_choice":"Opened","damage_taken":0,"relics_obtained":["Potion Belt"],"max_hp_gain":0,"max_hp_loss":0,"event_name":"The Mausoleum","floor":25,"gold_loss":0},{"damage_healed":0,"gold_gain":0,"player_choice":"Inject Mutagens","damage_taken":0,"relics_obtained":["MutagenicStrength"],"max_hp_gain":0,"max_hp_loss":0,"event_name":"Drug Dealer","floor":27,"gold_loss":0},{"damage_healed":0,"gold_gain":0,"player_choice":"Gave Idol","damage_taken":0,"relics_obtained":["Bloody Idol"],"max_hp_gain":0,"max_hp_loss":0,"event_name":"Forgotten Altar","floor":30,"relics_lost":["Golden Idol"],"gold_loss":0},{"damage_healed":0,"gold_gain":0,"player_choice":"Got Potions","damage_taken":0,"max_hp_gain":0,"max_hp_loss":0,"event_name":"Lab","floor":36,"gold_loss":0},{"damage_healed":0,"gold_gain":0,"player_choice":"Ignored","damage_taken":0,"max_hp_gain":0,"max_hp_loss":0,"event_name":"Tomb of Lord Red Mask","floor":40,"gold_loss":0},{"damage_healed":0,"gold_gain":0,"player_choice":"Upgraded","damage_taken":0,"max_hp_gain":0,"max_hp_loss":0,"event_name":"Upgrade Shrine","floor":41,"gold_loss":0,"cards_upgraded":["Entrench"]}],"is_beta":false,"boss_relics":[{"not_picked":["Calling Bell","Black Blood"],"picked":"Velvet Choker"},{"not_picked":["Runic Dome","Coffee Dripper"],"picked":"Cursed Key"}],"items_purged_floors":[21,53],"is_endless":false,"potions_floor_spawned":[1,4,6,18,22,29,38,39,45],"killed_by":"The Heart","ascension_level":0}