{"gold_per_floor":[118,132,151,201,215,215,243,243,243,243,19,19,48,63,63,140,140,151,206,206,225,20,52,64,64,64,97,22,49,4,16,16,94,94,107,156,156,67,67,67,67,82,82,82,109,126,146,179,179,179],"floor_reached":50,"playtime":2934,"items_purged":["Bouncing Flask"],"score":1232,"play_id":"9dc2ee61-b599-4072-a8a6-4aaba00067bb","local_time":"20181128013040","is_ascension_mode":true,"campfire_choices":[{"data":"Noxious Fumes","floor":6.0,"key":"SMITH"},{"data":"Neutralize","floor":8.0,"key":"SMITH"},{"data":"Flechettes","floor":10.0,"key":"SMITH"},{"data":"Blur","floor":15.0,"key":"SMITH"},{"data":"Noxious Fumes","floor":25.0,"key":"SMITH"},{"data":"Cloak And Dagger","floor":32.0,"key":"SMITH"},{"data":"Catalyst","floor":40.0,"key":"SMITH"},{"data":"Noxious Fumes","floor":44.0,"key":"SMITH"},{"data":"Cloak And Dagger","floor":49.0,"key":"SMITH"}],"neow_cost":"NONE","seed_source_timestamp":415592052428600,"circlet_count":0,"master_deck":["AscendersBane","Defend_G","Defend_G+1","Defend_G","Defend_G","Defend_G","Survivor","Neutralize+1","Flechettes+1","Noxious Fumes+1","Cloak And Dagger+1","Dash","Blur+1","Dagger Throw+1","Glass Knife+1","Dagger Throw+1","Storm of Steel+1","Sucker Punch+1","Bite+1","Bite+1","Bite+1","Bite+1","Bite+1","Noxious Fumes+1","Dagger Spray+1","Mind Blast+1","Cloak And Dagger+1","Backstab+1","Noxious Fumes+1","Die Die Die+1","Acrobatics","Dodge and Roll+1","Catalyst+1","Predator+1","PiercingWail","Acrobatics"],"special_seed":0,"relics":["White Beast Statue","Molten Egg 2","Tingsha","Bag of Preparation","Bird Faced Urn","Busted Crown","Tiny Chest","Bag of Marbles","Kunai","Orichalcum","Dream Catcher","Cursed Key","FossilizedHelix","War Paint","Omamori"],"potions_floor_usage":[50,50],"damage_taken":[{"damage":3.0,"enemies":"Cultist","floor":1.0,"turns":4.0},{"damage":1.0,"enemies":"Small Slimes","floor":2.0,"turns":4.0},{"damage":2.0,"enemies":"Jaw Worm","floor":3.0,"turns":3.0},{"damage":5.0,"enemies":"Blue Slaver","floor":5.0,"turns":6.0},{"damage":9.0,"enemies":"3 Sentries","floor":7.0,"turns":7.0},{"damage":3.0,"enemies":"Gremlin Nob","floor":13.0,"turns":4.0},{"damage":2.0,"enemies":"Exordium Wildlife","floor":14.0,"turns":2.0},{"damage":14.0,"enemies":"The Guardian","floor":16.0,"turns":9.0},{"damage":8.0,"enemies":"Shell Parasite","floor":18.0,"turns":4.0},{"damage":9.0,"enemies":"2 Thieves","floor":21.0,"turns":4.0},{"damage":26.0,"enemies":"Slavers","floor":23.0,"turns":3.0},{"damage":3.0,"enemies":"Centurion and Healer","floor":24.0,"turns":6.0},{"damage":37.0,"enemies":"Gremlin Leader","floor":27.0,"turns":6.0},{"damage":1.0,"enemies":"Slavers","floor":29.0,"turns":4.0},{"damage":0.0,"enemies":"Cultist and Chosen","floor":31.0,"turns":5.0},{"damage":46.0,"enemies":"Collector","floor":33.0,"turns":9.0},{"damage":13.0,"enemies":"3 Darklings","floor":35.0,"turns":5.0},{"damage":1.0,"enemies":"2 Orb Walkers","floor":36.0,"turns":4.0},{"damage":0.0,"enemies":"Orb Walker","floor":42.0,"turns":1.0},{"damage":8.0,"enemies":"Giant Head","floor":45.0,"turns":7.0},{"damage":0.0,"enemies":"Maw","floor":46.0,"turns":5.0},{"damage":0.0,"enemies":"Transient","floor":47.0,"turns":6.0},{"damage":0.0,"enemies":"Nemesis","floor":48.0,"turns":7.0},{"damage":57,"enemies":"Time Eater","floor":50,"turns":8}],"seed_played":"3486493927636210327","potions_obtained":[{"floor":1.0,"key":"FearPotion"},{"floor":2.0,"key":"GhostInAJar"},{"floor":3.0,"key":"GhostInAJar"},{"floor":7.0,"key":"LiquidBronze"},{"floor":13.0,"key":"Explosive Potion"},{"floor":14.0,"key":"Block Potion"},{"floor":16.0,"key":"Dexterity Potion"},{"floor":21.0,"key":"Dexterity Potion"},{"floor":23.0,"key":"Block Potion"},{"floor":24.0,"key":"SteroidPotion"},{"floor":29.0,"key":"EssenceOfSteel"},{"floor":31.0,"key":"Dexterity Potion"},{"floor":33.0,"key":"Dexterity Potion"},{"floor":35.0,"key":"GamblersBrew"},{"floor":36.0,"key":"GhostInAJar"},{"floor":45.0,"key":"Fire Potion"},{"floor":47.0,"key":"AttackPotion"},{"floor":48.0,"key":"Dexterity Potion"}],"is_trial":false,"path_per_floor":["M","M","M","?","M","R","E","R","T","R","$","?","E","M","R","B",null,"M","T","?","M","$","E","M","R","T","E","$","E","$","M","R","B",null,"M","?","?","$","T","R","$","M","T","R","E","M","M","E","R","B"],"character_chosen":"THE_SILENT","items_purchased":["Bag of Preparation","Dagger Throw+1","Noxious Fumes","Dagger Spray+1","Mind Blast+1","Noxious Fumes","Catalyst"],"campfire_rested":0,"item_purchase_floors":[11,11,22,22,22,30,38],"current_hp_per_floor":[56,55,53,53,48,48,39,39,39,39,39,39,36,34,34,22,55,47,47,46,43,43,33,46,46,46,29,29,45,45,46,46,23,40,44,46,44,44,44,44,44,44,44,44,44,44,44,44,44,0],"gold":179,"neow_bonus":"BOSS_RELIC","is_prod":false,"is_daily":false,"chose_seed":false,"campfire_upgraded":9,"win_rate":0,"timestamp":1543386640,"path_taken":["M","?","M","?","M","R","E","R","T","R","?","?","E","M","R","BOSS","M","?","?","M","?","E","M","R","T","E","$","E","$","?","R","BOSS","M","?","?","$","?","R","$","M","T","R","E","M","M","E","R","BOSS"],"build_version":"2018-11-15","purchased_purges":1,"victory":false,"max_hp_per_floor":[66,66,66,66,66,66,66,66,66,66,66,66,66,66,66,66,66,66,66,46,46,46,46,46,46,46,46,46,46,46,46,46,46,46,46,46,44,44,44,44,44,44,44,44,44,44,44,44,44,44],"card_choices":[{"not_picked":["Quick Slash","Blade Dance"],"picked":"Flechettes","floor":1.0},{"not_picked":["Flechettes","Outmaneuver"],"picked":"Noxious Fumes","floor":2.0},{"not_picked":["Deflect","Outmaneuver"],"picked":"Cloak And Dagger","floor":3.0},{"not_picked":["Outmaneuver","Bane"],"picked":"Dash","floor":5.0},{"not_picked":["Bane","Prepared"],"picked":"Blur","floor":7.0},{"not_picked":["Envenom","Blade Dance"],"picked":"Bouncing Flask","floor":13.0},{"not_picked":["Tactician","Poisoned Stab+1"],"picked":"Dagger Throw+1","floor":14.0},{"not_picked":["Doppelganger","Envenom"],"picked":"Storm of Steel","floor":16.0},{"not_picked":[],"picked":"Sucker Punch+1","floor":18.0},{"not_picked":["Underhanded Strike+1"],"picked":"SKIP","floor":21.0},{"not_picked":["Grand Finale+1"],"picked":"SKIP","floor":23.0},{"not_picked":[],"picked":"Cloak And Dagger","floor":24.0},{"not_picked":["Choke+1"],"picked":"SKIP","floor":27.0},{"not_picked":[],"picked":"Backstab+1","floor":29.0},{"not_picked":["Bane+1"],"picked":"SKIP","floor":31.0},{"not_picked":[],"picked":"Die Die Die+1","floor":33.0},{"not_picked":[],"picked":"Acrobatics","floor":35.0},{"not_picked":[],"picked":"Dodge and Roll+1","floor":36.0},{"not_picked":["Sucker Punch+1"],"picked":"SKIP","floor":42.0},{"not_picked":[],"picked":"Predator+1","floor":45.0},{"not_picked":[],"picked":"PiercingWail","floor":46.0},{"not_picked":[],"picked":"Acrobatics","floor":47.0},{"not_picked":["Endless Agony+1"],"picked":"SKIP","floor":48.0}],"player_experience":1701957,"relics_obtained":[{"floor":7.0,"key":"Molten Egg 2"},{"floor":9.0,"key":"Tingsha"},{"floor":13.0,"key":"Bird Faced Urn"},{"floor":19.0,"key":"Tiny Chest"},{"floor":23.0,"key":"Bag of Marbles"},{"floor":26.0,"key":"Kunai"},{"floor":27.0,"key":"Orichalcum"},{"floor":29.0,"key":"Dream Catcher"},{"floor":36.0,"key":"FossilizedHelix"},{"floor":45.0,"key":"War Paint"},{"floor":48.0,"key":"Omamori"}],"event_choices":[{"damage_healed":0.0,"max_hp_gain":0.0,"max_hp_loss":0.0,"gold_gain":50.0,"event_name":"Golden Shrine","player_choice":"Pray","floor":4.0,"gold_loss":0.0,"damage_taken":0.0},{"damage_healed":0.0,"max_hp_gain":0.0,"max_hp_loss":0.0,"gold_gain":0.0,"cards_transformed":["Strike_G"],"event_name":"Transmorgrifier","player_choice":"Transformed","floor":12.0,"gold_loss":0.0,"damage_taken":0.0,"cards_obtained":["Glass Knife"]},{"damage_healed":0.0,"max_hp_gain":0.0,"max_hp_loss":20.0,"gold_gain":0.0,"event_name":"Vampires","player_choice":"Became a vampire","floor":20.0,"gold_loss":0.0,"damage_taken":0.0,"cards_obtained":["Bite","Bite","Bite","Bite","Bite"]},{"damage_healed":0.0,"max_hp_gain":0.0,"max_hp_loss":0.0,"gold_gain":0.0,"event_name":"Mysterious Sphere","player_choice":"Fight","floor":36.0,"gold_loss":0.0,"damage_taken":0.0},{"damage_healed":0.0,"max_hp_gain":0.0,"max_hp_loss":2.0,"gold_gain":0.0,"event_name":"Winding Halls","player_choice":"Max HP","floor":37.0,"gold_loss":0.0,"damage_taken":0.0}],"is_beta":true,"boss_relics":[{"not_picked":["Runic Dome","WristBlade"],"picked":"Busted Crown"},{"not_picked":["Sozu","Snecko Eye"],"picked":"Cursed Key"}],"items_purged_floors":[28],"is_endless":false,"potions_floor_spawned":[1,2,3,5,7,13,14,16,18,21,23,24,27,29,31,33,35,36,42,45,46,47,48],"killed_by":"Time Eater","ascension_level":20}