{"gold_per_floor":[113,113,131,16,16,42,59,84,84,84,117,117,128,138,138,238,238,251,266,316,336,349,349],"floor_reached":23,"playtime":1380,"items_purged":[],"score":249,"play_id":"d1779424-c17b-4f8c-9d24-f4a11ad7272a","local_time":"20190104124306","is_ascension_mode":true,"campfire_choices":[{"floor":10,"key":"REST"},{"data":"Fire Breathing","floor":15,"key":"SMITH"}],"neow_cost":"NONE","seed_source_timestamp":830559141394628,"circlet_count":0,"master_deck":["Strike_R","Strike_R","Strike_R","Strike_R","Strike_R","Defend_R","Defend_R","Defend_R","Defend_R","Bash","Fire Breathing","Uppercut","Inflame","Perfected Strike","Perfected Strike","Twin Strike","Pommel Strike","Fire Breathing+1","Perfected Strike","Fiend Fire","Normality","Shame","Pain","Bloodletting+1","Iron Wave","Pommel Strike+1"],"relics":["Burning Blood","Darkstone Periapt","Pocketwatch","Incense Burner","Matryoshka","Calling Bell","Smiling Mask","Frozen Egg 2","Ginger"],"potions_floor_usage":[6,6,6,16,16],"damage_taken":[{"damage":10,"enemies":"2 Louse","floor":1,"turns":3},{"damage":1,"enemies":"Cultist","floor":3,"turns":3},{"damage":13,"enemies":"Lagavulin","floor":6,"turns":4},{"damage":0,"enemies":"Small Slimes","floor":7,"turns":3},{"damage":36,"enemies":"3 Sentries","floor":8,"turns":5},{"damage":14,"enemies":"Gremlin Nob","floor":11,"turns":3},{"damage":9,"enemies":"Red Slaver","floor":13,"turns":2},{"damage":7,"enemies":"Exordium Thugs","floor":14,"turns":3},{"damage":44,"enemies":"Hexaghost","floor":16,"turns":7},{"damage":25,"enemies":"Shell Parasite","floor":18,"turns":3},{"damage":29,"enemies":"3 Byrds","floor":19,"turns":5},{"damage":44,"enemies":"Sentry and Sphere","floor":21,"turns":4},{"damage":22,"enemies":"Centurion and Healer","floor":22,"turns":5},{"damage":15,"enemies":"Slavers","floor":23,"turns":1}],"seed_played":"3610558168294896773","potions_obtained":[{"floor":1,"key":"Weak Potion"},{"floor":5,"key":"Energy Potion"},{"floor":5,"key":"Energy Potion"},{"floor":6,"key":"SteroidPotion"},{"floor":7,"key":"Weak Potion"},{"floor":19,"key":"Fire Potion"}],"is_trial":false,"path_per_floor":["M","?","M","$","?","E","M","E","T","R","E","$","M","M","R","B",null,"M","M","?","M","M","E"],"character_chosen":"IRONCLAD","items_purchased":["Inflame","Perfected Strike"],"campfire_rested":1,"item_purchase_floors":[4,4],"current_hp_per_floor":[76,90,90,90,90,83,89,59,59,86,78,78,75,74,74,36,108,89,66,66,28,12,0],"gold":349,"neow_bonus":"ONE_RANDOM_RARE_CARD","is_prod":false,"is_daily":false,"chose_seed":false,"campfire_upgraded":1,"win_rate":0,"timestamp":1546623786,"path_taken":["M","?","?","$","?","E","M","E","T","R","E","$","?","M","R","BOSS","M","M","?","M","M","E"],"build_version":"2019-01-03v3","purchased_purges":0,"victory":false,"max_hp_per_floor":[80,90,90,90,90,90,90,90,90,90,90,90,90,90,90,90,108,108,108,108,108,108,108],"card_choices":[{"not_picked":["Thunderclap","Clothesline"],"picked":"Fire Breathing","floor":1},{"not_picked":["Pummel","True Grit"],"picked":"Uppercut","floor":3},{"not_picked":["True Grit","Anger"],"picked":"Perfected Strike","floor":6},{"not_picked":["Bloodletting","Clothesline"],"picked":"Twin Strike","floor":7},{"not_picked":["Battle Trance","Heavy Blade"],"picked":"Pommel Strike","floor":8},{"not_picked":["Barricade","Thunderclap"],"picked":"Fire Breathing","floor":11},{"not_picked":["Clash","Havoc","Power Through"],"picked":"SKIP","floor":13},{"not_picked":["Twin Strike","Sword Boomerang"],"picked":"Perfected Strike","floor":14},{"not_picked":["Brutality","Exhume"],"picked":"Fiend Fire","floor":16},{"not_picked":["Thunderclap","Iron Wave+1"],"picked":"Bloodletting+1","floor":18},{"not_picked":["Hemokinesis+1","Reckless Charge","Searing Blow+1"],"picked":"SKIP","floor":19},{"not_picked":["Second Wind","Anger"],"picked":"Iron Wave","floor":21},{"not_picked":["True Grit","Flex+1"],"picked":"Pommel Strike+1","floor":22}],"player_experience":135632,"relics_obtained":[{"floor":6,"key":"Darkstone Periapt"},{"floor":8,"key":"Pocketwatch"},{"floor":9,"key":"Incense Burner"},{"floor":11,"key":"Matryoshka"},{"floor":17,"key":"Smiling Mask"},{"floor":17,"key":"Frozen Egg 2"},{"floor":17,"key":"Ginger"}],"event_choices":[{"cards_removed":["Brutality"],"damage_healed":4,"gold_gain":0,"player_choice":"Offered Rare","damage_taken":0,"max_hp_gain":10,"max_hp_loss":0,"event_name":"Bonfire Elementals","floor":2,"gold_loss":0},{"damage_healed":0,"gold_gain":0,"player_choice":"Got Potions","damage_taken":0,"max_hp_gain":0,"max_hp_loss":0,"event_name":"Lab","floor":5,"gold_loss":0},{"damage_healed":0,"gold_gain":100,"player_choice":"Bet on Murderer","damage_taken":0,"max_hp_gain":0,"max_hp_loss":0,"event_name":"The Joust","floor":20,"gold_loss":50}],"is_beta":false,"boss_relics":[{"not_picked":["Black Star","White Beast Statue"],"picked":"Calling Bell"}],"items_purged_floors":[],"is_endless":false,"potions_floor_spawned":[1,6,7,19],"killed_by":"Slavers","ascension_level":1}