{"gold_per_floor":[118,132,150,150,120,120,155,173,173,173,202,202,228,228,228,228],"floor_reached":16,"playtime":1668,"items_purged":[],"score":158,"play_id":"1cc68fbc-40a2-4485-82e3-a3b8e9598f8a","local_time":"20181226140128","is_ascension_mode":false,"campfire_choices":[{"data":"Feed","floor":6,"key":"SMITH"},{"data":"Armaments","floor":12,"key":"SMITH"},{"floor":15,"key":"REST"}],"neow_cost":"CURSE","seed_source_timestamp":14453311048397,"circlet_count":0,"master_deck":["Strike_R","Strike_R","Strike_R","Strike_R","Defend_R","Defend_R","Defend_R","Defend_R","Bash","Doubt","Intimidate","Iron Wave","Feed+1","Rage","Armaments+1","Feel No Pain","Double Tap","Limit Break"],"relics":["Burning Blood","Paper Frog","Kunai","Odd Mushroom","Bottled Flame","Peace Pipe"],"potions_floor_usage":[],"damage_taken":[{"damage":6,"enemies":"Jaw Worm","floor":1,"turns":4},{"damage":0,"enemies":"2 Louse","floor":2,"turns":5},{"damage":0,"enemies":"Small Slimes","floor":3,"turns":6},{"damage":2,"enemies":"Looter","floor":5,"turns":4},{"damage":60,"enemies":"3 Sentries","floor":7,"turns":17},{"damage":6,"enemies":"Large Slime","floor":8,"turns":7},{"damage":23,"enemies":"The Mushroom Lair","floor":11,"turns":9},{"damage":32,"enemies":"Gremlin Nob","floor":13,"turns":6},{"damage":49,"enemies":"The Guardian","floor":16,"turns":12}],"seed_played":"-217215069931666395","potions_obtained":[{"floor":7,"key":"BloodPotion"},{"floor":11,"key":"Poison Potion"},{"floor":13,"key":"Poison Potion"}],"is_trial":false,"path_per_floor":["M","M","M","?","M","R","E","M","T","$","?","R","E","?","R","B"],"character_chosen":"IRONCLAD","items_purchased":[],"campfire_rested":1,"item_purchase_floors":[],"current_hp_per_floor":[96,96,96,89,93,93,43,47,47,47,34,34,12,12,45,0],"gold":228,"neow_bonus":"TWENTY_PERCENT_HP_BONUS","is_prod":false,"is_daily":false,"chose_seed":false,"campfire_upgraded":2,"win_rate":0.0,"timestamp":1545829288,"path_taken":["M","M","M","?","M","R","E","M","T","$","?","R","E","?","R","BOSS"],"build_version":"2018-12-20","purchased_purges":0,"victory":false,"max_hp_per_floor":[96,96,96,96,96,96,100,104,104,104,108,108,112,112,112,112],"card_choices":[{"not_picked":["Clothesline","True Grit"],"picked":"Intimidate","floor":1},{"not_picked":["Pommel Strike","Metallicize"],"picked":"Iron Wave","floor":2},{"not_picked":["Clash","True Grit"],"picked":"Feed","floor":3},{"not_picked":["Warcry","Shrug It Off"],"picked":"Rage","floor":5},{"not_picked":["Thunderclap","Twin Strike"],"picked":"Armaments","floor":7},{"not_picked":["Iron Wave","Flex"],"picked":"Feel No Pain","floor":8},{"not_picked":["Shockwave","Headbutt"],"picked":"Double Tap","floor":11},{"not_picked":["Hemokinesis","Flex"],"picked":"Limit Break","floor":13}],"player_experience":51011,"relics_obtained":[{"floor":7,"key":"Paper Frog"},{"floor":9,"key":"Kunai"},{"floor":11,"key":"Odd Mushroom"},{"floor":13,"key":"Bottled Flame"}],"event_choices":[{"cards_removed":["Strike_R"],"damage_healed":0,"gold_gain":0,"player_choice":"Card Removal","damage_taken":7,"max_hp_gain":0,"max_hp_loss":0,"event_name":"Golden Wing","floor":4,"gold_loss":0},{"damage_healed":0,"gold_gain":0,"player_choice":"Fought Mushrooms","damage_taken":0,"max_hp_gain":0,"max_hp_loss":0,"event_name":"Mushrooms","floor":11,"gold_loss":0},{"damage_healed":0,"gold_gain":0,"player_choice":"Gave Potion","damage_taken":0,"relics_obtained":["Peace Pipe"],"max_hp_gain":0,"max_hp_loss":0,"event_name":"WeMeetAgain","floor":14,"gold_loss":0}],"is_beta":false,"boss_relics":[],"items_purged_floors":[],"is_endless":false,"potions_floor_spawned":[7,11,13],"killed_by":"The Guardian","ascension_level":0}