{"gold_per_floor":[114,124,144,94,94,94,94,94,148,176,98,132,205,205,205,336,336,359,278,294,219,237,280,280,355,425,469,469,4,4,4,4,129,129,148,148,481,143,158,191,191,211,211,86,97,122,133,143,143,143,143,143,16,50,50],"floor_reached":56,"playtime":3104,"items_purged":["Strike_R","Strike_R","Strike_R"],"score":1349,"play_id":"8b93c274-6b4d-4e7b-ba34-54509366e156","local_time":"20190209213842","is_ascension_mode":false,"campfire_choices":[{"data":"Inflame","floor":7,"key":"SMITH"},{"floor":15,"key":"REST"},{"floor":24,"key":"REST"},{"floor":28,"key":"REST"},{"floor":32,"key":"RECALL"},{"floor":41,"key":"REST"},{"floor":49,"key":"REST"},{"floor":52,"key":"DIG"}],"neow_cost":"PERCENT_DAMAGE","seed_source_timestamp":41766951648661,"circlet_count":0,"master_deck":["Defend_R","Defend_R","Defend_R","Defend_R","Bash+1","Reaper","Flame Barrier","Whirlwind+1","Inflame+1","Limit Break","Brutality","Iron Wave","Power Through","Evolve+1","Flex+1","Battle Trance","Disarm","J.A.X.","Shrug It Off","Spot Weakness","Armaments+1","Apotheosis","Rupture+1","Sword Boomerang+1"],"relics":["Burning Blood","Matryoshka","Orichalcum","Juzu Bracelet","Dodecahedron","Bag of Preparation","Fusion Hammer","Bottled Tornado","Pear","Ornamental Fan","Kunai","Bird Faced Urn","Meat on the Bone","Ice Cream","Orrery","Mummified Hand","Omamori","Shovel","Bottled Lightning","Oddly Smooth Stone"],"potions_floor_usage":[23,27,33,42,46,46,50,55,55,55],"damage_taken":[{"damage":1,"enemies":"Cultist","floor":1,"turns":4},{"damage":9,"enemies":"Jaw Worm","floor":2,"turns":5},{"damage":8,"enemies":"2 Louse","floor":3,"turns":2},{"damage":6,"enemies":"Gremlin Nob","floor":10,"turns":5},{"damage":33,"enemies":"3 Sentries","floor":12,"turns":7},{"damage":28,"enemies":"Hexaghost","floor":16,"turns":8},{"damage":0,"enemies":"3 Byrds","floor":18,"turns":3},{"damage":9,"enemies":"Shell Parasite","floor":20,"turns":4},{"damage":26,"enemies":"Sentry and Sphere","floor":22,"turns":6},{"damage":19,"enemies":"Book of Stabbing","floor":23,"turns":7},{"damage":26,"enemies":"Slavers","floor":27,"turns":4},{"damage":59,"enemies":"Automaton","floor":33,"turns":8},{"damage":3,"enemies":"Orb Walker","floor":35,"turns":2},{"damage":11,"enemies":"3 Shapes","floor":39,"turns":3},{"damage":46,"enemies":"Nemesis","floor":40,"turns":9},{"damage":11,"enemies":"Sphere and 2 Shapes","floor":42,"turns":3},{"damage":56,"enemies":"Transient","floor":45,"turns":5},{"damage":62,"enemies":"Reptomancer","floor":46,"turns":7},{"damage":19,"enemies":"Maw","floor":47,"turns":6},{"damage":37,"enemies":"4 Shapes","floor":48,"turns":4},{"damage":73,"enemies":"Donu and Deca","floor":50,"turns":8},{"damage":35,"enemies":"Shield and Spear","floor":54,"turns":6},{"damage":75,"enemies":"The Heart","floor":55,"turns":7}],"seed_played":"-8790984875626118105","potions_obtained":[{"floor":1,"key":"PowerPotion"},{"floor":3,"key":"LiquidBronze"},{"floor":22,"key":"AttackPotion"},{"floor":23,"key":"SkillPotion"},{"floor":33,"key":"PowerPotion"},{"floor":35,"key":"AttackPotion"},{"floor":45,"key":"Regen Potion"},{"floor":47,"key":"Dexterity Potion"}],"is_trial":false,"path_per_floor":["M","M","M","?","?","?","R","?","T","E","$","E","?","?","R","B",null,"M","$","M","?","M","E","R","T","T","E","R","$","?","?","R","B",null,"M","?","?","$","M","E","R","M","T","$","M","E","M","M","R","B",null,"R","$","E","B",null],"character_chosen":"IRONCLAD","items_purchased":["Limit Break","Power Through","Battle Trance","Meat on the Bone","Disarm","Mummified Hand","SkillPotion","EssenceOfSteel"],"campfire_rested":5,"item_purchase_floors":[11,19,29,29,29,38,53,53],"current_hp_per_floor":[61,62,68,68,56,56,56,56,56,66,66,53,53,33,57,50,80,80,80,77,77,57,44,68,78,78,71,90,90,90,90,90,51,90,90,90,90,90,87,54,81,85,85,85,66,60,90,60,87,62,90,90,90,90,73],"gold":50,"neow_bonus":"THREE_RARE_CARDS","is_prod":false,"is_daily":false,"chose_seed":false,"campfire_upgraded":1,"win_rate":0,"timestamp":1549766322,"path_taken":["M","M","M","?","?","?","R","?","T","E","$","E","?","?","R","BOSS","M","$","M","?","M","E","R","?","T","E","R","$","?","?","R","BOSS","M","?","?","$","M","E","R","M","T","$","M","E","M","M","R","BOSS","R","$","E","BOSS"],"build_version":"2019-01-23","purchased_purges":3,"victory":true,"max_hp_per_floor":[80,80,80,80,80,80,80,80,80,80,80,80,80,80,80,80,80,80,80,80,80,80,80,80,90,90,90,90,90,90,90,90,90,90,90,90,90,90,90,90,90,90,90,90,90,90,90,90,90,90,90,90,90,90,90],"card_choices":[{"not_picked":["Immolate","Brutality"],"picked":"Reaper","floor":0},{"not_picked":["Corruption","True Grit"],"picked":"Flame Barrier","floor":1},{"not_picked":["Clash","Body Slam"],"picked":"Whirlwind","floor":2},{"not_picked":["Thunderclap","Dual Wield"],"picked":"Inflame","floor":3},{"not_picked":["Blood for Blood","Perfected Strike","Immolate"],"picked":"SKIP","floor":10},{"not_picked":["Havoc","Fire Breathing","Anger"],"picked":"SKIP","floor":12},{"not_picked":["Feed","Berserk"],"picked":"Brutality","floor":16},{"not_picked":["Thunderclap","Sword Boomerang"],"picked":"Iron Wave","floor":18},{"not_picked":["Pummel+1","Heavy Blade"],"picked":"Evolve+1","floor":20},{"not_picked":["Cleave","Havoc","Carnage+1"],"picked":"SKIP","floor":22},{"not_picked":["Bloodletting","Body Slam"],"picked":"Flex+1","floor":23},{"not_picked":["Pommel Strike+1","Seeing Red","Hemokinesis"],"picked":"SKIP","floor":27},{"not_picked":["Blood for Blood","Shockwave"],"picked":"Shrug It Off","floor":34},{"not_picked":["Impervious","Entrench"],"picked":"Spot Weakness","floor":34},{"not_picked":["Thunderclap+1","Power Through"],"picked":"Armaments+1","floor":35},{"not_picked":["Blind","Deep Breath"],"picked":"Apotheosis","floor":36},{"not_picked":["Rampage+1","Warcry","Armaments"],"picked":"SKIP","floor":39},{"not_picked":["Exhume","Evolve+1","Armaments"],"picked":"SKIP","floor":40},{"not_picked":["Clothesline+1","Wild Strike+1","Perfected Strike+1"],"picked":"SKIP","floor":42},{"not_picked":["Heavy Blade","Iron Wave","Headbutt+1"],"picked":"SKIP","floor":45},{"not_picked":["Hemokinesis+1","True Grit"],"picked":"Rupture+1","floor":46},{"not_picked":["Rupture+1","Fire Breathing+1","Armaments"],"picked":"SKIP","floor":47},{"not_picked":["Heavy Blade","Cleave","Power Through+1"],"picked":"SKIP","floor":48},{"not_picked":["Offering","Sentinel+1"],"picked":"Sword Boomerang+1","floor":54}],"player_experience":222154,"relics_obtained":[{"floor":9,"key":"Orichalcum"},{"floor":9,"key":"Juzu Bracelet"},{"floor":10,"key":"Dodecahedron"},{"floor":12,"key":"Bag of Preparation"},{"floor":23,"key":"Bottled Tornado"},{"floor":25,"key":"Pear"},{"floor":25,"key":"Ornamental Fan"},{"floor":26,"key":"Kunai"},{"floor":27,"key":"Bird Faced Urn"},{"floor":40,"key":"Omamori"},{"floor":46,"key":"Shovel"},{"floor":52,"key":"Bottled Lightning"},{"floor":54,"key":"Oddly Smooth Stone"}],"event_choices":[{"cards_removed":["Strike_R"],"damage_healed":0,"gold_gain":0,"player_choice":"Card Removal","damage_taken":0,"max_hp_gain":0,"max_hp_loss":0,"event_name":"The Cleric","floor":4,"gold_loss":50},{"damage_healed":0,"gold_gain":0,"player_choice":"Success","damage_taken":12,"relics_obtained":["Matryoshka"],"max_hp_gain":0,"max_hp_loss":0,"event_name":"Scrap Ooze","floor":5,"gold_loss":0},{"damage_healed":0,"gold_gain":0,"player_choice":"Grow","damage_taken":0,"max_hp_gain":0,"max_hp_loss":0,"event_name":"Living Wall","floor":6,"gold_loss":0,"cards_upgraded":["Whirlwind"]},{"damage_healed":0,"gold_gain":0,"player_choice":"Upgraded","damage_taken":0,"max_hp_gain":0,"max_hp_loss":0,"event_name":"Upgrade Shrine","floor":8,"gold_loss":0,"cards_upgraded":["Bash"]},{"damage_healed":0,"gold_gain":73,"player_choice":"Gained Gold","damage_taken":0,"max_hp_gain":0,"max_hp_loss":0,"event_name":"Golden Wing","floor":13,"gold_loss":0},{"damage_healed":0,"gold_gain":0,"player_choice":"Take Damage","damage_taken":20,"relics_obtained":["Golden Idol"],"max_hp_gain":0,"max_hp_loss":0,"event_name":"Golden Idol","floor":14,"gold_loss":0},{"cards_removed":["Strike_R"],"damage_healed":0,"gold_gain":0,"player_choice":"Gave Gold","damage_taken":0,"max_hp_gain":0,"max_hp_loss":0,"event_name":"Beggar","floor":21,"gold_loss":75},{"damage_healed":0,"gold_gain":0,"player_choice":"Obtain J.A.X.","damage_taken":0,"max_hp_gain":0,"max_hp_loss":0,"event_name":"Drug Dealer","floor":30,"gold_loss":0,"cards_obtained":["J.A.X."]},{"damage_healed":0,"gold_gain":0,"player_choice":"Opened","damage_taken":0,"relics_obtained":["Ice Cream"],"max_hp_gain":0,"max_hp_loss":0,"event_name":"The Mausoleum","floor":31,"gold_loss":0},{"damage_healed":0,"gold_gain":0,"player_choice":"Memory 1","damage_taken":0,"max_hp_gain":0,"max_hp_loss":0,"event_name":"SensoryStone","floor":36,"gold_loss":0},{"damage_healed":0,"gold_gain":333,"player_choice":"Gave Idol","damage_taken":0,"max_hp_gain":0,"max_hp_loss":0,"event_name":"The Moai Head","floor":37,"relics_lost":["Golden Idol"],"gold_loss":0}],"is_beta":false,"boss_relics":[{"not_picked":["Velvet Choker","Eternal Feather"],"picked":"Fusion Hammer"},{"not_picked":["Busted Crown","Cursed Key"],"picked":"Orrery"}],"items_purged_floors":[29,38,44],"is_endless":false,"potions_floor_spawned":[1,3,22,23,33,35,45,47,54],"ascension_level":0}