{"gold_per_floor":[114,64,79,79,94,124,139,169,169,169,19,34,34,49,49,149,149,164,179,179,104,104,134,134,134,134,149,164,64,64,79,79,179,179,194,203,3,18,18,18,48,48,48,48,48,63,78,93,93,93],"floor_reached":51,"playtime":3402,"items_purged":["Lockon","Heatsinks"],"score":707,"play_id":"3ebc3c73-973a-4545-96c6-4a51eef74286","local_time":"20180930152259","daily_mods":["Draft","Flight","Lethality"],"is_ascension_mode":false,"campfire_choices":[{"floor":13.0,"key":"REST"},{"data":"Loop","floor":15.0,"key":"SMITH"},{"floor":24.0,"key":"REST"},{"floor":25.0,"key":"REST"},{"floor":32.0,"key":"REST"},{"floor":40,"key":"REST"},{"floor":42,"key":"REST"},{"floor":45,"key":"REST"},{"data":"FTL","floor":49,"key":"SMITH"}],"neow_cost":"","seed_source_timestamp":0,"circlet_count":0,"master_deck":["Static Discharge+1","Conserve Battery","Compile Driver","FTL+1","Genetic Algorithm","Coolheaded+1","Sweeping Beam","Stack","Coolheaded+1","FTL","Gash","Gash","Conserve Battery","Defragment","Loop+1","Scrape","Ball Lightning","Melter","FTL+1","Blizzard+1","Machine Learning","FTL+1","Melter+1","Machine Learning+1","Cold Snap+1","Genetic Algorithm","BootSequence+1","Consume+1","Sweeping Beam+1","Electrodynamics"],"special_seed":17804,"relics":["Cracked Core","Shuriken","Orichalcum","Cables","Ice Cream","War Paint","Lizard Tail","Potion Belt","Vajra","Astrolabe","Bird Faced Urn","Runic Capacitor","Art of War","Darkstone Periapt"],"potions_floor_usage":[36,50,50],"damage_taken":[{"damage":6.0,"enemies":"2 Louse","floor":1.0,"turns":2.0},{"damage":1.0,"enemies":"Small Slimes","floor":3.0,"turns":2.0},{"damage":5.0,"enemies":"Jaw Worm","floor":5.0,"turns":3.0},{"damage":3.0,"enemies":"3 Sentries","floor":6.0,"turns":4.0},{"damage":0.0,"enemies":"Looter","floor":7.0,"turns":2.0},{"damage":12.0,"enemies":"Gremlin Nob","floor":8.0,"turns":3.0},{"damage":11.0,"enemies":"3 Louse","floor":12.0,"turns":2.0},{"damage":0.0,"enemies":"Exordium Wildlife","floor":14.0,"turns":3.0},{"damage":28.0,"enemies":"Hexaghost","floor":16.0,"turns":6.0},{"damage":42.0,"enemies":"3 Byrds","floor":18.0,"turns":4.0},{"damage":6.0,"enemies":"2 Thieves","floor":19.0,"turns":3.0},{"damage":41.0,"enemies":"Gremlin Leader","floor":23.0,"turns":4.0},{"damage":23.0,"enemies":"Snake Plant","floor":27.0,"turns":4.0},{"damage":17.0,"enemies":"Shelled Parasite and Fungi","floor":28.0,"turns":4.0},{"damage":9.0,"enemies":"Cultist and Chosen","floor":31.0,"turns":3.0},{"damage":32.0,"enemies":"Automaton","floor":33.0,"turns":6.0},{"damage":7.0,"enemies":"Orb Walker","floor":35.0,"turns":3.0},{"damage":30,"enemies":"Mysterious Sphere","floor":36,"turns":5},{"damage":21,"enemies":"3 Darklings","floor":38,"turns":3},{"damage":38,"enemies":"2 Orb Walkers","floor":41,"turns":5},{"damage":1,"enemies":"Maw","floor":46,"turns":6},{"damage":22,"enemies":"Spire Growth","floor":47,"turns":4},{"damage":3,"enemies":"Transient","floor":48,"turns":5},{"damage":67,"enemies":"Donu and Deca","floor":50,"turns":6}],"seed_played":"3855407655360463062","potions_obtained":[{"floor":5.0,"key":"FearPotion"},{"floor":7.0,"key":"Fruit Juice"},{"floor":8.0,"key":"EssenceOfSteel"},{"floor":16.0,"key":"EssenceOfSteel"},{"floor":19.0,"key":"SpeedPotion"},{"floor":31.0,"key":"Explosive Potion"},{"floor":33.0,"key":"FearPotion"},{"floor":36,"key":"SpeedPotion"},{"floor":46,"key":"Explosive Potion"},{"floor":47,"key":"FearPotion"}],"is_trial":false,"path_per_floor":["M","?","M","?","M","E","M","E","T","?","$","M","R","M","R","B",null,"M","M","?","$","?","E","R","R","T","M","M","$","?","M","R","B",null,"M","?","$","M","?","R","E","R","T","$","R","M","M","M","R","B"],"character_chosen":"DEFECT","items_purchased":["War Paint","Runic Capacitor"],"campfire_rested":7,"item_purchase_floors":[11,37],"current_hp_per_floor":[69,69,68,68,63,60,65,53,53,50,50,39,63,63,63,35,80,38,32,32,32,58,17,41,65,65,42,25,25,25,16,40,8,80,73,43,43,28,28,52,20,44,44,44,68,75,60,67,67,10],"gold":93,"neow_bonus":"","is_prod":false,"is_daily":true,"chose_seed":false,"campfire_upgraded":2,"win_rate":0.0,"timestamp":1538335379,"path_taken":["M","?","M","?","M","E","M","E","T","?","$","M","R","?","R","BOSS","M","?","?","$","?","E","R","R","T","M","M","$","?","M","R","BOSS","M","?","$","M","?","R","E","R","T","?","R","M","M","M","R","BOSS"],"build_version":"2018-09-27","purchased_purges":2,"victory":true,"max_hp_per_floor":[75,75,75,75,75,75,80,80,80,80,80,80,80,80,80,80,80,80,80,80,80,80,80,80,80,80,80,80,80,80,80,80,80,80,80,80,80,80,80,80,80,80,80,80,80,80,80,80,80,80],"card_choices":[{"not_picked":["Redo","Beam Cell"],"picked":"Static Discharge","floor":0.0},{"not_picked":["Turbo","Redo"],"picked":"Conserve Battery","floor":0.0},{"not_picked":["Chaos","Turbo"],"picked":"Compile Driver","floor":0.0},{"not_picked":["Ball Lightning","Compile Driver"],"picked":"FTL","floor":0.0},{"not_picked":["Streamline","Sweeping Beam"],"picked":"Genetic Algorithm","floor":0.0},{"not_picked":["Steam Power","Static Discharge"],"picked":"Lockon","floor":0.0},{"not_picked":["Steam","Darkness"],"picked":"Coolheaded","floor":0.0},{"not_picked":["Barrage","Turbo"],"picked":"Sweeping Beam","floor":0.0},{"not_picked":["Turbo","Lockon"],"picked":"Stack","floor":0.0},{"not_picked":["Ball Lightning","Darkness"],"picked":"Coolheaded","floor":0.0},{"not_picked":["Go for the Eyes","Recycle"],"picked":"FTL","floor":0.0},{"not_picked":["Conserve Battery","Beam Cell"],"picked":"Gash","floor":0.0},{"not_picked":["Fusion","Rebound"],"picked":"Chaos","floor":0.0},{"not_picked":["Cold Snap","Beam Cell"],"picked":"Gash","floor":0.0},{"not_picked":["Sweeping Beam","Redo"],"picked":"Leap","floor":0.0},{"not_picked":["Rebound","Static Discharge"],"picked":"Coolheaded","floor":1.0},{"not_picked":["Beam Cell","Stack"],"picked":"Conserve Battery","floor":3.0},{"not_picked":["Rebound","Capacitor","Leap"],"picked":"SKIP","floor":5.0},{"not_picked":["Hologram","Coolheaded"],"picked":"Defragment","floor":6.0},{"not_picked":["Stack","Self Repair"],"picked":"Loop","floor":7.0},{"not_picked":["Hologram","Core Surge"],"picked":"Scrape","floor":8.0},{"not_picked":["Steam Power","Steam"],"picked":"Ball Lightning","floor":12.0},{"not_picked":["Hologram","Conserve Battery"],"picked":"Melter","floor":14.0},{"not_picked":["All For One","Biased Cognition"],"picked":"Multi-Cast","floor":16.0},{"not_picked":["Sunder","Steam","Coolheaded"],"picked":"SKIP","floor":18.0},{"not_picked":["Genetic Algorithm","Rebound"],"picked":"Heatsinks","floor":19.0},{"not_picked":["Turbo","Leap","Thunder Strike"],"picked":"SKIP","floor":23.0},{"not_picked":["Force Field","Leap+1"],"picked":"Heatsinks","floor":27.0},{"not_picked":["Sweeping Beam+1","Streamline+1"],"picked":"FTL+1","floor":28.0},{"not_picked":["Leap","Scrape"],"picked":"Blizzard+1","floor":31.0},{"not_picked":["Fission","Creative AI"],"picked":"Machine Learning","floor":33.0},{"not_picked":["Conserve Battery","Rip and Tear","Hello World"],"picked":"SKIP","floor":35},{"not_picked":["Beam Cell","Coolheaded+1"],"picked":"Cold Snap+1","floor":36},{"not_picked":["Static Discharge","Leap","Hologram"],"picked":"SKIP","floor":38},{"not_picked":["Sunder+1","Darkness"],"picked":"BootSequence+1","floor":41},{"not_picked":["Hyperbeam","Glacier+1"],"picked":"Consume+1","floor":46},{"not_picked":["Steam+1","Beam Cell"],"picked":"Sweeping Beam+1","floor":47},{"not_picked":["Barrage+1","Stack"],"picked":"Electrodynamics","floor":48}],"player_experience":127007,"relics_obtained":[{"floor":6.0,"key":"Shuriken"},{"floor":8.0,"key":"Orichalcum"},{"floor":9.0,"key":"Cables"},{"floor":23.0,"key":"Potion Belt"},{"floor":26.0,"key":"Vajra"},{"floor":36,"key":"Bird Faced Urn"},{"floor":41,"key":"Art of War"},{"floor":43,"key":"Darkstone Periapt"}],"event_choices":[{"event_name":"The Cleric","player_choice":"Card Removal","floor":2.0,"damage_taken":0.0},{"event_name":"Living Wall","player_choice":"Grow","floor":4.0,"damage_taken":0.0},{"event_name":"Scrap Ooze","player_choice":"success","floor":10.0,"damage_taken":3.0},{"event_name":"Ghosts","player_choice":"Ignored","floor":20.0,"damage_taken":0.0},{"event_name":"The Library","player_choice":"Heal","floor":22.0,"damage_taken":0.0},{"event_name":"Back to Basics","player_choice":"Elegance","floor":30.0,"damage_taken":0.0},{"event_name":"Mysterious Sphere","player_choice":"Fight","floor":36,"damage_taken":0},{"event_name":"Duplicator","player_choice":"One dupe","floor":39,"damage_taken":0}],"is_beta":false,"boss_relics":[{"not_picked":["Calling Bell","Black Star"],"picked":"Lizard Tail"},{"not_picked":["Empty Cage","Runic Dome"],"picked":"Astrolabe"}],"items_purged_floors":[21,29],"is_endless":false,"potions_floor_spawned":[5,7,8,16,19,31,33,36,46,47],"ascension_level":0}