{"gold_per_floor":[146,146,221,235,245,277,277,312,372,384,28,28,42,67,67,67],"floor_reached":16,"playtime":838,"items_purged":["Strike_G"],"score":216,"play_id":"b2748c4d-d0f2-477b-920e-78b90be37a48","local_time":"20190206003117","is_ascension_mode":true,"campfire_choices":[{"floor":7,"key":"REST"},{"floor":10,"key":"REST"},{"floor":15,"key":"REST"}],"neow_cost":"NONE","seed_source_timestamp":351536943137400,"circlet_count":0,"master_deck":["AscendersBane","Defend_G","Defend_G","Defend_G","Defend_G","Defend_G","Strike_G","Strike_G","Strike_G","Strike_G","Survivor","Neutralize","Well Laid Plans","Sucker Punch","Deadly Poison","Glass Knife","Poisoned Stab","Blur","Blur"],"special_seed":0,"relics":["Ring of the Snake","Tiny Chest","Singing Bowl","MawBank","PreservedInsect","TwistedFunnel","Smiling Mask","Odd Mushroom"],"potions_floor_usage":[16],"damage_taken":[{"damage":0.0,"enemies":"2 Louse","floor":1.0,"turns":5.0},{"damage":3,"enemies":"Small Slimes","floor":4,"turns":5},{"damage":1,"enemies":"Cultist","floor":5,"turns":4},{"damage":34,"enemies":"3 Sentries","floor":6,"turns":14},{"damage":39,"enemies":"Lagavulin","floor":8,"turns":7},{"damage":0,"enemies":"2 Fungi Beasts","floor":13,"turns":3},{"damage":10,"enemies":"The Mushroom Lair","floor":14,"turns":3},{"damage":47,"enemies":"Slime Boss","floor":16,"turns":10}],"seed_played":"-5170328457886755708","potions_obtained":[{"floor":1.0,"key":"FairyPotion"},{"floor":8,"key":"SpeedPotion"},{"floor":13,"key":"Strength Potion"}],"is_trial":false,"path_per_floor":["M","?","?","M","M","E","R","E","T","R","$","?","M","?","R","B"],"character_chosen":"THE_SILENT","items_purchased":["TwistedFunnel","Blur"],"campfire_rested":3,"item_purchase_floors":[11,11],"current_hp_per_floor":[59,64,53,50,49,15,36,7,7,28,28,28,30,20,41,0],"gold":67,"neow_bonus":"RANDOM_COMMON_RELIC","is_prod":false,"is_daily":false,"chose_seed":false,"campfire_upgraded":0,"win_rate":0,"timestamp":1549409477,"path_taken":["M","?","?","M","M","E","R","E","T","R","$","?","?","?","R","BOSS"],"build_version":"2019-01-23","purchased_purges":1,"victory":false,"max_hp_per_floor":[66,71,71,71,71,71,71,71,71,71,71,71,73,73,73,73],"card_choices":[{"not_picked":["Outmaneuver","Cloak And Dagger"],"picked":"Well Laid Plans","floor":1.0},{"not_picked":["Escape Plan","Bane"],"picked":"Sucker Punch","floor":4},{"not_picked":["Dagger Throw","Dagger Spray"],"picked":"Deadly Poison","floor":5},{"not_picked":["Sucker Punch","PiercingWail"],"picked":"Glass Knife","floor":6},{"not_picked":["Dodge and Roll","Acrobatics"],"picked":"Poisoned Stab","floor":8},{"not_picked":["Bane","Quick Slash","Deadly Poison"],"picked":"Singing Bowl","floor":13},{"not_picked":["Masterful Stab","Caltrops"],"picked":"Blur","floor":14}],"player_experience":638598,"relics_obtained":[{"floor":6,"key":"Singing Bowl"},{"floor":8,"key":"MawBank"},{"floor":9,"key":"PreservedInsect"},{"floor":14,"key":"Odd Mushroom"}],"event_choices":[{"damage_healed":0.0,"max_hp_gain":5.0,"max_hp_loss":0.0,"gold_gain":0.0,"event_name":"Big Fish","player_choice":"Donut","floor":2.0,"gold_loss":0.0,"damage_taken":0.0},{"damage_healed":0.0,"max_hp_gain":0.0,"max_hp_loss":0.0,"gold_gain":75.0,"event_name":"World of Goop","player_choice":"Gather Gold","floor":3.0,"gold_loss":0.0,"damage_taken":11.0},{"damage_healed":0,"gold_gain":0,"player_choice":"Gave Potion","damage_taken":0,"relics_obtained":["Smiling Mask"],"max_hp_gain":0,"max_hp_loss":0,"event_name":"WeMeetAgain","floor":12,"gold_loss":0},{"damage_healed":0,"gold_gain":0,"player_choice":"Fought Mushrooms","damage_taken":0,"max_hp_gain":0,"max_hp_loss":0,"event_name":"Mushrooms","floor":14,"gold_loss":0}],"is_beta":false,"boss_relics":[],"items_purged_floors":[11],"is_endless":false,"potions_floor_spawned":[1,8,13],"killed_by":"Slime Boss","ascension_level":20}