{"gold_per_floor":[15,90,103,103,118,118,152,77,77,77,111,111,132,150,150,246,246,266,291,291,311,78,78,78],"floor_reached":24,"playtime":747,"items_purged":["Strike_B"],"score":365,"play_id":"42e5c766-ed1c-4d8d-b51d-6183636b0bf5","local_time":"20181228205238","is_ascension_mode":true,"campfire_choices":[{"data":"Doom and Gloom","floor":6,"key":"SMITH"},{"floor":15,"key":"REST"},{"data":"Chill","floor":23,"key":"SMITH"}],"neow_cost":"NO_GOLD","seed_source_timestamp":97418110136181,"circlet_count":0,"master_deck":["AscendersBane","Strike_B","Strike_B","Strike_B","Defend_B","Defend_B","Defend_B","Defend_B","Zap","Dualcast","Doom and Gloom+1","Sweeping Beam+1","Conserve Battery","Coolheaded+1","Ball Lightning","Auto Shields","Chill+1","Capacitor","Undo+1","Self Repair","Electrodynamics"],"relics":["Cracked Core","Potion Belt","Singing Bowl","Cables","Sundial","Golden Idol","Orrery","Bag of Preparation"],"potions_floor_usage":[7,14,19,21,21],"damage_taken":[{"damage":4,"enemies":"Small Slimes","floor":1,"turns":4},{"damage":7,"enemies":"Jaw Worm","floor":3,"turns":3},{"damage":3,"enemies":"2 Louse","floor":5,"turns":2},{"damage":16,"enemies":"Gremlin Nob","floor":7,"turns":3},{"damage":19,"enemies":"Lagavulin","floor":11,"turns":5},{"damage":0,"enemies":"Lots of Slimes","floor":13,"turns":1},{"damage":4,"enemies":"Blue Slaver","floor":14,"turns":3},{"damage":9,"enemies":"The Guardian","floor":16,"turns":10},{"damage":28,"enemies":"3 Byrds","floor":18,"turns":5},{"damage":27,"enemies":"2 Thieves","floor":19,"turns":3},{"damage":11,"enemies":"Cultist and Chosen","floor":21,"turns":6},{"damage":19,"enemies":"3 Cultists","floor":24,"turns":3}],"seed_played":"6967341848093974028","potions_obtained":[{"floor":1,"key":"Fire Potion"},{"floor":13,"key":"SteroidPotion"},{"floor":14,"key":"EntropicBrew"},{"floor":16,"key":"Fire Potion"},{"floor":19,"key":"SpeedPotion"},{"floor":20,"key":"EntropicBrew"},{"floor":20,"key":"SkillPotion"}],"is_trial":false,"path_per_floor":["M","?","M","T","M","R","E","$","T","?","E","?","M","M","R","B",null,"M","M","?","M","$","R","M"],"character_chosen":"DEFECT","items_purchased":["Electrodynamics","Bag of Preparation"],"campfire_rested":1,"item_purchase_floors":[22,22],"current_hp_per_floor":[78,67,60,60,57,57,41,41,41,23,4,4,6,2,27,20,76,48,21,21,19,19,19,0],"gold":78,"neow_bonus":"TWENTY_PERCENT_HP_BONUS","is_prod":false,"is_daily":false,"chose_seed":false,"campfire_upgraded":2,"win_rate":0,"timestamp":1546048358,"path_taken":["M","?","M","?","M","R","E","$","T","?","E","?","M","M","R","BOSS","M","M","?","?","$","R","M"],"build_version":"2018-12-20","purchased_purges":1,"victory":false,"max_hp_per_floor":[89,89,89,89,89,89,89,89,89,89,89,82,84,84,84,86,92,92,92,92,94,94,94,94],"card_choices":[{"not_picked":["FTL","Redo"],"picked":"Doom and Gloom","floor":1},{"not_picked":["Tempest","White Noise"],"picked":"Sweeping Beam","floor":3},{"not_picked":["Sweeping Beam","Coolheaded"],"picked":"Conserve Battery","floor":5},{"not_picked":["Barrage","Go for the Eyes"],"picked":"Coolheaded","floor":7},{"not_picked":["Sweeping Beam","Rebound"],"picked":"Ball Lightning","floor":11},{"not_picked":["Compile Driver","Hello World","Beam Cell"],"picked":"Singing Bowl","floor":13},{"not_picked":["Beam Cell","Hologram"],"picked":"Auto Shields","floor":14},{"not_picked":["Meteor Strike","Reboot","Amplify"],"picked":"Singing Bowl","floor":16},{"not_picked":["Conserve Battery","Defragment"],"picked":"Chill","floor":17},{"not_picked":["Beam Cell","Sweeping Beam","Sunder"],"picked":"Singing Bowl","floor":17},{"not_picked":["Consume","Sunder","Lockon"],"picked":"Singing Bowl","floor":17},{"not_picked":["Self Repair","Recycle"],"picked":"Capacitor","floor":17},{"not_picked":["Force Field","Redo","Beam Cell"],"picked":"Singing Bowl","floor":17},{"not_picked":["Hologram","Steam"],"picked":"Undo+1","floor":18},{"not_picked":["Amplify","Lockon"],"picked":"Self Repair","floor":19},{"not_picked":["Chaos","Sweeping Beam","Rebound"],"picked":"Singing Bowl","floor":21}],"player_experience":424761,"relics_obtained":[{"floor":4,"key":"Potion Belt"},{"floor":7,"key":"Singing Bowl"},{"floor":9,"key":"Cables"},{"floor":11,"key":"Sundial"}],"event_choices":[{"damage_healed":0,"gold_gain":75,"player_choice":"Gather Gold","damage_taken":11,"max_hp_gain":0,"max_hp_loss":0,"event_name":"World of Goop","floor":2,"gold_loss":0},{"damage_healed":0,"gold_gain":0,"player_choice":"Entered Light","damage_taken":18,"max_hp_gain":0,"max_hp_loss":0,"event_name":"Shining Light","floor":10,"gold_loss":0,"cards_upgraded":["Coolheaded","Sweeping Beam"]},{"damage_healed":0,"gold_gain":0,"player_choice":"Lose Max HP","damage_taken":0,"relics_obtained":["Golden Idol"],"max_hp_gain":0,"max_hp_loss":7,"event_name":"Golden Idol","floor":12,"gold_loss":0},{"damage_healed":0,"gold_gain":0,"player_choice":"Got Potions","damage_taken":0,"max_hp_gain":0,"max_hp_loss":0,"event_name":"Lab","floor":20,"gold_loss":0}],"is_beta":false,"boss_relics":[{"not_picked":["Pandora\u0027s Box","Cursed Key"],"picked":"Orrery"}],"items_purged_floors":[8],"is_endless":false,"potions_floor_spawned":[1,13,14,16,19],"killed_by":"3 Cultists","ascension_level":13}