{"gold_per_floor":[114,126,201,219,219,219,249,266,266,266,300,300,315,326,326,428,428,439,354,354,16,16,16,48,48,48,83,99,99,24,41,41,145,145,156,156,175,4,19,19,19,19,19,29,41,61,111,36,36,36],"floor_reached":50,"playtime":3547,"items_purged":["Defend_G","Defend_G"],"score":694,"play_id":"06589359-d323-4c60-943f-a0ba7a1e5d29","local_time":"20181025185627","is_ascension_mode":true,"campfire_choices":[{"data":"Neutralize","floor":6.0,"key":"SMITH"},{"floor":12.0,"key":"REST"},{"floor":15.0,"key":"REST"},{"floor":23.0,"key":"REST"},{"data":"After Image","floor":25.0,"key":"SMITH"},{"floor":32.0,"key":"REST"},{"data":"Bouncing Flask","floor":40,"key":"SMITH"},{"data":"Neutralize","floor":42,"key":"SMITH"},{"data":"Survivor","floor":49,"key":"SMITH"}],"neow_cost":"NONE","seed_source_timestamp":0,"circlet_count":0,"master_deck":["Defend_G","Defend_G","Defend_G","Strike_G","Strike_G","Survivor+1","Neutralize+1","Cloak And Dagger","Bouncing Flask+1","PiercingWail","Bullet Time","Crippling Poison+1","Neutralize+1","Blur","Tools of the Trade","Bouncing Flask","Corpse Explosion","After Image+1","Apotheosis+1","Noxious Fumes+1","Venomology","Backstab+1","Cloak And Dagger+1","A Thousand Cuts+1","Noxious Fumes+1"],"special_seed":0,"relics":["Ring of the Snake","Omamori","Strawberry","Blue Candle","Runic Dome","Centennial Puzzle","Mango","Darkstone Periapt","Frozen Egg 2","Coffee Dripper","Pear","Happy Flower"],"potions_floor_usage":[44,45,45,45,46],"damage_taken":[{"damage":2.0,"enemies":"Cultist","floor":1.0,"turns":5.0},{"damage":0.0,"enemies":"Jaw Worm","floor":2.0,"turns":5.0},{"damage":1.0,"enemies":"2 Louse","floor":4.0,"turns":4.0},{"damage":0.0,"enemies":"Lagavulin","floor":7.0,"turns":7.0},{"damage":4.0,"enemies":"Large Slime","floor":8.0,"turns":8.0},{"damage":20.0,"enemies":"3 Sentries","floor":11.0,"turns":8.0},{"damage":0.0,"enemies":"Looter","floor":13.0,"turns":4.0},{"damage":15.0,"enemies":"Exordium Thugs","floor":14.0,"turns":5.0},{"damage":29.0,"enemies":"The Guardian","floor":16.0,"turns":14.0},{"damage":26.0,"enemies":"2 Thieves","floor":18.0,"turns":4.0},{"damage":9.0,"enemies":"Book of Stabbing","floor":24.0,"turns":6.0},{"damage":38.0,"enemies":"Slavers","floor":27.0,"turns":4.0},{"damage":11.0,"enemies":"Spheric Guardian","floor":28.0,"turns":4.0},{"damage":0.0,"enemies":"Snecko","floor":31.0,"turns":6.0},{"damage":11.0,"enemies":"Collector","floor":33.0,"turns":8.0},{"damage":4.0,"enemies":"Orb Walker","floor":35.0,"turns":4.0},{"damage":15.0,"enemies":"3 Shapes","floor":37.0,"turns":2.0},{"damage":17.0,"enemies":"Spire Growth","floor":39.0,"turns":4.0},{"damage":0,"enemies":"Transient","floor":44,"turns":5},{"damage":13,"enemies":"Writhing Mass","floor":45,"turns":6},{"damage":19,"enemies":"Spire Growth","floor":46,"turns":4},{"damage":20,"enemies":"Time Eater","floor":50,"turns":3}],"seed_played":"9145369496341057284","potions_obtained":[{"floor":0.0,"key":"Energy Potion"},{"floor":0.0,"key":"Strength Potion"},{"floor":0.0,"key":"GamblersBrew"},{"floor":4.0,"key":"SpeedPotion"},{"floor":7.0,"key":"GhostInAJar"},{"floor":11.0,"key":"Weak Potion"},{"floor":13.0,"key":"Block Potion"},{"floor":16.0,"key":"Explosive Potion"},{"floor":27.0,"key":"Block Potion"},{"floor":28.0,"key":"Explosive Potion"},{"floor":33.0,"key":"Ancient Potion"},{"floor":39,"key":"Ancient Potion"},{"floor":44,"key":"Block Potion"},{"floor":45,"key":"Explosive Potion"}],"is_trial":false,"path_per_floor":["M","M","?","M","?","R","E","M","T","?","E","R","M","M","R","B",null,"M","?","?","$","?","R","E","R","T","E","M","?","$","M","R","B",null,"M","?","M","$","M","R","?","R","T","M","M","M","T","$","R"],"character_chosen":"THE_SILENT","items_purchased":["After Image","Apotheosis","A Thousand Cuts+1","Noxious Fumes+1"],"campfire_rested":4,"item_purchase_floors":[21,21,38,48],"current_hp_per_floor":[68,68,57,56,56,56,56,52,59,59,39,62,62,47,70,41,68,42,42,42,42,42,65,70,70,70,32,21,21,21,21,48,37,78,74,74,59,59,42,42,42,42,52,52,39,20,20,20,20,0],"gold":36,"neow_bonus":"THREE_SMALL_POTIONS","is_prod":false,"is_daily":false,"chose_seed":false,"campfire_upgraded":5,"win_rate":0,"timestamp":1540508187,"path_taken":["M","M","?","M","?","R","E","M","T","?","E","R","?","M","R","BOSS","M","?","?","$","?","R","E","R","T","E","M","?","$","M","R","BOSS","M","?","M","$","M","R","?","R","T","M","M","M","?","?","R","BOSS"],"build_version":"2018-10-18","purchased_purges":2,"victory":false,"max_hp_per_floor":[70,70,70,70,70,70,70,70,77,77,77,77,77,77,77,77,77,77,77,77,77,77,77,91,91,91,91,91,91,91,91,91,91,91,91,91,91,91,91,91,91,91,101,101,101,101,101,101,101,101],"card_choices":[{"not_picked":["Flying Knee","Dagger Spray"],"picked":"Cloak And Dagger","floor":1.0},{"not_picked":["Choke","Prepared"],"picked":"Bouncing Flask","floor":2.0},{"not_picked":["Sucker Punch","Underhanded Strike"],"picked":"PiercingWail","floor":4.0},{"not_picked":["Deflect","Flying Knee"],"picked":"PiercingWail","floor":7.0},{"not_picked":["Flying Knee","Accuracy"],"picked":"Crippling Poison","floor":8.0},{"not_picked":["Predator","Endless Agony"],"picked":"Blur","floor":11.0},{"not_picked":["Blade Dance","Prepared"],"picked":"Tools of the Trade","floor":13.0},{"not_picked":["Underhanded Strike","Dagger Spray"],"picked":"Bouncing Flask","floor":14.0},{"not_picked":["Die Die Die","Envenom"],"picked":"Corpse Explosion","floor":16.0},{"not_picked":["PiercingWail","Deflect","Dagger Spray"],"picked":"SKIP","floor":18.0},{"not_picked":["Bane","Bullet Time","Dodge and Roll"],"picked":"SKIP","floor":24.0},{"not_picked":["Outmaneuver+1","Prepared","Reflex"],"picked":"SKIP","floor":27.0},{"not_picked":["Crippling Poison","Dagger Spray","Underhanded Strike+1"],"picked":"SKIP","floor":28.0},{"not_picked":["Dodge and Roll+1","Outmaneuver+1"],"picked":"Noxious Fumes+1","floor":31.0},{"not_picked":["Grand Finale","Night Terror"],"picked":"Venomology","floor":33.0},{"not_picked":["Distraction+1","Flying Knee"],"picked":"Backstab+1","floor":35.0},{"not_picked":["Flying Knee","Blade Dance+1"],"picked":"Cloak And Dagger+1","floor":37.0},{"not_picked":["Concentrate","Blade Dance+1","Prepared"],"picked":"SKIP","floor":39},{"not_picked":["Dodge and Roll+1","Quick Slash","Deflect+1"],"picked":"SKIP","floor":44},{"not_picked":["Accuracy+1","Night Terror","Outmaneuver"],"picked":"SKIP","floor":45},{"not_picked":["Setup+1","Poisoned Stab","Prepared"],"picked":"SKIP","floor":46}],"player_experience":379712,"relics_obtained":[{"floor":7.0,"key":"Omamori"},{"floor":9.0,"key":"Strawberry"},{"floor":11.0,"key":"Blue Candle"},{"floor":24.0,"key":"Mango"},{"floor":26.0,"key":"Darkstone Periapt"},{"floor":27.0,"key":"Frozen Egg 2"},{"floor":43,"key":"Pear"},{"floor":47,"key":"Happy Flower"}],"event_choices":[{"damage_healed":0.0,"max_hp_gain":0.0,"max_hp_loss":0.0,"gold_gain":75.0,"event_name":"World of Goop","player_choice":"Gather Gold","floor":3.0,"gold_loss":0.0,"damage_taken":11.0},{"damage_healed":0.0,"max_hp_gain":0.0,"max_hp_loss":0.0,"gold_gain":0.0,"cards_transformed":["Strike_G"],"event_name":"Living Wall","player_choice":"Change","floor":5.0,"gold_loss":0.0,"damage_taken":0.0,"cards_obtained":["Bullet Time"]},{"damage_healed":0.0,"max_hp_gain":0.0,"max_hp_loss":0.0,"gold_gain":0.0,"event_name":"Match and Keep!","player_choice":"1 cards matched","floor":10.0,"gold_loss":0.0,"damage_taken":0.0,"cards_obtained":["Neutralize"]},{"damage_healed":0.0,"max_hp_gain":0.0,"max_hp_loss":0.0,"gold_gain":0.0,"event_name":"Addict","player_choice":"Obtained Relic","floor":19.0,"gold_loss":85.0,"damage_taken":0.0,"relics_obtained":["Centennial Puzzle"]},{"cards_removed":["Strike_G"],"damage_healed":0.0,"max_hp_gain":0.0,"max_hp_loss":0.0,"gold_gain":0.0,"event_name":"Purifier","player_choice":"Purged","floor":20.0,"gold_loss":0.0,"damage_taken":0.0},{"damage_healed":0.0,"max_hp_gain":0.0,"max_hp_loss":0.0,"gold_gain":0.0,"event_name":"Accursed Blacksmith","player_choice":"Forge","floor":22.0,"gold_loss":0.0,"damage_taken":0.0,"cards_upgraded":["Apotheosis"]},{"cards_removed":["Strike_G"],"damage_healed":0.0,"max_hp_gain":0.0,"max_hp_loss":0.0,"gold_gain":0.0,"event_name":"Back to Basics","player_choice":"Elegance","floor":29.0,"gold_loss":0.0,"damage_taken":0.0},{"damage_healed":0.0,"max_hp_gain":0.0,"max_hp_loss":0.0,"gold_gain":0.0,"event_name":"Upgrade Shrine","player_choice":"Upgraded","floor":36.0,"gold_loss":0.0,"damage_taken":0.0,"cards_upgraded":["Crippling Poison"]},{"cards_removed":["PiercingWail"],"damage_healed":0,"gold_gain":0,"player_choice":"Removed Skill","damage_taken":0,"max_hp_gain":0,"max_hp_loss":0,"event_name":"Falling","floor":41,"gold_loss":0}],"is_beta":false,"boss_relics":[{"not_picked":["Lizard Tail","Pandora\u0027s Box"],"picked":"Runic Dome"},{"not_picked":["Astrolabe","HoveringKite"],"picked":"Coffee Dripper"}],"items_purged_floors":[30,38],"is_endless":false,"potions_floor_spawned":[4,7,11,13,16,27,28,33,37,39,44,45],"killed_by":"Time Eater","ascension_level":5}