{"gold_per_floor":[418,418,493,221,238,270,370,370,370,390,390,340,340,240,240,342,342,357,357,49,62,73,73,73,73,97,116,116,66,66,83,83,180,180,190,67,67,167,187,187,197,212,212,228,274,293,293,25,25,25,25,25,25,54,54],"floor_reached":56,"playtime":2321,"items_purged":["Strike_B","Defend_B","Defend_B","Strike_B","Defend_B","Defend_B"],"score":1198,"play_id":"4eeab59a-93f8-4f44-ae30-96837d787aa8","local_time":"20181117220131","is_ascension_mode":false,"campfire_choices":[{"floor":8,"key":"RECALL"},{"data":"Zap","floor":13,"key":"SMITH"},{"floor":15,"key":"REST"},{"data":"Barrage","floor":23,"key":"SMITH"},{"data":"Defragment","floor":28,"key":"SMITH"},{"data":"Biased Cognition","floor":30,"key":"SMITH"},{"data":"Conserve Battery","floor":32,"key":"SMITH"},{"data":"Defragment","floor":40,"key":"SMITH"},{"data":"Machine Learning","floor":47,"key":"SMITH"},{"data":"Defragment","floor":49,"key":"SMITH"},{"data":"Glacier","floor":52,"key":"SMITH"}],"neow_cost":"PERCENT_DAMAGE","seed_source_timestamp":175239297941573,"circlet_count":0,"master_deck":["Strike_B+1","Zap+1","Dualcast+1","Cold Snap","Leap","Glacier+1","Biased Cognition+1","Conserve Battery+1","Coolheaded","Barrage+1","Defragment+1","Conserve Battery+1","Core Surge+1","Defragment+1","Self Repair","Loop+1","Self Repair","Machine Learning+1","Glacier+1","Defragment+1","Seek+1","Go for the Eyes+1"],"relics":["Cracked Core","Runic Capacitor","Smiling Mask","Lizard Tail","Nloth\u0027s Gift","Pantograph","Molten Egg 2","Bag of Marbles","Nuclear Battery","Toxic Egg 2","Torii","Calipers"],"potions_floor_usage":[55,55,55],"damage_taken":[{"damage":11,"enemies":"Jaw Worm","floor":1,"turns":3},{"damage":1,"enemies":"Small Slimes","floor":5,"turns":3},{"damage":25,"enemies":"Lagavulin","floor":6,"turns":11},{"damage":0,"enemies":"Cultist","floor":10,"turns":3},{"damage":6,"enemies":"The Guardian","floor":16,"turns":10},{"damage":21,"enemies":"2 Thieves","floor":18,"turns":4},{"damage":0,"enemies":"Chosen","floor":21,"turns":4},{"damage":13,"enemies":"Sentry and Sphere","floor":22,"turns":9},{"damage":5,"enemies":"3 Cultists","floor":27,"turns":5},{"damage":2,"enemies":"Chosen and Byrds","floor":31,"turns":5},{"damage":24,"enemies":"Collector","floor":33,"turns":15},{"damage":2,"enemies":"3 Darklings","floor":35,"turns":7},{"damage":0,"enemies":"Orb Walker","floor":39,"turns":4},{"damage":0,"enemies":"4 Shapes","floor":41,"turns":8},{"damage":11,"enemies":"Jaw Worm Horde","floor":42,"turns":6},{"damage":0,"enemies":"Maw","floor":44,"turns":7},{"damage":13,"enemies":"2 Orb Walkers","floor":45,"turns":7},{"damage":8,"enemies":"3 Darklings","floor":46,"turns":5},{"damage":44,"enemies":"Awakened One","floor":50,"turns":18},{"damage":26,"enemies":"Shield and Spear","floor":54,"turns":14},{"damage":29,"enemies":"The Heart","floor":55,"turns":15}],"seed_played":"-7744012227390915038","potions_obtained":[{"floor":1,"key":"EssenceOfSteel"},{"floor":5,"key":"AttackPotion"},{"floor":6,"key":"FocusPotion"}],"is_trial":false,"path_per_floor":["M","?","?","$","M","E","?","R","T","M","?","?","R","$","R","B",null,"M","?","$","M","M","R","?","T","T","M","R","$","R","M","R","B",null,"M","$","?","?","M","R","M","M","T","M","?","M","R","$","R","B",null,"R","$","E","B",null],"character_chosen":"DEFECT","items_purchased":["Runic Capacitor","Ball Lightning","Pantograph","Self Repair","Defragment","Seek+1"],"campfire_rested":1,"item_purchase_floors":[4,14,20,36,48,48],"current_hp_per_floor":[43,68,57,57,56,31,31,31,31,31,16,16,16,16,38,32,75,54,54,54,54,41,41,41,41,41,36,36,36,36,34,34,35,75,73,73,73,73,75,75,75,75,75,75,75,75,75,75,75,45,75,75,75,63,60],"gold":54,"neow_bonus":"ONE_RARE_RELIC","is_prod":false,"is_daily":false,"chose_seed":false,"campfire_upgraded":9,"win_rate":0,"timestamp":1542459691,"path_taken":["M","?","?","$","?","E","?","R","T","?","?","?","R","?","R","BOSS","M","?","$","?","M","R","?","?","T","M","R","?","R","M","R","BOSS","M","$","?","?","M","R","M","?","T","M","?","M","R","$","R","BOSS","R","$","E","BOSS"],"build_version":"2018-11-15","purchased_purges":6,"victory":true,"max_hp_per_floor":[75,75,75,75,75,75,75,75,75,75,75,75,75,75,75,75,75,75,75,75,75,75,75,75,75,75,75,75,75,75,75,75,75,75,75,75,75,75,75,75,75,75,75,75,75,75,75,75,75,75,75,75,75,75,75],"card_choices":[{"not_picked":["Hologram","Redo"],"picked":"Cold Snap","floor":1},{"not_picked":["Gash","Compile Driver"],"picked":"Leap","floor":5},{"not_picked":["Streamline","Sweeping Beam"],"picked":"Glacier","floor":6},{"not_picked":["Steam","Rebound","Tempest"],"picked":"SKIP","floor":10},{"not_picked":["All For One","Seek"],"picked":"Biased Cognition","floor":16},{"not_picked":["Rebound","Steam"],"picked":"Conserve Battery+1","floor":18},{"not_picked":["Streamline","Gash+1"],"picked":"Coolheaded","floor":21},{"not_picked":["All For One","Ball Lightning"],"picked":"Barrage","floor":22},{"not_picked":["Lockon+1","Stack"],"picked":"Defragment","floor":27},{"not_picked":["Hologram","Reinforced Body"],"picked":"Conserve Battery","floor":31},{"not_picked":["Machine Learning","Fission"],"picked":"Core Surge+1","floor":33},{"not_picked":["Ball Lightning+1","Compile Driver+1"],"picked":"Defragment","floor":35},{"not_picked":["Rebound+1","Conserve Battery"],"picked":"Loop+1","floor":39},{"not_picked":["Melter+1","Leap"],"picked":"Self Repair","floor":41},{"not_picked":["Go for the Eyes+1","Compile Driver+1"],"picked":"Machine Learning","floor":42},{"not_picked":["Turbo+1","Coolheaded+1"],"picked":"Glacier+1","floor":44},{"not_picked":["Thunder Strike+1","Streamline+1","Compile Driver+1"],"picked":"SKIP","floor":46},{"not_picked":["Tempest+1","Barrage+1"],"picked":"Go for the Eyes+1","floor":54}],"player_experience":586876,"relics_obtained":[{"floor":6,"key":"Smiling Mask"},{"floor":25,"key":"Molten Egg 2"},{"floor":26,"key":"Bag of Marbles"},{"floor":43,"key":"Toxic Egg 2"},{"floor":45,"key":"Torii"},{"floor":54,"key":"Calipers"}],"event_choices":[{"damage_healed":25,"gold_gain":0,"player_choice":"Banana","damage_taken":0,"max_hp_gain":0,"max_hp_loss":0,"event_name":"Big Fish","floor":2,"gold_loss":0},{"damage_healed":0,"gold_gain":75,"player_choice":"Gather Gold","damage_taken":11,"max_hp_gain":0,"max_hp_loss":0,"event_name":"World of Goop","floor":3,"gold_loss":0},{"damage_healed":0,"gold_gain":100,"player_choice":"Pray","damage_taken":0,"max_hp_gain":0,"max_hp_loss":0,"event_name":"Golden Shrine","floor":7,"gold_loss":0},{"damage_healed":0,"gold_gain":0,"player_choice":"Entered Light","damage_taken":15,"max_hp_gain":0,"max_hp_loss":0,"event_name":"Shining Light","floor":11,"gold_loss":0,"cards_upgraded":["Dualcast","Strike_B"]},{"cards_removed":["Strike_B"],"damage_healed":0,"gold_gain":0,"player_choice":"Card Removal","damage_taken":0,"max_hp_gain":0,"max_hp_loss":0,"event_name":"The Cleric","floor":12,"gold_loss":50},{"damage_healed":0,"gold_gain":0,"player_choice":"Traded Relic","damage_taken":0,"relics_obtained":["Nloth\u0027s Gift"],"max_hp_gain":0,"max_hp_loss":0,"event_name":"N\u0027loth","floor":19,"relics_lost":["Old Coin"],"gold_loss":0},{"cards_removed":["Ball Lightning"],"damage_healed":0,"gold_gain":0,"player_choice":"Removed Attack","damage_taken":0,"max_hp_gain":0,"max_hp_loss":0,"event_name":"Falling","floor":37,"gold_loss":0},{"damage_healed":0,"gold_gain":100,"player_choice":"Pray","damage_taken":0,"max_hp_gain":0,"max_hp_loss":0,"event_name":"Golden Shrine","floor":38,"gold_loss":0},{"damage_healed":0,"gold_gain":0,"player_choice":"Fight","damage_taken":0,"max_hp_gain":0,"max_hp_loss":0,"event_name":"Mysterious Sphere","floor":45,"gold_loss":0}],"is_beta":false,"boss_relics":[{"not_picked":["Black Star","Orrery"],"picked":"Lizard Tail"},{"not_picked":["Empty Cage","Coffee Dripper"],"picked":"Nuclear Battery"}],"items_purged_floors":[4,14,20,29,36,48],"is_endless":false,"potions_floor_spawned":[1,5,6,27,33,42,46],"ascension_level":0}