{"gold_per_floor":[117,67,18,30,49,81,81,29,29,47,107,107,107,125,125,125],"floor_reached":16,"playtime":336,"items_purged":[],"score":150,"play_id":"709a3151-e684-4a5e-8577-1069a484387b","local_time":"20181217200429","is_ascension_mode":true,"campfire_choices":[{"data":"Go for the Eyes","floor":7,"key":"SMITH"},{"data":"Streamline","floor":15,"key":"SMITH"}],"neow_cost":"NONE","seed_source_timestamp":277559424292688,"circlet_count":0,"master_deck":["AscendersBane","Strike_B","Strike_B","Strike_B","Defend_B","Defend_B","Defend_B","Zap","Dualcast","Gash","Go for the Eyes+1","Gash","Gash","Beam Cell","Leap","Streamline+1","Machine Learning","Melter"],"relics":["Cracked Core","NeowsBlessing","Ice Cream","Omamori"],"potions_floor_usage":[6],"damage_taken":[{"damage":0,"enemies":"Jaw Worm","floor":1,"turns":1},{"damage":0,"enemies":"Small Slimes","floor":4,"turns":1},{"damage":0,"enemies":"2 Louse","floor":5,"turns":1},{"damage":47,"enemies":"3 Sentries","floor":6,"turns":7},{"damage":9,"enemies":"Red Slaver","floor":10,"turns":3},{"damage":0,"enemies":"Large Slime","floor":14,"turns":3},{"damage":22,"enemies":"The Guardian","floor":16,"turns":8}],"seed_played":"-2759238796757377216","potions_obtained":[{"floor":5,"key":"LiquidBronze"},{"floor":6,"key":"Fire Potion"},{"floor":14,"key":"FairyPotion"}],"is_trial":false,"path_per_floor":["M","?","$","M","M","E","R","$","T","M","?","?","?","M","R","B"],"character_chosen":"DEFECT","items_purchased":["Go for the Eyes","Leap"],"campfire_rested":0,"item_purchase_floors":[3,8],"current_hp_per_floor":[68,68,68,68,68,21,21,21,21,12,12,12,12,12,12,0],"gold":125,"neow_bonus":"THREE_ENEMY_KILL","is_prod":false,"is_daily":false,"chose_seed":false,"campfire_upgraded":2,"win_rate":0,"timestamp":1545095069,"path_taken":["M","?","$","M","M","E","R","$","T","M","?","?","?","M","R","BOSS"],"build_version":"2018-12-13","purchased_purges":0,"victory":false,"max_hp_per_floor":[75,75,75,75,75,75,75,75,75,75,75,75,75,75,75,75],"card_choices":[{"not_picked":["Conserve Battery","Sweeping Beam"],"picked":"Gash","floor":1},{"not_picked":["Storm","Stack"],"picked":"Gash","floor":4},{"not_picked":["Tempest","Steam"],"picked":"Gash","floor":5},{"not_picked":["Leap","Hologram"],"picked":"Beam Cell","floor":6},{"not_picked":["Blizzard","Steam"],"picked":"Streamline","floor":10},{"not_picked":["Cold Snap","Doom and Gloom"],"picked":"Melter","floor":14}],"player_experience":365375,"relics_obtained":[{"floor":6,"key":"Ice Cream"}],"event_choices":[{"cards_removed":["Strike_B"],"damage_healed":0,"gold_gain":0,"player_choice":"Card Removal","damage_taken":0,"max_hp_gain":0,"max_hp_loss":0,"event_name":"The Cleric","floor":2,"gold_loss":50},{"damage_healed":0,"gold_gain":60,"player_choice":"Gained Gold","damage_taken":0,"max_hp_gain":0,"max_hp_loss":0,"event_name":"Golden Wing","floor":11,"gold_loss":0},{"damage_healed":0,"gold_gain":0,"player_choice":"Searched \u00271\u0027 times","damage_taken":0,"relics_obtained":["Omamori"],"max_hp_gain":0,"max_hp_loss":0,"event_name":"Dead Adventurer","floor":12,"gold_loss":0},{"damage_healed":0,"gold_gain":0,"cards_transformed":["Defend_B"],"player_choice":"Transformed","damage_taken":0,"max_hp_gain":0,"max_hp_loss":0,"event_name":"Transmorgrifier","floor":13,"gold_loss":0,"cards_obtained":["Machine Learning"]}],"is_beta":false,"boss_relics":[],"items_purged_floors":[],"is_endless":false,"potions_floor_spawned":[5,6,14],"killed_by":"The Guardian","ascension_level":10}