{"gold_per_floor":[115,46,61,61,76,76,105,121,121,46,46,46,66,84,84,84],"floor_reached":16,"playtime":665,"items_purged":["Defend_G"],"score":143,"play_id":"06e30420-593c-47fc-8b2d-f8b3ec66bdc7","local_time":"20190206100714","is_ascension_mode":true,"campfire_choices":[{"data":"Backstab","floor":6,"key":"SMITH"},{"floor":11,"key":"REST"},{"data":"Noxious Fumes","floor":15,"key":"SMITH"}],"neow_cost":"NONE","seed_source_timestamp":35708412326299,"circlet_count":0,"master_deck":["Defend_G","Defend_G","Defend_G","Defend_G","Strike_G","Strike_G","Strike_G","Strike_G","Survivor","Neutralize+1","Backstab+1","Well Laid Plans","Cloak And Dagger","Dodge and Roll","Blur","Noxious Fumes+1"],"relics":["Ring of the Snake","NeowsBlessing","Paper Crane"],"potions_floor_usage":[16,16],"damage_taken":[{"damage":0,"enemies":"Cultist","floor":1,"turns":1},{"damage":0,"enemies":"2 Louse","floor":3,"turns":1},{"damage":0,"enemies":"Small Slimes","floor":5,"turns":1},{"damage":37,"enemies":"Gremlin Nob","floor":7,"turns":6},{"damage":0,"enemies":"Gremlin Gang","floor":8,"turns":6},{"damage":7,"enemies":"Lots of Slimes","floor":13,"turns":5},{"damage":0,"enemies":"Large Slime","floor":14,"turns":7},{"damage":37,"enemies":"Slime Boss","floor":16,"turns":12}],"seed_played":"8995087727203570629","potions_obtained":[{"floor":7,"key":"Swift Potion"},{"floor":8,"key":"Weak Potion"},{"floor":13,"key":"FearPotion"}],"is_trial":false,"path_per_floor":["M","$","M","?","M","R","E","M","T","$","R","?","M","M","R","B"],"character_chosen":"THE_SILENT","items_purchased":["Well Laid Plans"],"campfire_rested":1,"item_purchase_floors":[2],"current_hp_per_floor":[63,63,63,56,56,56,19,19,19,19,40,40,33,33,33,0],"gold":84,"neow_bonus":"THREE_ENEMY_KILL","is_prod":false,"is_daily":false,"chose_seed":false,"campfire_upgraded":2,"win_rate":0,"timestamp":1549465634,"path_taken":["M","$","?","?","M","R","E","M","T","$","R","?","M","M","R","BOSS"],"build_version":"2019-01-23","purchased_purges":1,"victory":false,"max_hp_per_floor":[70,70,70,70,70,70,70,70,70,70,70,70,70,70,70,70],"card_choices":[{"not_picked":["Dagger Throw","Well Laid Plans"],"picked":"Backstab","floor":1},{"not_picked":["Caltrops","Poisoned Stab"],"picked":"Cloak And Dagger","floor":3},{"not_picked":["Dodge and Roll","Sucker Punch","Caltrops"],"picked":"SKIP","floor":5},{"not_picked":["Sucker Punch","Caltrops"],"picked":"Dodge and Roll","floor":5},{"not_picked":["Dagger Throw","Blade Dance"],"picked":"Blur","floor":7},{"not_picked":["Blade Dance","Deflect","Caltrops"],"picked":"SKIP","floor":8},{"not_picked":["Distraction","Flying Knee"],"picked":"Noxious Fumes","floor":13},{"not_picked":["Doppelganger","Dodge and Roll","Sucker Punch"],"picked":"SKIP","floor":14}],"player_experience":465358,"relics_obtained":[{"floor":7,"key":"Paper Crane"}],"event_choices":[{"cards_removed":["Strike_G"],"damage_healed":0,"gold_gain":0,"player_choice":"Card Removal","damage_taken":7,"max_hp_gain":0,"max_hp_loss":0,"event_name":"Golden Wing","floor":4,"gold_loss":0},{"damage_healed":0,"gold_gain":0,"player_choice":"Forge","damage_taken":0,"max_hp_gain":0,"max_hp_loss":0,"event_name":"Accursed Blacksmith","floor":12,"gold_loss":0,"cards_upgraded":["Neutralize"]}],"is_beta":false,"boss_relics":[],"items_purged_floors":[10],"is_endless":false,"potions_floor_spawned":[7,8,13],"killed_by":"Slime Boss","ascension_level":8}