{"gold_per_floor":[115,39,52,52,127,155,155,182,229,229],"floor_reached":10,"playtime":598,"items_purged":[],"score":74,"play_id":"fc92debc-1239-4c4f-bf1f-3719d08d865c","local_time":"20190104152214","daily_mods":["SealedDeck","Heirloom","Elite Swarm"],"is_ascension_mode":false,"campfire_choices":[{"data":"Burst","floor":7,"key":"SMITH"}],"neow_cost":"","seed_source_timestamp":0,"circlet_count":0,"master_deck":["Setup","Expertise","Blade Dance","Blur","Cloak And Dagger","Well Laid Plans","Blade Dance","Cloak And Dagger","Cloak And Dagger","Escape Plan","Well Laid Plans","Leg Sweep","Burst+1","Bullet Time"],"relics":["Ring of the Snake","Nunchaku","Dream Catcher","Juzu Bracelet","Ice Cream","Lantern"],"potions_floor_usage":[6],"damage_taken":[{"damage":0,"enemies":"2 Louse","floor":1,"turns":2},{"damage":0,"enemies":"Cultist","floor":3,"turns":4},{"damage":13,"enemies":"Gremlin Nob","floor":6,"turns":4},{"damage":3,"enemies":"Lagavulin","floor":8,"turns":7},{"damage":50,"enemies":"Gremlin Nob","floor":10,"turns":5}],"seed_played":"5448019802954386569","potions_obtained":[{"floor":3,"key":"FearPotion"},{"floor":8,"key":"SpeedPotion"}],"is_trial":true,"path_per_floor":["M","?","M","?","?","E","R","E","T","E"],"character_chosen":"THE_SILENT","items_purchased":[],"campfire_rested":0,"item_purchase_floors":[],"current_hp_per_floor":[70,70,70,75,64,51,51,48,48,0],"gold":229,"neow_bonus":"","is_prod":false,"is_daily":false,"chose_seed":false,"campfire_upgraded":1,"win_rate":0,"timestamp":1546582934,"path_taken":["M","?","?","?","?","E","R","E","T","E"],"build_version":"2018-12-20","purchased_purges":0,"victory":false,"max_hp_per_floor":[70,70,70,75,75,75,75,75,75,75],"card_choices":[{"not_picked":["Flying Knee","Skewer"],"picked":"Well Laid Plans","floor":1},{"not_picked":["Underhanded Strike","Dagger Spray"],"picked":"Leg Sweep","floor":3},{"not_picked":["Wraith Form v2","Grand Finale"],"picked":"Burst","floor":6},{"not_picked":["Corpse Explosion","Phantasmal Killer"],"picked":"Bullet Time","floor":8}],"player_experience":743653,"relics_obtained":[{"floor":6,"key":"Juzu Bracelet"},{"floor":8,"key":"Ice Cream"},{"floor":9,"key":"Lantern"}],"event_choices":[{"damage_healed":0,"gold_gain":0,"player_choice":"Paid Gold","damage_taken":0,"relics_obtained":["Dream Catcher"],"max_hp_gain":0,"max_hp_loss":0,"event_name":"WeMeetAgain","floor":2,"gold_loss":76},{"damage_healed":0,"gold_gain":0,"player_choice":"Donut","damage_taken":0,"max_hp_gain":5,"max_hp_loss":0,"event_name":"Big Fish","floor":4,"gold_loss":0},{"damage_healed":0,"gold_gain":75,"player_choice":"Gather Gold","damage_taken":11,"max_hp_gain":0,"max_hp_loss":0,"event_name":"World of Goop","floor":5,"gold_loss":0}],"is_beta":false,"boss_relics":[],"items_purged_floors":[],"is_endless":false,"potions_floor_spawned":[3,8],"killed_by":"Gremlin Nob","ascension_level":0}