{"gold_per_floor":[368,468,484,495,495,495,526,546,628,656,676,736,613,630,630,726,726,745,775,775,775],"floor_reached":21,"playtime":1031,"items_purged":["Strike_R"],"score":199,"play_id":"e20fa34c-b270-4385-924d-1ef476ac6821","local_time":"20181212153628","is_ascension_mode":false,"campfire_choices":[{"data":"Uppercut","floor":6,"key":"SMITH"},{"data":"Limit Break","floor":15,"key":"SMITH"}],"neow_cost":"TEN_PERCENT_HP_LOSS","seed_source_timestamp":1124112750038863,"circlet_count":0,"master_deck":["Strike_R","Strike_R","Strike_R","Defend_R","Defend_R","Defend_R","Defend_R","Bash","Uppercut+1","Blood for Blood","Cleave","Power Through","Metallicize","Shrug It Off","Limit Break+1","Inflame","Limit Break","Shrug It Off"],"relics":["Burning Blood","Pocketwatch","Smiling Mask","Tiny Chest","Coffee Dripper","Red Mask","Nilry\u0027s Codex"],"potions_floor_usage":[16],"damage_taken":[{"damage":4,"enemies":"2 Louse","floor":1,"turns":3},{"damage":9,"enemies":"Cultist","floor":3,"turns":4},{"damage":3,"enemies":"Jaw Worm","floor":4,"turns":3},{"damage":25,"enemies":"Gremlin Nob","floor":7,"turns":4},{"damage":7,"enemies":"2 Fungi Beasts","floor":8,"turns":4},{"damage":20,"enemies":"Lagavulin","floor":10,"turns":7},{"damage":10,"enemies":"Looter","floor":11,"turns":3},{"damage":25,"enemies":"Gremlin Nob","floor":12,"turns":5},{"damage":2,"enemies":"Blue Slaver","floor":14,"turns":3},{"damage":7,"enemies":"Hexaghost","floor":16,"turns":7},{"damage":2,"enemies":"Shell Parasite","floor":18,"turns":7},{"damage":55,"enemies":"Masked Bandits","floor":19,"turns":6},{"damage":10,"enemies":"Colosseum Slavers","floor":21,"turns":3}],"seed_played":"4777509631791334246","potions_obtained":[{"floor":1,"key":"SteroidPotion"},{"floor":4,"key":"LiquidBronze"},{"floor":8,"key":"Energy Potion"},{"floor":16,"key":"Weak Potion"}],"is_trial":false,"path_per_floor":["M","?","M","M","?","R","E","M","T","E","M","E","$","M","R","B",null,"M","?","?","?"],"character_chosen":"IRONCLAD","items_purchased":["Limit Break"],"campfire_rested":0,"item_purchase_floors":[13],"current_hp_per_floor":[72,72,69,72,65,65,46,45,45,31,27,8,8,12,12,11,72,72,23,7,0],"gold":775,"neow_bonus":"TWO_FIFTY_GOLD","is_prod":false,"is_daily":false,"chose_seed":false,"campfire_upgraded":2,"win_rate":0,"timestamp":1544596588,"path_taken":["M","?","?","M","?","R","E","M","T","E","M","E","$","M","R","BOSS","M","?","?","?"],"build_version":"2018-12-06","purchased_purges":1,"victory":false,"max_hp_per_floor":[72,72,72,72,72,72,72,72,72,72,72,72,72,72,72,72,72,72,72,72,72],"card_choices":[{"not_picked":["Fire Breathing","Dual Wield"],"picked":"Uppercut","floor":1},{"not_picked":["Dropkick","Bloodletting"],"picked":"Blood for Blood","floor":3},{"not_picked":["Searing Blow","Pummel"],"picked":"Cleave","floor":4},{"not_picked":["Headbutt","Fire Breathing"],"picked":"Power Through","floor":7},{"not_picked":["Shrug It Off","Seeing Red"],"picked":"Metallicize","floor":8},{"not_picked":["Perfected Strike","Entrench","Searing Blow"],"picked":"SKIP","floor":10},{"not_picked":["Infernal Blade","Clothesline","Fire Breathing"],"picked":"SKIP","floor":11},{"not_picked":["Rampage","Fiend Fire"],"picked":"Shrug It Off","floor":12},{"not_picked":["Flex","Bloodletting"],"picked":"Inflame","floor":14},{"not_picked":["Demon Form","Barricade"],"picked":"Limit Break","floor":16},{"not_picked":["Perfected Strike+1","Clash","Anger"],"picked":"SKIP","floor":18},{"not_picked":["Pommel Strike","Clash"],"picked":"Shrug It Off","floor":19}],"player_experience":619467,"relics_obtained":[{"floor":7,"key":"Pocketwatch"},{"floor":10,"key":"Smiling Mask"},{"floor":12,"key":"Tiny Chest"},{"floor":19,"key":"Red Mask"},{"floor":20,"key":"Nilry\u0027s Codex"}],"event_choices":[{"damage_healed":0,"gold_gain":100,"player_choice":"Pray","damage_taken":0,"max_hp_gain":0,"max_hp_loss":0,"event_name":"Golden Shrine","floor":2,"gold_loss":0},{"cards_removed":["Strike_R"],"damage_healed":0,"gold_gain":0,"player_choice":"Card Removal","damage_taken":7,"max_hp_gain":0,"max_hp_loss":0,"event_name":"Golden Wing","floor":5,"gold_loss":0},{"damage_healed":0,"gold_gain":0,"player_choice":"Fought Bandits","damage_taken":0,"max_hp_gain":0,"max_hp_loss":0,"event_name":"Masked Bandits","floor":19,"gold_loss":0},{"damage_healed":0,"gold_gain":0,"player_choice":"Obtained Book","damage_taken":16,"max_hp_gain":0,"max_hp_loss":0,"event_name":"Cursed Tome","floor":20,"gold_loss":0},{"damage_healed":0,"gold_gain":0,"player_choice":"Fight","damage_taken":0,"max_hp_gain":0,"max_hp_loss":0,"event_name":"Colosseum","floor":21,"gold_loss":0}],"is_beta":false,"boss_relics":[{"not_picked":["Lizard Tail","Tiny House"],"picked":"Coffee Dripper"}],"items_purged_floors":[13],"is_endless":false,"potions_floor_spawned":[1,4,8,12,16],"killed_by":"Colosseum Slavers","ascension_level":0}