{"gold_per_floor":[117,117,192,208,158,184,184,204,204,57,92,103,103,118,118,219,219,237,248,274,289,13,13],"floor_reached":23,"playtime":1853,"items_purged":[],"score":237,"play_id":"1b1ba9c8-286a-4fb7-b3c8-b009ac748b00","local_time":"20190106062618","is_ascension_mode":true,"campfire_choices":[{"floor":7,"key":"REST"},{"data":"Neutralize","floor":13,"key":"SMITH"},{"floor":15,"key":"REST"}],"neow_cost":"NONE","seed_source_timestamp":980527622201575,"circlet_count":0,"master_deck":["Defend_G","Defend_G+1","Defend_G+1","Defend_G","Defend_G","Strike_G","Strike_G","Survivor","Neutralize+1","Flying Knee","Deadly Poison","Footwork","Dagger Throw","Escape Plan","Footwork","Deadly Poison","After Image","Cloak And Dagger","Bane+1","Cloak And Dagger","Dodge and Roll","Catalyst"],"relics":["Ring of the Snake","NeowsBlessing","Calipers","Potion Belt","Nunchaku","War Paint","Bronze Scales","Empty Cage","Red Mask","TheAbacus"],"potions_floor_usage":[11,11,16,20],"damage_taken":[{"damage":0,"enemies":"2 Louse","floor":1,"turns":1},{"damage":0,"enemies":"Small Slimes","floor":4,"turns":1},{"damage":0,"enemies":"Lagavulin","floor":6,"turns":1},{"damage":1,"enemies":"Jaw Worm","floor":8,"turns":4},{"damage":4,"enemies":"3 Sentries","floor":11,"turns":13},{"damage":0,"enemies":"Large Slime","floor":12,"turns":6},{"damage":1,"enemies":"Red Slaver","floor":14,"turns":4},{"damage":21,"enemies":"Slime Boss","floor":16,"turns":10},{"damage":0,"enemies":"Shell Parasite","floor":18,"turns":6},{"damage":4,"enemies":"3 Byrds","floor":19,"turns":4},{"damage":18,"enemies":"Masked Bandits","floor":20,"turns":6},{"damage":0,"enemies":"Centurion and Healer","floor":21,"turns":8},{"damage":52,"enemies":"Gremlin Leader","floor":23,"turns":6}],"seed_played":"-1766109115815618927","potions_obtained":[{"floor":1,"key":"EssenceOfSteel"},{"floor":8,"key":"Block Potion"},{"floor":11,"key":"Fire Potion"},{"floor":16,"key":"AttackPotion"},{"floor":18,"key":"FearPotion"}],"is_trial":false,"path_per_floor":["M","?","?","M","?","E","R","M","T","$","E","M","R","M","R","B",null,"M","M","?","M","$","E"],"character_chosen":"THE_SILENT","items_purchased":["War Paint","TheAbacus","Catalyst"],"campfire_rested":2,"item_purchase_floors":[10,22,22],"current_hp_per_floor":[70,37,26,26,26,26,47,46,46,46,42,42,42,41,62,41,70,70,66,48,48,48,0],"gold":13,"neow_bonus":"THREE_ENEMY_KILL","is_prod":false,"is_daily":false,"chose_seed":false,"campfire_upgraded":1,"win_rate":0,"timestamp":1546773978,"path_taken":["M","?","?","M","?","E","R","M","T","$","E","M","R","M","R","BOSS","M","M","?","M","$","E"],"build_version":"2019-01-03v4","purchased_purges":0,"victory":false,"max_hp_per_floor":[70,70,70,70,70,70,70,70,70,70,70,70,70,70,70,70,70,70,70,70,70,70,70],"card_choices":[{"not_picked":["Heel Hook","Dagger Spray"],"picked":"Flying Knee","floor":1},{"not_picked":["Calculated Gamble","Skewer"],"picked":"Deadly Poison","floor":4},{"not_picked":["Outmaneuver","Concentrate"],"picked":"Footwork","floor":6},{"not_picked":["Slice","Deflect"],"picked":"Dagger Throw","floor":8},{"not_picked":["Calculated Gamble","Prepared"],"picked":"Escape Plan","floor":11},{"not_picked":["Reflex","Slice"],"picked":"Footwork","floor":12},{"not_picked":["Wraith Form v2","Prepared"],"picked":"Deadly Poison","floor":14},{"not_picked":["Wraith Form v2","Malaise"],"picked":"After Image","floor":16},{"not_picked":["Slice+1","Blade Dance"],"picked":"Cloak And Dagger","floor":18},{"not_picked":["Deflect","Prepared"],"picked":"Bane+1","floor":19},{"not_picked":["Flying Knee","Deflect"],"picked":"Cloak And Dagger","floor":20},{"not_picked":["Underhanded Strike","Sucker Punch"],"picked":"Dodge and Roll","floor":21}],"player_experience":153438,"relics_obtained":[{"floor":6,"key":"Potion Belt"},{"floor":9,"key":"Nunchaku"},{"floor":11,"key":"Bronze Scales"},{"floor":20,"key":"Red Mask"}],"event_choices":[{"damage_healed":0,"gold_gain":0,"player_choice":"Success","damage_taken":33,"relics_obtained":["Calipers"],"max_hp_gain":0,"max_hp_loss":0,"event_name":"Scrap Ooze","floor":2,"gold_loss":0},{"damage_healed":0,"gold_gain":75,"player_choice":"Gather Gold","damage_taken":11,"max_hp_gain":0,"max_hp_loss":0,"event_name":"World of Goop","floor":3,"gold_loss":0},{"cards_removed":["Strike_G"],"damage_healed":0,"gold_gain":0,"player_choice":"Card Removal","damage_taken":0,"max_hp_gain":0,"max_hp_loss":0,"event_name":"The Cleric","floor":5,"gold_loss":50},{"damage_healed":0,"gold_gain":0,"player_choice":"Fought Bandits","damage_taken":0,"max_hp_gain":0,"max_hp_loss":0,"event_name":"Masked Bandits","floor":20,"gold_loss":0}],"is_beta":false,"boss_relics":[{"not_picked":["Eternal Feather","Pandora\u0027s Box"],"picked":"Empty Cage"}],"items_purged_floors":[],"is_endless":false,"potions_floor_spawned":[1,8,11,16,18],"killed_by":"Gremlin Leader","ascension_level":1}