{"gold_per_floor":[110,110,125,140,152,179,179,206,229,242,242,242,254,266,266,363,363,379,379,404,16,16,48,66,66,66,94,44,77,77,87,87,186,186,196,49,59,59,59,85,85,96,121,137,237,566,566,585,585,585],"floor_reached":51,"playtime":2555,"items_purged":["Shame","Strike_R"],"score":1042,"play_id":"465fa3b9-be9b-4862-ab0d-0ed9159de17e","local_time":"20190209014736","is_ascension_mode":true,"campfire_choices":[{"data":"Flame Barrier","floor":7.0,"key":"SMITH"},{"data":"Barricade","floor":15.0,"key":"SMITH"},{"data":"Rampage","floor":25.0,"key":"SMITH"},{"data":"Flame Barrier","floor":32.0,"key":"SMITH"},{"floor":41.0,"key":"RECALL"},{"floor":49,"key":"REST"}],"neow_cost":"NONE","seed_source_timestamp":189199421656238,"circlet_count":0,"master_deck":["Strike_R","Strike_R","Strike_R","Defend_R","Defend_R","Defend_R","Defend_R","Cleave","Impervious","Flame Barrier+1","Shockwave","Pummel","Barricade+1","Seeing Red","Disarm","Juggernaut","Armaments+1","Rampage+1","Dual Wield+1","Rampage","Flame Barrier+1","Demon Form","Ghostly Armor+1","Body Slam","Apotheosis"],"special_seed":0,"relics":["Burning Blood","Mummified Hand","Bag of Preparation","Oddly Smooth Stone","PreservedInsect","Busted Crown","MawBank","Shuriken","Question Card","Self Forming Clay","Lantern","Unceasing Top","Fusion Hammer","Molten Egg 2","Anchor","Bird Faced Urn","Old Coin"],"potions_floor_usage":[42,50,50],"damage_taken":[{"damage":9.0,"enemies":"2 Louse","floor":1.0,"turns":3.0},{"damage":10.0,"enemies":"Cultist","floor":3.0,"turns":5.0},{"damage":8.0,"enemies":"Jaw Worm","floor":4.0,"turns":4.0},{"damage":0.0,"enemies":"Lots of Slimes","floor":5.0,"turns":1.0},{"damage":44.0,"enemies":"Lagavulin","floor":6.0,"turns":8.0},{"damage":6.0,"enemies":"3 Sentries","floor":8.0,"turns":8.0},{"damage":7.0,"enemies":"2 Fungi Beasts","floor":10.0,"turns":5.0},{"damage":0.0,"enemies":"Gremlin Gang","floor":11.0,"turns":3.0},{"damage":11.0,"enemies":"Looter","floor":13.0,"turns":4.0},{"damage":0.0,"enemies":"Exordium Wildlife","floor":14.0,"turns":5.0},{"damage":0.0,"enemies":"The Guardian","floor":16.0,"turns":21.0},{"damage":6.0,"enemies":"Chosen","floor":18.0,"turns":6.0},{"damage":5.0,"enemies":"3 Byrds","floor":20.0,"turns":5.0},{"damage":16.0,"enemies":"Book of Stabbing","floor":23.0,"turns":6.0},{"damage":17.0,"enemies":"3 Cultists","floor":24.0,"turns":7.0},{"damage":0.0,"enemies":"Gremlin Leader","floor":27.0,"turns":7.0},{"damage":30.0,"enemies":"Slavers","floor":29.0,"turns":6.0},{"damage":0.0,"enemies":"Snake Plant","floor":31.0,"turns":4.0},{"damage":33.0,"enemies":"Automaton","floor":33.0,"turns":13.0},{"damage":0.0,"enemies":"Orb Walker","floor":35.0,"turns":5.0},{"damage":0.0,"enemies":"3 Shapes","floor":37.0,"turns":4.0},{"damage":0.0,"enemies":"Giant Head","floor":40.0,"turns":5.0},{"damage":6,"enemies":"Spire Growth","floor":42,"turns":4},{"damage":0,"enemies":"3 Darklings","floor":44,"turns":6},{"damage":4,"enemies":"Mind Bloom Boss Battle","floor":45,"turns":7},{"damage":0,"enemies":"Nemesis","floor":46,"turns":5},{"damage":12,"enemies":"Jaw Worm Horde","floor":48,"turns":4},{"damage":40,"enemies":"Donu and Deca","floor":50,"turns":8}],"seed_played":"2006561270822351152","potions_obtained":[{"floor":3.0,"key":"SteroidPotion"},{"floor":6.0,"key":"Strength Potion"},{"floor":10.0,"key":"SmokeBomb"},{"floor":14.0,"key":"BloodPotion"},{"floor":16.0,"key":"SpeedPotion"},{"floor":18.0,"key":"Dexterity Potion"},{"floor":27.0,"key":"Weak Potion"},{"floor":33.0,"key":"Block Potion"},{"floor":40.0,"key":"BloodPotion"},{"floor":44,"key":"Poison Potion"},{"floor":46,"key":"Swift Potion"}],"is_trial":false,"path_per_floor":["M","?","M","M","M","E","R","E","T","M","M","?","M","M","R","B",null,"M","?","M","$","?","E","M","R","T","E","?","E","$","M","R","B",null,"M","$","M","$","?","E","R","M","T","M","?","E","?","M","R","B",null],"character_chosen":"IRONCLAD","items_purchased":["Shuriken","Rampage","Body Slam"],"campfire_rested":1,"item_purchase_floors":[21,21,36],"current_hp_per_floor":[77,77,73,71,77,39,39,39,39,38,44,44,39,45,45,51,80,80,80,80,80,80,70,59,59,59,65,65,41,41,47,47,28,80,80,80,80,80,80,80,80,80,80,80,80,80,76,70,76,42],"gold":585,"neow_bonus":"ONE_RANDOM_RARE_CARD","is_prod":false,"is_daily":false,"chose_seed":false,"campfire_upgraded":4,"win_rate":0,"timestamp":1549712856,"path_taken":["M","?","M","M","?","E","R","E","T","M","M","?","M","?","R","BOSS","M","?","M","$","?","E","?","R","T","E","?","E","$","M","R","BOSS","M","$","?","$","?","E","R","M","T","M","?","E","?","M","R","BOSS"],"build_version":"2019-01-23","purchased_purges":2,"victory":true,"max_hp_per_floor":[80,80,80,80,80,80,80,80,80,80,80,80,80,80,80,80,80,80,80,80,80,80,80,80,80,80,80,80,80,80,80,80,80,80,80,80,80,80,80,80,80,80,80,80,80,80,76,76,76,76],"card_choices":[{"not_picked":["Shrug It Off","Fire Breathing","Twin Strike"],"picked":"SKIP","floor":1.0},{"not_picked":["Flex","Wild Strike"],"picked":"Cleave","floor":3.0},{"not_picked":["Twin Strike","Flex","Havoc"],"picked":"SKIP","floor":4.0},{"not_picked":["Reckless Charge","Combust"],"picked":"Impervious","floor":5.0},{"not_picked":["Feel No Pain","Anger"],"picked":"Flame Barrier","floor":6.0},{"not_picked":["Cleave","Twin Strike"],"picked":"Shockwave","floor":8.0},{"not_picked":["True Grit","Clothesline"],"picked":"Pummel","floor":10.0},{"not_picked":["Headbutt","Iron Wave"],"picked":"Seeing Red","floor":13.0},{"not_picked":["Sever Soul","Wild Strike"],"picked":"Disarm","floor":14.0},{"not_picked":["Berserk","Offering"],"picked":"Juggernaut","floor":16.0},{"not_picked":["Flex"],"picked":"SKIP","floor":18.0},{"not_picked":[],"picked":"Armaments+1","floor":20.0},{"not_picked":["Bloodletting"],"picked":"SKIP","floor":23.0},{"not_picked":["Intimidate"],"picked":"Dual Wield+1","floor":24.0},{"not_picked":["Infernal Blade"],"picked":"Rampage","floor":27.0},{"not_picked":["True Grit","Fire Breathing"],"picked":"SKIP","floor":29.0},{"not_picked":["Anger"],"picked":"Flame Barrier","floor":31.0},{"not_picked":["Juggernaut"],"picked":"Demon Form","floor":33.0},{"not_picked":["Shrug It Off"],"picked":"Ghostly Armor+1","floor":35.0},{"not_picked":["Disarm","Perfected Strike+1"],"picked":"SKIP","floor":37.0},{"not_picked":["PanicButton"],"picked":"Apotheosis","floor":39.0},{"not_picked":["Armaments","Dropkick"],"picked":"SKIP","floor":40.0},{"not_picked":["Shrug It Off","Clash+1"],"picked":"SKIP","floor":42},{"not_picked":["Whirlwind+1","Offering"],"picked":"SKIP","floor":44},{"not_picked":["Clothesline+1","Spot Weakness+1"],"picked":"SKIP","floor":46},{"not_picked":["Disarm","Corruption"],"picked":"SKIP","floor":48}],"player_experience":123462,"relics_obtained":[{"floor":6.0,"key":"Bag of Preparation"},{"floor":8.0,"key":"Oddly Smooth Stone"},{"floor":9.0,"key":"PreservedInsect"},{"floor":23.0,"key":"Question Card"},{"floor":26.0,"key":"Self Forming Clay"},{"floor":27.0,"key":"Lantern"},{"floor":29.0,"key":"Unceasing Top"},{"floor":40.0,"key":"Molten Egg 2"},{"floor":43,"key":"Anchor"},{"floor":45,"key":"Bird Faced Urn"},{"floor":46,"key":"Old Coin"}],"event_choices":[{"cards_removed":["Double Tap"],"damage_healed":0.0,"max_hp_gain":0.0,"max_hp_loss":0.0,"gold_gain":0.0,"event_name":"WeMeetAgain","player_choice":"Gave Card","floor":2.0,"gold_loss":0.0,"damage_taken":0.0,"relics_obtained":["Mummified Hand"]},{"damage_healed":0.0,"max_hp_gain":0.0,"max_hp_loss":0.0,"gold_gain":0.0,"cards_transformed":["Strike_R"],"event_name":"Transmorgrifier","player_choice":"Transformed","floor":12.0,"gold_loss":0.0,"damage_taken":0.0,"cards_obtained":["Barricade"]},{"damage_healed":0.0,"max_hp_gain":0.0,"max_hp_loss":0.0,"gold_gain":0.0,"event_name":"Addict","player_choice":"Stole Relic","floor":19.0,"gold_loss":0.0,"damage_taken":0.0,"relics_obtained":["MawBank"],"cards_obtained":["Shame"]},{"cards_removed":["Bash"],"damage_healed":0.0,"max_hp_gain":0.0,"max_hp_loss":0.0,"gold_gain":0.0,"event_name":"Bonfire Elementals","player_choice":"Offered Basic","floor":22.0,"gold_loss":0.0,"damage_taken":0.0},{"damage_healed":0.0,"max_hp_gain":0.0,"max_hp_loss":0.0,"gold_gain":0.0,"event_name":"The Joust","player_choice":"Bet on Murderer","floor":28.0,"gold_loss":50.0,"damage_taken":0.0},{"damage_healed":0.0,"max_hp_gain":0.0,"max_hp_loss":0.0,"gold_gain":0.0,"event_name":"SensoryStone","player_choice":"Memory 1","floor":39.0,"gold_loss":0.0,"damage_taken":0.0},{"damage_healed":0,"gold_gain":0,"player_choice":"Fight","damage_taken":0,"max_hp_gain":0,"max_hp_loss":0,"event_name":"MindBloom","floor":45,"gold_loss":0},{"damage_healed":0,"gold_gain":0,"player_choice":"Max HP","damage_taken":0,"max_hp_gain":0,"max_hp_loss":4,"event_name":"Winding Halls","floor":47,"gold_loss":0}],"is_beta":false,"boss_relics":[{"not_picked":["Eternal Feather","Mark of Pain"],"picked":"Busted Crown"},{"not_picked":["Runic Pyramid","Pandora\u0027s Box"],"picked":"Fusion Hammer"}],"items_purged_floors":[21,36],"is_endless":false,"potions_floor_spawned":[3,6,10,14,16,18,27,29,33,40,44,46],"ascension_level":2}