{"gold_per_floor":[113,38,53,128,146,146,46,46,96,46,46,46,66,83,83,180,180,193,193,213,232,245,245,260,277,277,277,277,289,164,194,194,299,299,316,316,77,77,77,77,77,0,46,46,59,59,59,73,73,73,73,73,28,54,54],"floor_reached":55,"playtime":2244,"items_purged":["Strike_B","Strike_B","Strike_B","Defend_B"],"score":655,"play_id":"71da4285-b5f6-4761-969e-3857b05bca13","local_time":"20181224211357","is_ascension_mode":false,"campfire_choices":[{"data":"Zap","floor":6,"key":"SMITH"},{"data":"Dualcast","floor":8,"key":"SMITH"},{"data":"Biased Cognition","floor":12,"key":"SMITH"},{"floor":15,"key":"RECALL"},{"data":"Go for the Eyes","floor":23,"key":"SMITH"},{"data":"Tempest","floor":32,"key":"SMITH"},{"data":"Apotheosis","floor":40,"key":"SMITH"},{"data":"Panacea","floor":44,"key":"SMITH"},{"data":"Seek","floor":47,"key":"SMITH"},{"data":"Coolheaded","floor":49,"key":"SMITH"},{"data":"Electrodynamics","floor":52,"key":"SMITH"}],"neow_cost":"NONE","seed_source_timestamp":618242082005251,"circlet_count":0,"master_deck":["Defend_B","Zap+1","Dualcast+1","Biased Cognition+1","Capacitor","Conserve Battery","FTL","BootSequence","Chill","Electrodynamics+1","Loop+1","Tempest+1","Capacitor+1","Coolheaded+1","Capacitor+1","Glacier+1","Seek+1","Static Discharge+1","Madness","Madness","Panacea+1","Apotheosis+1","Self Repair","Go for the Eyes+1"],"relics":["Cracked Core","Empty Cage","Orichalcum","Molten Egg 2","Ornamental Fan","Nuclear Battery","Red Mask","Lantern","FossilizedHelix"],"potions_floor_usage":[33,33,55,55,55],"damage_taken":[{"damage":0,"enemies":"2 Louse","floor":1,"turns":2},{"damage":1,"enemies":"Jaw Worm","floor":3,"turns":3},{"damage":1,"enemies":"Cultist","floor":5,"turns":3},{"damage":1,"enemies":"Red Slaver","floor":13,"turns":3},{"damage":0,"enemies":"Looter","floor":14,"turns":3},{"damage":44,"enemies":"Slime Boss","floor":16,"turns":12},{"damage":22,"enemies":"Spheric Guardian","floor":18,"turns":4},{"damage":0,"enemies":"3 Byrds","floor":20,"turns":2},{"damage":0,"enemies":"Cultist and Chosen","floor":21,"turns":4},{"damage":6,"enemies":"3 Cultists","floor":22,"turns":3},{"damage":9,"enemies":"Snake Plant","floor":24,"turns":2},{"damage":0,"enemies":"Chosen and Byrds","floor":25,"turns":4},{"damage":0,"enemies":"Centurion and Healer","floor":29,"turns":4},{"damage":10,"enemies":"Book of Stabbing","floor":31,"turns":6},{"damage":31,"enemies":"Collector","floor":33,"turns":19},{"damage":20,"enemies":"3 Darklings","floor":35,"turns":4},{"damage":0,"enemies":"3 Shapes","floor":45,"turns":4},{"damage":0,"enemies":"Transient","floor":48,"turns":5},{"damage":23,"enemies":"Donu and Deca","floor":50,"turns":8},{"damage":18,"enemies":"Shield and Spear","floor":54,"turns":8},{"damage":85,"enemies":"The Heart","floor":55,"turns":9}],"seed_played":"6928505844695086752","potions_obtained":[{"floor":1,"key":"Dexterity Potion"},{"floor":5,"key":"Energy Potion"},{"floor":16,"key":"Weak Potion"},{"floor":18,"key":"Block Potion"},{"floor":29,"key":"Regen Potion"},{"floor":35,"key":"SkillPotion"},{"floor":48,"key":"SpeedPotion"},{"floor":54,"key":"SkillPotion"}],"is_trial":false,"path_per_floor":["M","$","M","?","M","R","$","R","T","?","$","R","M","M","R","B",null,"M","T","M","M","M","R","M","M","T","?","?","M","$","E","R","B",null,"M","?","$","?","$","R","?","?","T","R","M","?","R","M","R","B",null,"R","$","E","B"],"character_chosen":"DEFECT","items_purchased":["Panacea","Go for the Eyes+1"],"campfire_rested":0,"item_purchase_floors":[37,53],"current_hp_per_floor":[75,75,74,63,62,62,62,62,62,62,62,62,61,61,61,17,75,53,53,53,53,47,47,38,38,38,38,38,38,38,28,28,12,75,55,46,46,46,46,46,46,46,46,46,46,46,46,53,53,40,75,75,75,64,0],"gold":54,"neow_bonus":"ONE_RANDOM_RARE_CARD","is_prod":false,"is_daily":false,"chose_seed":false,"campfire_upgraded":10,"win_rate":0,"timestamp":1545653637,"path_taken":["M","$","M","?","M","R","$","R","T","?","?","R","?","M","R","BOSS","M","?","M","M","M","R","M","M","T","?","?","M","$","E","R","BOSS","M","?","$","?","$","R","?","?","T","R","M","?","R","M","R","BOSS","R","$","E","BOSS"],"build_version":"2018-12-20","purchased_purges":4,"victory":false,"max_hp_per_floor":[75,75,75,75,75,75,75,75,75,75,75,75,75,75,75,75,75,75,75,75,75,75,75,75,75,75,75,75,75,75,75,75,75,75,75,75,75,75,75,75,75,75,75,75,75,75,75,75,75,75,75,75,75,75,75],"card_choices":[{"not_picked":["Aggregate","Chaos"],"picked":"Capacitor","floor":1},{"not_picked":["Rip and Tear","Go for the Eyes"],"picked":"Conserve Battery","floor":3},{"not_picked":["Sweeping Beam","Fusion"],"picked":"FTL","floor":5},{"not_picked":["Stack","Redo"],"picked":"BootSequence","floor":13},{"not_picked":["Streamline","Beam Cell"],"picked":"Chill","floor":14},{"not_picked":["Rainbow","Biased Cognition"],"picked":"Electrodynamics","floor":16},{"not_picked":["Rebound+1","Skim","Sunder"],"picked":"SKIP","floor":18},{"not_picked":["Barrage","Rebound"],"picked":"Loop+1","floor":20},{"not_picked":["Coolheaded","Hologram"],"picked":"Go for the Eyes","floor":21},{"not_picked":["Steam Power","Rip and Tear"],"picked":"Tempest","floor":22},{"not_picked":["Coolheaded+1","Barrage"],"picked":"Capacitor+1","floor":24},{"not_picked":["Gash","Steam"],"picked":"Coolheaded","floor":25},{"not_picked":["Melter+1","Auto Shields+1"],"picked":"Capacitor+1","floor":29},{"not_picked":["Barrage+1","Stack"],"picked":"Glacier+1","floor":31},{"not_picked":["Meteor Strike+1","Electrodynamics"],"picked":"Seek","floor":33},{"not_picked":["Compile Driver+1","Redo"],"picked":"Static Discharge+1","floor":35},{"not_picked":["Secret Weapon","Madness"],"picked":"Apotheosis","floor":38},{"not_picked":["Redo+1","Turbo"],"picked":"Self Repair","floor":45},{"not_picked":["Streamline+1","Rebound+1","Darkness"],"picked":"SKIP","floor":48},{"not_picked":["Steam Power","White Noise","Melter+1"],"picked":"SKIP","floor":54}],"player_experience":677390,"relics_obtained":[{"floor":19,"key":"Orichalcum"},{"floor":26,"key":"Molten Egg 2"},{"floor":31,"key":"Ornamental Fan"},{"floor":43,"key":"Lantern"},{"floor":54,"key":"FossilizedHelix"}],"event_choices":[{"damage_healed":0,"gold_gain":75,"player_choice":"Gather Gold","damage_taken":11,"max_hp_gain":0,"max_hp_loss":0,"event_name":"World of Goop","floor":4,"gold_loss":0},{"cards_removed":["Defend_B"],"damage_healed":0,"gold_gain":0,"player_choice":"Card Removal","damage_taken":0,"max_hp_gain":0,"max_hp_loss":0,"event_name":"The Cleric","floor":10,"gold_loss":50},{"damage_healed":0,"gold_gain":0,"player_choice":"Ignored","damage_taken":0,"max_hp_gain":0,"max_hp_loss":0,"event_name":"Ghosts","floor":27,"gold_loss":0},{"damage_healed":0,"gold_gain":0,"player_choice":"Ignored","damage_taken":0,"max_hp_gain":0,"max_hp_loss":0,"event_name":"Vampires","floor":28,"gold_loss":0},{"damage_healed":0,"gold_gain":0,"player_choice":"Embrace Madness","damage_taken":9,"max_hp_gain":0,"max_hp_loss":0,"event_name":"Winding Halls","floor":36,"gold_loss":0,"cards_obtained":["Madness","Madness"]},{"damage_healed":0,"gold_gain":0,"player_choice":"Memory 1","damage_taken":0,"max_hp_gain":0,"max_hp_loss":0,"event_name":"SensoryStone","floor":38,"gold_loss":0},{"damage_healed":0,"gold_gain":0,"player_choice":"Ignored","damage_taken":0,"max_hp_gain":0,"max_hp_loss":0,"event_name":"Mysterious Sphere","floor":41,"gold_loss":0},{"damage_healed":0,"gold_gain":0,"player_choice":"Paid","damage_taken":0,"relics_obtained":["Red Mask"],"max_hp_gain":0,"max_hp_loss":0,"event_name":"Tomb of Lord Red Mask","floor":42,"gold_loss":77},{"cards_removed":["Go for the Eyes"],"damage_healed":0,"gold_gain":0,"player_choice":"Removed Attack","damage_taken":0,"max_hp_gain":0,"max_hp_loss":0,"event_name":"Falling","floor":46,"gold_loss":0}],"is_beta":false,"boss_relics":[{"not_picked":["Velvet Choker","Philosopher\u0027s Stone"],"picked":"Empty Cage"},{"not_picked":["Inserter","Snecko Eye"],"picked":"Nuclear Battery"}],"items_purged_floors":[2,7,30,37],"is_endless":false,"potions_floor_spawned":[1,5,16,18,20,22,29,31,35,48,54],"killed_by":"The Heart","ascension_level":0}