{"gold_per_floor":[116,66,83,83,3,37,37,63,63,63,81,81,97,112,112,207,207,222,271,271,281,301,301,314,123,123,150,4,29,102,137,137,237,237,251,151,151,164,164,164,175,195,195,211,224,224,249,263,263,263,263,263,62,88,88],"floor_reached":56,"playtime":1932,"items_purged":["Strike_B","Defend_B"],"score":1966,"play_id":"f9c4dfd8-05ff-4388-b7d9-9b8a5dcab525","local_time":"20181217211151","is_ascension_mode":true,"campfire_choices":[{"data":"Defragment","floor":10,"key":"SMITH"},{"data":"Coolheaded","floor":15,"key":"SMITH"},{"data":"Zap","floor":23,"key":"SMITH"},{"data":"Consume","floor":32,"key":"SMITH"},{"data":"Storm","floor":40,"key":"SMITH"},{"floor":49,"key":"RECALL"},{"data":"White Noise","floor":52,"key":"SMITH"}],"neow_cost":"NONE","seed_source_timestamp":279526015393251,"circlet_count":0,"master_deck":["AscendersBane","Zap+1","Blizzard","Defragment+1","Chill+1","Redo","Ball Lightning","Coolheaded+1","Storm+1","Glacier","Conserve Battery+1","Multi-Cast","Biased Cognition+1","Blizzard+1","Seek+1","White Noise+1","Cold Snap","Coolheaded+1","Capacitor","Loop+1","Consume+1","Coolheaded+1","Echo Form","Redo+1","Heatsinks","Recycle+1","Turbo","Chill+1","Coolheaded","Force Field"],"relics":["Cracked Core","NeowsBlessing","Matryoshka","Mummified Hand","Darkstone Periapt","Art of War","Astrolabe","Omamori","Strawberry","Dream Catcher","War Paint","Turnip","Cables","Juzu Bracelet","Pear","Bronze Scales","Coffee Dripper","Ornamental Fan","Bag of Preparation"],"potions_floor_usage":[16,16,48,54,55,55,55,55,55],"damage_taken":[{"damage":0,"enemies":"Jaw Worm","floor":1,"turns":1},{"damage":0,"enemies":"Small Slimes","floor":3,"turns":1},{"damage":0,"enemies":"Gremlin Nob","floor":6,"turns":1},{"damage":11,"enemies":"3 Sentries","floor":8,"turns":6},{"damage":0,"enemies":"Cultist","floor":11,"turns":3},{"damage":9,"enemies":"Exordium Wildlife","floor":13,"turns":4},{"damage":14,"enemies":"Red Slaver","floor":14,"turns":4},{"damage":12,"enemies":"Hexaghost","floor":16,"turns":11},{"damage":0,"enemies":"3 Byrds","floor":18,"turns":4},{"damage":0,"enemies":"2 Thieves","floor":21,"turns":3},{"damage":17,"enemies":"Centurion and Healer","floor":22,"turns":5},{"damage":0,"enemies":"3 Cultists","floor":24,"turns":5},{"damage":2,"enemies":"Book of Stabbing","floor":27,"turns":5},{"damage":0,"enemies":"Gremlin Leader","floor":29,"turns":4},{"damage":0,"enemies":"Book of Stabbing","floor":31,"turns":4},{"damage":12,"enemies":"Collector","floor":33,"turns":5},{"damage":0,"enemies":"Orb Walker","floor":35,"turns":3},{"damage":0,"enemies":"3 Shapes","floor":38,"turns":3},{"damage":11,"enemies":"Transient","floor":41,"turns":5},{"damage":14,"enemies":"Spire Growth","floor":42,"turns":4},{"damage":0,"enemies":"4 Shapes","floor":44,"turns":3},{"damage":0,"enemies":"3 Darklings","floor":45,"turns":3},{"damage":0,"enemies":"Reptomancer","floor":47,"turns":4},{"damage":17,"enemies":"Writhing Mass","floor":48,"turns":2},{"damage":21,"enemies":"Donu and Deca","floor":50,"turns":7},{"damage":21,"enemies":"Shield and Spear","floor":54,"turns":5},{"damage":4,"enemies":"The Heart","floor":55,"turns":10}],"seed_played":"-3300435015248559599","potions_obtained":[{"floor":1,"key":"LiquidBronze"},{"floor":3,"key":"AttackPotion"},{"floor":16,"key":"EssenceOfSteel"},{"floor":24,"key":"Weak Potion"},{"floor":27,"key":"EntropicBrew"},{"floor":31,"key":"PowerPotion"},{"floor":42,"key":"PowerPotion"}],"is_trial":false,"path_per_floor":["M","?","M","?","$","E","?","E","T","R","M","?","M","M","R","B",null,"M","T","?","M","M","R","M","$","T","E","$","E","T","E","R","B",null,"M","$","?","M","?","R","M","M","T","M","M","?","E","M","R","B",null,"R","$","E","B",null],"character_chosen":"DEFECT","items_purchased":["Chill","Capacitor","War Paint","Consume","FocusPotion","Coolheaded","Force Field"],"campfire_rested":0,"item_purchase_floors":[5,25,25,28,53,53,53],"current_hp_per_floor":[68,68,68,73,73,73,73,62,62,62,62,62,53,39,39,27,67,67,74,74,74,57,57,57,57,57,55,55,55,65,65,65,53,86,86,86,86,86,86,86,75,61,61,61,61,61,61,44,44,23,79,79,79,58,54],"gold":88,"neow_bonus":"THREE_ENEMY_KILL","is_prod":false,"is_daily":false,"chose_seed":false,"campfire_upgraded":6,"win_rate":0,"timestamp":1545099111,"path_taken":["M","?","M","?","?","E","?","E","T","R","?","?","M","M","R","BOSS","M","?","?","M","M","R","?","$","T","E","?","E","?","E","R","BOSS","M","$","?","M","?","R","M","M","T","M","M","?","E","M","R","BOSS","R","$","E","BOSS"],"build_version":"2018-12-13","purchased_purges":2,"victory":true,"max_hp_per_floor":[75,75,75,80,80,80,80,80,80,80,80,80,80,80,80,80,80,80,87,87,87,87,87,87,87,87,87,87,87,97,97,97,97,97,97,97,97,97,97,97,97,97,97,97,97,97,97,97,97,97,97,97,97,97,97],"card_choices":[{"not_picked":["Double Energy","Conserve Battery"],"picked":"Blizzard","floor":1},{"not_picked":["Self Repair","Sweeping Beam"],"picked":"Defragment","floor":3},{"not_picked":["Tempest","Melter"],"picked":"Redo","floor":6},{"not_picked":["Rebound","Cold Snap"],"picked":"Coolheaded","floor":8},{"not_picked":["All For One","Gash"],"picked":"Storm","floor":11},{"not_picked":["Sunder","Gash"],"picked":"Glacier","floor":13},{"not_picked":["Doom and Gloom","Tempest"],"picked":"Conserve Battery","floor":14},{"not_picked":["All For One","Rainbow"],"picked":"Multi-Cast","floor":16},{"not_picked":["Sunder","FTL","Barrage"],"picked":"SKIP","floor":18},{"not_picked":["Fusion","Go for the Eyes"],"picked":"White Noise","floor":21},{"not_picked":["Genetic Algorithm","Turbo"],"picked":"Cold Snap","floor":22},{"not_picked":["Steam","Gash"],"picked":"Coolheaded+1","floor":24},{"not_picked":["Hyperbeam","Redo"],"picked":"Loop+1","floor":27},{"not_picked":["Rip and Tear","Rebound+1"],"picked":"Coolheaded+1","floor":29},{"not_picked":["FTL+1","Compile Driver","Go for the Eyes+1"],"picked":"SKIP","floor":31},{"not_picked":["Core Surge","Reboot"],"picked":"Echo Form","floor":33},{"not_picked":["Sweeping Beam","Stack","Redo"],"picked":"SKIP","floor":35},{"not_picked":["Chaos","Beam Cell"],"picked":"Steam Power+1","floor":38},{"not_picked":["Gash","Go for the Eyes"],"picked":"Redo+1","floor":41},{"not_picked":["Rebound","Sunder","Steam+1"],"picked":"SKIP","floor":42},{"not_picked":["Ball Lightning+1","Reinforced Body"],"picked":"Heatsinks","floor":44},{"not_picked":["Tempest+1","Beam Cell"],"picked":"Recycle+1","floor":45},{"not_picked":["Cold Snap","Beam Cell+1","Redo"],"picked":"SKIP","floor":47},{"not_picked":["Doom and Gloom","Coolheaded"],"picked":"Chill+1","floor":48},{"not_picked":["Reboot","Gash","Streamline+1"],"picked":"SKIP","floor":54}],"player_experience":367287,"relics_obtained":[{"floor":6,"key":"Matryoshka"},{"floor":8,"key":"Mummified Hand"},{"floor":9,"key":"Darkstone Periapt"},{"floor":9,"key":"Art of War"},{"floor":19,"key":"Omamori"},{"floor":19,"key":"Strawberry"},{"floor":20,"key":"Dream Catcher"},{"floor":26,"key":"Turnip"},{"floor":27,"key":"Cables"},{"floor":29,"key":"Juzu Bracelet"},{"floor":30,"key":"Pear"},{"floor":31,"key":"Bronze Scales"},{"floor":47,"key":"Ornamental Fan"},{"floor":54,"key":"Bag of Preparation"}],"event_choices":[{"cards_removed":["Strike_B"],"damage_healed":0,"gold_gain":0,"player_choice":"Card Removal","damage_taken":0,"max_hp_gain":0,"max_hp_loss":0,"event_name":"The Cleric","floor":2,"gold_loss":50},{"damage_healed":0,"gold_gain":0,"player_choice":"Donut","damage_taken":0,"max_hp_gain":5,"max_hp_loss":0,"event_name":"Big Fish","floor":4,"gold_loss":0},{"damage_healed":0,"gold_gain":0,"cards_transformed":["Defend_B"],"player_choice":"Transformed","damage_taken":0,"max_hp_gain":0,"max_hp_loss":0,"event_name":"Transmorgrifier","floor":7,"gold_loss":0,"cards_obtained":["Ball Lightning"]},{"cards_removed":["Strike_B"],"damage_healed":0,"gold_gain":0,"player_choice":"Offered Basic","damage_taken":0,"max_hp_gain":0,"max_hp_loss":0,"event_name":"Bonfire Elementals","floor":12,"gold_loss":0},{"damage_healed":0,"gold_gain":0,"player_choice":"Relic","damage_taken":0,"max_hp_gain":0,"max_hp_loss":0,"event_name":"Wheel of Change","floor":20,"gold_loss":0},{"damage_healed":0,"gold_gain":0,"player_choice":"Memory 1","damage_taken":0,"max_hp_gain":0,"max_hp_loss":0,"event_name":"SensoryStone","floor":37,"gold_loss":0},{"cards_removed":["Dualcast"],"damage_healed":0,"gold_gain":0,"player_choice":"Removed Skill","damage_taken":0,"max_hp_gain":0,"max_hp_loss":0,"event_name":"Falling","floor":39,"gold_loss":0},{"damage_healed":0,"gold_gain":0,"cards_transformed":["Steam Power"],"player_choice":"Transformed","damage_taken":0,"max_hp_gain":0,"max_hp_loss":0,"event_name":"Transmorgrifier","floor":46,"gold_loss":0,"cards_obtained":["Turbo"]}],"is_beta":false,"boss_relics":[{"not_picked":["Fusion Hammer","White Beast Statue"],"picked":"Astrolabe"},{"not_picked":["Pandora\u0027s Box","Nuclear Battery"],"picked":"Coffee Dripper"}],"items_purged_floors":[28,36],"is_endless":false,"potions_floor_spawned":[1,3,16,24,27,31,35,41,42],"ascension_level":10}