{"gold_per_floor":[113,113,128,141,91,91,125,125,149,172,248,273,273],"floor_reached":13,"playtime":558,"items_purged":[],"score":85,"play_id":"fa87a300-e2b3-4d36-88e2-887d0fdb1f59","local_time":"20180725174354","is_ascension_mode":false,"campfire_choices":[{"data":"Defragment","floor":6,"key":"SMITH"},{"data":"Dualcast","floor":8,"key":"SMITH"}],"neow_cost":"TEN_PERCENT_HP_LOSS","seed_source_timestamp":110955204238873,"circlet_count":0,"master_deck":["Strike_B","Strike_B","Strike_B","Defend_B","Defend_B","Defend_B","Defend_B","Zap","Dualcast+1","Steam","Defragment+1","Cold Snap","BootSequence","Stack","Ball Lightning","Recycle"],"relics":["Cracked Core","Calipers","Golden Idol","Orichalcum","Centennial Puzzle","DataDisk"],"potions_floor_usage":[11],"damage_taken":[{"damage":3,"enemies":"Jaw Worm","floor":1,"turns":3},{"damage":2,"enemies":"2 Louse","floor":3,"turns":2},{"damage":0,"enemies":"Cultist","floor":4,"turns":3},{"damage":13,"enemies":"Lagavulin","floor":7,"turns":7},{"damage":15,"enemies":"Gremlin Gang","floor":10,"turns":5},{"damage":12,"enemies":"Gremlin Nob","floor":11,"turns":4},{"damage":2,"enemies":"Blue Slaver","floor":12,"turns":3}],"seed_played":"3066668293862306658","potions_obtained":[{"floor":4,"key":"Poison Potion"},{"floor":7,"key":"SpeedPotion"},{"floor":10,"key":"SteroidPotion"},{"floor":12,"key":"Regen Potion"}],"is_trial":false,"path_per_floor":["M","?","M","M","?","R","E","R","T","M","?","M"],"character_chosen":"DEFECT","items_purchased":[],"campfire_rested":0,"item_purchase_floors":[],"current_hp_per_floor":[65,48,46,46,46,46,33,33,33,18,6,4,0],"gold":273,"neow_bonus":"ONE_RARE_RELIC","is_prod":false,"is_daily":false,"chose_seed":false,"campfire_upgraded":2,"win_rate":0,"timestamp":1532508234,"path_taken":["M","?","?","M","?","R","E","R","T","M","?","?","?"],"build_version":"2018-07-24","purchased_purges":0,"victory":false,"max_hp_per_floor":[68,68,68,68,68,68,68,68,68,68,68,68,68],"card_choices":[{"not_picked":["Compile Driver","Consume"],"picked":"Steam","floor":1},{"not_picked":["Aggregate","Rebound"],"picked":"Defragment","floor":3},{"not_picked":["Conserve Battery","Thunder Strike"],"picked":"Cold Snap","floor":4},{"not_picked":["Leap","Barrage"],"picked":"BootSequence","floor":7},{"not_picked":["Steam","Hologram"],"picked":"Stack","floor":10},{"not_picked":["Hologram","Reinforced Body"],"picked":"Ball Lightning","floor":11},{"not_picked":["Undo","Fusion"],"picked":"Recycle","floor":12}],"player_experience":292348,"relics_obtained":[{"floor":7,"key":"Orichalcum"},{"floor":9,"key":"Centennial Puzzle"},{"floor":11,"key":"DataDisk"}],"event_choices":[{"event_name":"Golden Idol","player_choice":"Take Damage","floor":2,"damage_taken":0},{"event_name":"The Cleric","player_choice":"Card Removal","floor":5,"damage_taken":0},{"event_name":"Dead Adventurer","player_choice":"Searched \u00271\u0027 times","floor":11,"damage_taken":0}],"is_beta":true,"boss_relics":[],"items_purged_floors":[],"is_endless":false,"potions_floor_spawned":[4,7,10,12],"ascension_level":0}