{"gold_per_floor":[115,115,40,40,54,54,54,73,99,99,119,119,148,74,74,149,149,168,180,180,455,455],"floor_reached":22,"playtime":795,"items_purged":["Writhe"],"score":364,"play_id":"45747786-d1e2-4f09-afbf-72a7fb127be0","local_time":"20181101033636","is_ascension_mode":true,"campfire_choices":[{"data":"Neutralize","floor":6,"key":"SMITH"},{"floor":10,"key":"REST"},{"floor":15,"key":"REST"}],"neow_cost":"NONE","seed_source_timestamp":36517407706700,"circlet_count":0,"master_deck":["Survivor","Neutralize+1","AscendersBane","Parasite","Backflip","Dash","Bouncing Flask+1","Terror","Cloak And Dagger","Catalyst","Glass Knife","Deadly Poison","Heel Hook","Terror","Bane","Poisoned Stab","Acrobatics","Cloak And Dagger","Caltrops","Setup","Acrobatics","Dodge and Roll"],"relics":["Calling Bell","Omamori","Paper Crane","Turnip","PreservedInsect","Centennial Puzzle","Pandora\u0027s Box"],"potions_floor_usage":[13,16,16,22],"damage_taken":[{"damage":13,"enemies":"Small Slimes","floor":1,"turns":6},{"damage":0,"enemies":"2 Louse","floor":5,"turns":2},{"damage":0,"enemies":"Jaw Worm","floor":8,"turns":4},{"damage":12,"enemies":"2 Fungi Beasts","floor":11,"turns":4},{"damage":9,"enemies":"3 Sentries","floor":13,"turns":5},{"damage":6,"enemies":"Hexaghost","floor":16,"turns":7},{"damage":13,"enemies":"Shell Parasite","floor":18,"turns":6},{"damage":13,"enemies":"Chosen","floor":19,"turns":4},{"damage":23,"enemies":"Masked Bandits","floor":22,"turns":2}],"seed_played":"-1441120700643142462","potions_obtained":[{"floor":5,"key":"PowerPotion"},{"floor":11,"key":"Poison Potion"},{"floor":13,"key":"Poison Potion"},{"floor":19,"key":"SkillPotion"}],"is_trial":false,"path_per_floor":["M","?","$","?","M","R","$","M","T","R","M","?","E","$","R","B",null,"M","M","?","?"],"character_chosen":"THE_SILENT","items_purchased":["Catalyst"],"campfire_rested":2,"item_purchase_floors":[14],"current_hp_per_floor":[46,39,39,19,19,19,19,19,19,38,26,26,17,17,36,30,57,44,31,22,22,0],"gold":455,"neow_bonus":"BOSS_RELIC","is_prod":false,"is_daily":false,"chose_seed":false,"campfire_upgraded":1,"win_rate":0,"timestamp":1541057796,"path_taken":["M","?","$","?","M","R","$","?","T","R","M","?","E","$","R","BOSS","M","M","?","?","?"],"build_version":"2018-10-29v2","purchased_purges":1,"victory":false,"max_hp_per_floor":[66,66,66,66,66,66,66,66,66,66,66,66,66,66,66,66,66,66,66,66,66,66],"card_choices":[{"not_picked":["Underhanded Strike","Slice"],"picked":"Backflip","floor":1},{"not_picked":["Slice","Underhanded Strike"],"picked":"Dash","floor":5},{"not_picked":["Slice","Outmaneuver"],"picked":"Bouncing Flask","floor":8},{"not_picked":["Escape Plan","PiercingWail"],"picked":"Terror","floor":11},{"not_picked":["Storm of Steel","Burst"],"picked":"Cloak And Dagger","floor":13},{"not_picked":["Wraith Form v2","Storm of Steel"],"picked":"Glass Knife","floor":16},{"not_picked":["Eviscerate","Terror","Acrobatics"],"picked":"SKIP","floor":18},{"not_picked":["Reflex","Concentrate"],"picked":"Dodge and Roll","floor":19}],"player_experience":1580813,"relics_obtained":[{"floor":0,"key":"Omamori"},{"floor":0,"key":"Paper Crane"},{"floor":0,"key":"Turnip"},{"floor":9,"key":"PreservedInsect"},{"floor":13,"key":"Centennial Puzzle"}],"event_choices":[{"cards_removed":["Pain"],"damage_healed":0,"gold_gain":0,"player_choice":"Card Removal","damage_taken":7,"max_hp_gain":0,"max_hp_loss":0,"event_name":"Golden Wing","floor":2,"gold_loss":0},{"damage_healed":0,"gold_gain":0,"player_choice":"Entered Light","damage_taken":20,"max_hp_gain":0,"max_hp_loss":0,"event_name":"Shining Light","floor":4,"gold_loss":0,"cards_upgraded":["Defend_G","Strike_G"]},{"damage_healed":0,"gold_gain":0,"player_choice":"Upgraded","damage_taken":0,"max_hp_gain":0,"max_hp_loss":0,"event_name":"Upgrade Shrine","floor":12,"gold_loss":0,"cards_upgraded":["Bouncing Flask"]},{"damage_healed":0,"gold_gain":0,"player_choice":"Damaged","damage_taken":9,"max_hp_gain":0,"max_hp_loss":0,"event_name":"Wheel of Change","floor":20,"gold_loss":0},{"damage_healed":0,"gold_gain":275,"player_choice":"Desecrate","damage_taken":0,"max_hp_gain":0,"max_hp_loss":0,"event_name":"Golden Shrine","floor":21,"gold_loss":0,"cards_obtained":["Regret"]},{"damage_healed":0,"gold_gain":0,"player_choice":"Fought Bandits","damage_taken":0,"max_hp_gain":0,"max_hp_loss":0,"event_name":"Masked Bandits","floor":22,"gold_loss":0}],"is_beta":true,"boss_relics":[{"not_picked":["Orrery","Coffee Dripper"],"picked":"Pandora\u0027s Box"}],"items_purged_floors":[3],"is_endless":false,"potions_floor_spawned":[5,11,13,19],"killed_by":"Masked Bandits","ascension_level":20}