{"gold_per_floor":[115,133,208,227,242,242,299,314,314,314,324,334,347,364,364,468,468,484,470,47,47,47],"floor_reached":22,"playtime":2190,"items_purged":["Masterful Stab"],"score":211,"play_id":"830117ce-2fcd-4714-81be-302e62fc038d","local_time":"20181010170736","is_ascension_mode":true,"campfire_choices":[{"floor":6,"key":"REST"},{"floor":10,"key":"REST"},{"floor":15,"key":"REST"}],"neow_cost":"PERCENT_DAMAGE","seed_source_timestamp":55370960687360,"circlet_count":0,"master_deck":["Survivor","Neutralize","Tools of the Trade","Dash","Blur","Dodge and Roll","Heel Hook","Poisoned Stab","Quick Slash","Slice","Dagger Throw","Masterful Stab","Envenom","Flying Knee","Blade Dance","Expertise","Backflip","Backflip","Flying Knee","Bane","Dagger Throw","Dagger Throw","Cloak And Dagger+1","Deadly Poison+1","Infinite Blades","Cloak And Dagger"],"relics":["Ring of the Snake","Tiny Chest","Smiling Mask","Pandora\u0027s Box","Bottled Tornado"],"potions_floor_usage":[7,12,14,16,16,19,21,22],"damage_taken":[{"damage":1,"enemies":"Small Slimes","floor":1,"turns":4},{"damage":2,"enemies":"Jaw Worm","floor":2,"turns":5},{"damage":0,"enemies":"Cultist","floor":4,"turns":5},{"damage":3,"enemies":"Gremlin Gang","floor":5,"turns":7},{"damage":20,"enemies":"Lagavulin","floor":7,"turns":11},{"damage":0,"enemies":"Large Slime","floor":8,"turns":6},{"damage":7,"enemies":"Blue Slaver","floor":11,"turns":5},{"damage":8,"enemies":"3 Louse","floor":12,"turns":2},{"damage":10,"enemies":"Lots of Slimes","floor":13,"turns":5},{"damage":10,"enemies":"Large Slime","floor":14,"turns":7},{"damage":35,"enemies":"Slime Boss","floor":16,"turns":10},{"damage":24,"enemies":"Shell Parasite","floor":18,"turns":4},{"damage":19,"enemies":"2 Thieves","floor":19,"turns":4},{"damage":34,"enemies":"Centurion and Healer","floor":22,"turns":5}],"seed_played":"-2911974628827075817","potions_obtained":[{"floor":2,"key":"Strength Potion"},{"floor":4,"key":"PowerPotion"},{"floor":7,"key":"GhostInAJar"},{"floor":11,"key":"Explosive Potion"},{"floor":12,"key":"LiquidBronze"},{"floor":16,"key":"Strength Potion"},{"floor":18,"key":"Weak Potion"},{"floor":21,"key":"SkillPotion"},{"floor":21,"key":"Fruit Juice"},{"floor":21,"key":"Fire Potion"}],"is_trial":false,"path_per_floor":["M","M","?","M","M","R","E","M","T","R","M","M","M","M","R","B",null,"M","M","$","?"],"character_chosen":"THE_SILENT","items_purchased":["Bottled Tornado","Infinite Blades","Cloak And Dagger"],"campfire_rested":3,"item_purchase_floors":[20,20,20],"current_hp_per_floor":[48,46,35,35,32,53,33,33,33,54,47,39,29,19,40,5,70,46,27,27,32,0],"gold":47,"neow_bonus":"THREE_RARE_CARDS","is_prod":false,"is_daily":false,"chose_seed":false,"campfire_upgraded":0,"win_rate":0,"timestamp":1539205656,"path_taken":["M","M","?","M","M","R","E","M","T","R","M","M","M","M","R","BOSS","M","M","$","?","M"],"build_version":"2018-10-04v2","purchased_purges":1,"victory":false,"max_hp_per_floor":[70,70,70,70,70,70,70,70,70,70,70,70,70,70,70,70,70,70,70,70,75,75],"card_choices":[{"not_picked":["Wraith Form v2","Storm of Steel"],"picked":"Tools of the Trade","floor":0},{"not_picked":["Dagger Spray","Expertise"],"picked":"Dash","floor":1},{"not_picked":["Dodge and Roll","Masterful Stab"],"picked":"Blur","floor":2},{"not_picked":["Infinite Blades","Slice"],"picked":"Dodge and Roll","floor":4},{"not_picked":["Flechettes","Sucker Punch"],"picked":"Heel Hook","floor":5},{"not_picked":["Dagger Spray","Sucker Punch"],"picked":"Poisoned Stab","floor":7},{"not_picked":["Underhanded Strike","Die Die Die"],"picked":"Quick Slash","floor":8},{"not_picked":["Riddle With Holes","Blur"],"picked":"Slice","floor":11},{"not_picked":["Calculated Gamble","All Out Attack"],"picked":"Dagger Throw","floor":12},{"not_picked":["Blade Dance","Caltrops","Outmaneuver"],"picked":"SKIP","floor":13},{"not_picked":["Calculated Gamble","Expertise"],"picked":"Masterful Stab","floor":14},{"not_picked":["A Thousand Cuts","Malaise"],"picked":"Envenom","floor":16},{"not_picked":["Calculated Gamble","Quick Slash"],"picked":"Cloak And Dagger+1","floor":18},{"not_picked":["Bane","Dash"],"picked":"Deadly Poison+1","floor":19}],"player_experience":231987,"relics_obtained":[{"floor":7,"key":"Tiny Chest"},{"floor":9,"key":"Smiling Mask"}],"event_choices":[{"event_name":"World of Goop","player_choice":"Gather Gold","floor":3,"damage_taken":0},{"event_name":"The Lab","player_choice":"Got Potions","floor":21,"damage_taken":0}],"is_beta":false,"boss_relics":[{"not_picked":["Coffee Dripper","Snecko Eye"],"picked":"Pandora\u0027s Box"}],"items_purged_floors":[20],"is_endless":false,"potions_floor_spawned":[2,4,7,11,12,16,18],"killed_by":"Centurion and Healer","ascension_level":2}