{"gold_per_floor":[119,119,133,133,83,108,108,123,123,123,123,143,30,43,43,139,139,152,152,169,1,21,21,21,21,21,21],"floor_reached":27,"playtime":1796,"items_purged":["Strike_B","Defend_B"],"score":392,"play_id":"343ddb0d-ead2-4dfd-8a1c-0d4a6a40cd10","local_time":"20181122194422","is_ascension_mode":true,"campfire_choices":[{"floor":7,"key":"REST"},{"floor":10,"key":"REST"},{"floor":15,"key":"REST"},{"floor":23,"key":"REST"}],"neow_cost":"TEN_PERCENT_HP_LOSS","seed_source_timestamp":394846062458864,"circlet_count":0,"master_deck":["AscendersBane","Strike_B","Defend_B+1","Defend_B","Zap+1","Dualcast+1","Deep Breath","Trip","Ball Lightning","Go for the Eyes+1","Glacier","Consume","Creative AI","FTL+1","Compile Driver+1","Self Repair","Ball Lightning+1","White Noise","Stack"],"relics":["Cracked Core","Molten Egg 2","Nunchaku","Blue Candle","Nuclear Battery","Mercury Hourglass"],"potions_floor_usage":[6,16,27],"damage_taken":[{"damage":11,"enemies":"2 Louse","floor":1,"turns":3},{"damage":1,"enemies":"Cultist","floor":3,"turns":3},{"damage":30,"enemies":"3 Sentries","floor":6,"turns":6},{"damage":4,"enemies":"Jaw Worm","floor":8,"turns":2},{"damage":1,"enemies":"Large Slime","floor":12,"turns":4},{"damage":26,"enemies":"Exordium Wildlife","floor":14,"turns":4},{"damage":0,"enemies":"Slime Boss","floor":16,"turns":5},{"damage":25,"enemies":"3 Byrds","floor":18,"turns":4},{"damage":2,"enemies":"Shell Parasite","floor":20,"turns":6},{"damage":29,"enemies":"Cultist and Chosen","floor":22,"turns":7},{"damage":18,"enemies":"Colosseum Slavers","floor":25,"turns":4},{"damage":21,"enemies":"Centurion and Healer","floor":27,"turns":2}],"seed_played":"307310409749210578","potions_obtained":[{"floor":1,"key":"Fire Potion"},{"floor":14,"key":"PowerPotion"},{"floor":20,"key":"Energy Potion"},{"floor":22,"key":"Poison Potion"}],"is_trial":false,"path_per_floor":["M","?","M","?","?","E","R","M","T","R","?","M","$","M","R","B",null,"M","?","M","$","M","R","?","?","T","M"],"character_chosen":"DEFECT","items_purchased":["Consume","Self Repair"],"campfire_rested":4,"item_purchase_floors":[13,21],"current_hp_per_floor":[57,57,56,53,53,23,43,39,39,59,45,44,44,18,38,38,61,36,36,34,34,12,32,32,21,21,0],"gold":21,"neow_bonus":"RANDOM_COLORLESS_2","is_prod":false,"is_daily":false,"chose_seed":false,"campfire_upgraded":0,"win_rate":0,"timestamp":1542933862,"path_taken":["M","?","?","?","?","E","R","M","T","R","?","?","?","M","R","BOSS","M","?","M","$","M","R","?","?","T","M"],"build_version":"2018-11-15","purchased_purges":2,"victory":false,"max_hp_per_floor":[68,68,68,68,68,68,68,68,68,68,68,68,68,68,68,68,68,68,68,68,68,68,68,68,68,68,68],"card_choices":[{"not_picked":["Coolheaded","Gash"],"picked":"Ball Lightning","floor":1},{"not_picked":["Blizzard","Compile Driver","Steam"],"picked":"SKIP","floor":3},{"not_picked":["Buffer","Turbo"],"picked":"Go for the Eyes+1","floor":6},{"not_picked":["Steam","Barrage+1","Streamline+1"],"picked":"SKIP","floor":8},{"not_picked":["Barrage+1","Leap"],"picked":"Glacier","floor":12},{"not_picked":["Redo","Doom and Gloom+1","Amplify"],"picked":"SKIP","floor":14},{"not_picked":["Buffer","Thunder Strike+1"],"picked":"Creative AI","floor":16},{"not_picked":["Turbo","Aggregate"],"picked":"FTL+1","floor":18},{"not_picked":["Recycle","Barrage+1"],"picked":"Compile Driver+1","floor":20},{"not_picked":["Hologram","Sweeping Beam+1"],"picked":"Ball Lightning+1","floor":22}],"player_experience":599988,"relics_obtained":[{"floor":6,"key":"Nunchaku"},{"floor":9,"key":"Blue Candle"},{"floor":26,"key":"Mercury Hourglass"}],"event_choices":[{"damage_healed":0,"gold_gain":0,"player_choice":"Upgraded","damage_taken":0,"max_hp_gain":0,"max_hp_loss":0,"event_name":"Upgrade Shrine","floor":2,"gold_loss":0,"cards_upgraded":["Zap"]},{"damage_healed":0,"gold_gain":0,"player_choice":"Success","damage_taken":3,"relics_obtained":["Molten Egg 2"],"max_hp_gain":0,"max_hp_loss":0,"event_name":"Scrap Ooze","floor":4,"gold_loss":0},{"cards_removed":["Strike_B"],"damage_healed":0,"gold_gain":0,"player_choice":"Card Removal","damage_taken":0,"max_hp_gain":0,"max_hp_loss":0,"event_name":"The Cleric","floor":5,"gold_loss":50},{"damage_healed":0,"gold_gain":0,"player_choice":"Entered Light","damage_taken":14,"max_hp_gain":0,"max_hp_loss":0,"event_name":"Shining Light","floor":11,"gold_loss":0,"cards_upgraded":["Dualcast","Defend_B"]},{"damage_healed":0,"gold_gain":0,"player_choice":"Ignored","damage_taken":0,"max_hp_gain":0,"max_hp_loss":0,"event_name":"Vampires","floor":19,"gold_loss":0},{"damage_healed":0,"gold_gain":0,"cards_transformed":["Defend_B","Strike_B"],"player_choice":"Became Test Subject","damage_taken":0,"max_hp_gain":0,"max_hp_loss":0,"event_name":"Drug Dealer","floor":24,"gold_loss":0,"cards_obtained":["White Noise","Stack"]},{"damage_healed":0,"gold_gain":0,"player_choice":"Fight","damage_taken":0,"max_hp_gain":0,"max_hp_loss":0,"event_name":"Colosseum","floor":25,"gold_loss":0},{"damage_healed":0,"gold_gain":0,"player_choice":"Fled From Nobs","damage_taken":0,"max_hp_gain":0,"max_hp_loss":0,"event_name":"Colosseum","floor":25,"gold_loss":0}],"is_beta":false,"boss_relics":[{"not_picked":["Ectoplasm","Fusion Hammer"],"picked":"Nuclear Battery"}],"items_purged_floors":[13,21],"is_endless":false,"potions_floor_spawned":[1,14,20,22,25],"killed_by":"Centurion and Healer","ascension_level":10}