{"gold_per_floor":[118,118,135,135,147,172,172,205,205,237,137,156,156,156,156,259,259,273,322,322,341,356,383,383,398,422,434,450,463,463,463,463,463],"floor_reached":33,"playtime":1961,"items_purged":[],"score":301,"play_id":"49c860df-ab8f-43ee-84b7-c6caf99d1e6b","local_time":"20190113012557","is_ascension_mode":true,"campfire_choices":[{"data":"Electrodynamics","floor":7,"key":"SMITH"},{"floor":13,"key":"REST"},{"floor":15,"key":"REST"},{"floor":24,"key":"REST"},{"floor":30,"key":"REST"},{"data":"Defragment","floor":32,"key":"SMITH"}],"neow_cost":"NONE","seed_source_timestamp":942091922626617,"circlet_count":0,"master_deck":["Strike_B","Strike_B","Strike_B","Defend_B","Defend_B","Defend_B","Defend_B","Zap","Dualcast","Trip","Coolheaded","Multi-Cast","Ball Lightning","Chill","Electrodynamics+1","Ball Lightning","Chaos","Storm+1","Cold Snap","Redo","Barrage","Defragment+1","Consume","Electrodynamics","Darkness","Conserve Battery"],"relics":["Cracked Core","Torii","Turnip","Pocketwatch","Du-Vu Doll","Nuclear Battery","DataDisk","Mercury Hourglass","Smiling Mask"],"potions_floor_usage":[],"damage_taken":[{"damage":0,"enemies":"2 Louse","floor":1,"turns":3},{"damage":2,"enemies":"Cultist","floor":3,"turns":5},{"damage":0,"enemies":"Jaw Worm","floor":5,"turns":3},{"damage":4,"enemies":"3 Sentries","floor":6,"turns":11},{"damage":11,"enemies":"Gremlin Nob","floor":8,"turns":4},{"damage":26,"enemies":"Lagavulin","floor":10,"turns":6},{"damage":11,"enemies":"Red Slaver","floor":12,"turns":2},{"damage":42,"enemies":"Hexaghost","floor":16,"turns":9},{"damage":1,"enemies":"Chosen","floor":18,"turns":4},{"damage":20,"enemies":"2 Thieves","floor":21,"turns":2},{"damage":1,"enemies":"Centurion and Healer","floor":22,"turns":3},{"damage":28,"enemies":"Book of Stabbing","floor":23,"turns":5},{"damage":1,"enemies":"Shelled Parasite and Fungi","floor":25,"turns":3},{"damage":2,"enemies":"Cultist and Chosen","floor":27,"turns":6},{"damage":8,"enemies":"Centurion and Healer","floor":28,"turns":2},{"damage":8,"enemies":"Snake Plant","floor":29,"turns":3},{"damage":74,"enemies":"Champ","floor":33,"turns":7}],"seed_played":"8591210444410892326","potions_obtained":[{"floor":5,"key":"EssenceOfSteel"},{"floor":8,"key":"GamblersBrew"},{"floor":12,"key":"Energy Potion"}],"is_trial":false,"path_per_floor":["M","?","M","$","M","E","R","E","T","E","$","M","R","?","R","B",null,"M","T","?","M","M","E","R","M","T","M","M","M","R","?","R","B"],"character_chosen":"DEFECT","items_purchased":["Storm","Cold Snap"],"campfire_rested":4,"item_purchase_floors":[11,11],"current_hp_per_floor":[75,75,73,73,73,69,69,58,58,32,32,21,43,43,65,23,75,74,74,85,65,64,36,61,60,60,58,50,42,67,67,67,0],"gold":463,"neow_bonus":"RANDOM_COLORLESS","is_prod":false,"is_daily":false,"chose_seed":false,"campfire_upgraded":2,"win_rate":0,"timestamp":1547339157,"path_taken":["M","?","M","?","M","E","R","E","T","E","$","?","R","?","R","BOSS","M","?","?","M","M","E","R","M","T","?","M","M","R","?","R","BOSS"],"build_version":"2019-01-10","purchased_purges":0,"victory":false,"max_hp_per_floor":[75,75,75,75,75,75,75,75,75,75,75,75,75,75,75,75,75,75,75,85,85,85,85,85,85,85,85,85,85,85,85,85,85],"card_choices":[{"not_picked":["Stack","Sweeping Beam"],"picked":"Coolheaded","floor":1},{"not_picked":["Leap","Rip and Tear"],"picked":"Ball Lightning","floor":3},{"not_picked":["Barrage","Stack"],"picked":"Chill","floor":5},{"not_picked":["White Noise","Sunder"],"picked":"Electrodynamics","floor":6},{"not_picked":["Steam","Hyperbeam"],"picked":"Ball Lightning","floor":8},{"not_picked":["Auto Shields","Stack"],"picked":"Chaos","floor":10},{"not_picked":["Steam","Gash"],"picked":"Redo","floor":12},{"not_picked":["Biased Cognition","Multi-Cast"],"picked":"Thunder Strike","floor":16},{"not_picked":["Stack+1","Sweeping Beam"],"picked":"Barrage","floor":18},{"not_picked":["Redo","Cold Snap+1"],"picked":"Defragment","floor":21},{"not_picked":["Go for the Eyes","Barrage","Force Field"],"picked":"SKIP","floor":22},{"not_picked":["Beam Cell","Rebound"],"picked":"Consume","floor":23},{"not_picked":["Streamline+1","Beam Cell","Ball Lightning+1"],"picked":"SKIP","floor":25},{"not_picked":["Go for the Eyes+1","Sweeping Beam"],"picked":"Electrodynamics","floor":27},{"not_picked":["Sunder","Cold Snap"],"picked":"Darkness","floor":28},{"not_picked":["Cold Snap","Coolheaded"],"picked":"Conserve Battery","floor":29}],"player_experience":156766,"relics_obtained":[{"floor":6,"key":"Torii"},{"floor":8,"key":"Turnip"},{"floor":9,"key":"Pocketwatch"},{"floor":10,"key":"Du-Vu Doll"},{"floor":19,"key":"DataDisk"},{"floor":23,"key":"Mercury Hourglass"},{"floor":26,"key":"Smiling Mask"}],"event_choices":[{"damage_healed":0,"gold_gain":0,"player_choice":"1 cards matched","damage_taken":0,"max_hp_gain":0,"max_hp_loss":0,"event_name":"Match and Keep!","floor":2,"gold_loss":0,"cards_obtained":["Multi-Cast"]},{"damage_healed":0,"gold_gain":0,"player_choice":"Forge","damage_taken":0,"max_hp_gain":0,"max_hp_loss":0,"event_name":"Accursed Blacksmith","floor":14,"gold_loss":0,"cards_upgraded":["Storm"]},{"cards_removed":["Thunder Strike"],"damage_healed":1,"gold_gain":0,"player_choice":"Offered Rare","damage_taken":0,"max_hp_gain":10,"max_hp_loss":0,"event_name":"Bonfire Elementals","floor":20,"gold_loss":0},{"cards_removed":["Strike_B"],"damage_healed":0,"gold_gain":0,"player_choice":"Card Removal","damage_taken":0,"max_hp_gain":0,"max_hp_loss":0,"event_name":"Wheel of Change","floor":31,"gold_loss":0}],"is_beta":false,"boss_relics":[{"not_picked":["Lizard Tail","Coffee Dripper"],"picked":"Nuclear Battery"}],"items_purged_floors":[],"is_endless":false,"potions_floor_spawned":[5,8,12,21,23,25,29],"killed_by":"Champ","ascension_level":1}