{"gold_per_floor":[117,132,143,143,37,37,37,64,64,64,64,64,84,109,109,183,183,201,126,126,126,53,87,104,104,127,459,459,478,512,531,531,605,605,622,622,637,637,657,657,2,2,2,18,30,30,30,48,48,48,48],"floor_reached":52,"playtime":3486,"items_purged":["Strike_G","Pain"],"score":1861,"play_id":"9da0f757-13a5-4617-8673-7961abbb3ec6","local_time":"20181108055949","is_ascension_mode":true,"campfire_choices":[{"data":"Neutralize","floor":6,"key":"SMITH"},{"data":"Footwork","floor":10,"key":"SMITH"},{"data":"Footwork","floor":15,"key":"SMITH"},{"floor":25,"key":"REST"},{"floor":28,"key":"REST"},{"floor":32,"key":"REST"},{"data":"Burst","floor":40,"key":"SMITH"},{"floor":42,"key":"REST"},{"data":"Bouncing Flask","floor":46,"key":"SMITH"},{"data":"Acrobatics","floor":49,"key":"SMITH"}],"neow_cost":"NONE","seed_source_timestamp":171823594637900,"circlet_count":0,"master_deck":["AscendersBane","Defend_G","Defend_G","Defend_G","Defend_G","Defend_G","Strike_G","Strike_G","Strike_G","Survivor","Neutralize+1","Backflip","Footwork+1","Poisoned Stab+1","Footwork+1","Quick Slash","Dagger Spray","Slice","Caltrops","Deadly Poison","Adrenaline","Leg Sweep+1","Acrobatics","Burst+1","Backflip","Choke","Acrobatics+1","Backflip+1","Bouncing Flask+1","Finesse","PiercingWail+1","Well Laid Plans+1"],"relics":["Sozu","Sundial","Ninja Scroll","Ancient Tea Set","Philosopher\u0027s Stone","MutagenicStrength","PreservedInsect","Torii","Happy Flower","Old Coin","Bottled Flame","Cursed Key","Pantograph","TwistedFunnel","Centennial Puzzle"],"potions_floor_usage":[],"damage_taken":[{"damage":4,"enemies":"Jaw Worm","floor":1,"turns":4},{"damage":1,"enemies":"Small Slimes","floor":2,"turns":5},{"damage":0,"enemies":"2 Louse","floor":3,"turns":3},{"damage":21,"enemies":"Gremlin Nob","floor":8,"turns":5},{"damage":1,"enemies":"Exordium Thugs","floor":13,"turns":3},{"damage":5,"enemies":"Lagavulin","floor":14,"turns":7},{"damage":0,"enemies":"The Guardian","floor":16,"turns":9},{"damage":1,"enemies":"Chosen","floor":18,"turns":5},{"damage":19,"enemies":"Book of Stabbing","floor":23,"turns":4},{"damage":7,"enemies":"2 Thieves","floor":24,"turns":4},{"damage":1,"enemies":"Slavers","floor":27,"turns":5},{"damage":1,"enemies":"Snake Plant","floor":29,"turns":5},{"damage":36,"enemies":"Gremlin Leader","floor":30,"turns":7},{"damage":6,"enemies":"Centurion and Healer","floor":31,"turns":4},{"damage":1,"enemies":"Collector","floor":33,"turns":10},{"damage":0,"enemies":"Orb Walker","floor":35,"turns":3},{"damage":10,"enemies":"3 Shapes","floor":37,"turns":7},{"damage":9,"enemies":"Transient","floor":39,"turns":6},{"damage":0,"enemies":"4 Shapes","floor":44,"turns":4},{"damage":1,"enemies":"Spire Growth","floor":45,"turns":5},{"damage":12,"enemies":"Sphere and 2 Shapes","floor":48,"turns":3},{"damage":7,"enemies":"Awakened One","floor":50,"turns":16},{"damage":51,"enemies":"Time Eater","floor":51,"turns":21}],"seed_played":"-4110732871198742667","potions_obtained":[],"is_trial":false,"path_per_floor":["M","M","M","?","$","R","?","E","T","R","?","?","M","E","R","B",null,"M","$","?","?","?","E","M","R","T","E","R","M","E","M","R","B",null,"M","?","M","T","M","R","$","R","T","M","M","R","?","M","R","B","B",null],"character_chosen":"THE_SILENT","items_purchased":["Footwork","Quick Slash","TwistedFunnel","Bouncing Flask","Centennial Puzzle","Finesse"],"campfire_rested":4,"item_purchase_floors":[5,5,41,41,41,41],"current_hp_per_floor":[55,54,54,54,54,54,54,33,33,33,33,33,32,27,27,27,56,55,55,55,55,55,36,29,48,48,47,66,65,29,23,42,41,60,60,60,50,50,41,41,41,60,60,60,59,59,59,47,47,59,15],"gold":48,"neow_bonus":"BOSS_RELIC","is_prod":false,"is_daily":false,"chose_seed":false,"campfire_upgraded":6,"win_rate":0,"timestamp":1541674789,"path_taken":["M","M","M","?","$","R","?","E","T","R","?","?","M","E","R","BOSS","M","$","?","?","?","E","?","R","T","E","R","M","E","M","R","BOSS","M","?","M","?","M","R","$","R","T","M","?","R","?","?","R","BOSS","BOSS"],"build_version":"2018-11-06","purchased_purges":2,"victory":true,"max_hp_per_floor":[66,66,66,66,66,66,66,66,66,66,66,66,66,66,66,66,66,66,66,66,66,66,66,66,66,66,66,66,66,66,66,66,66,66,66,66,66,66,66,66,66,66,66,66,66,66,66,66,66,66,66],"card_choices":[{"not_picked":["Bouncing Flask","Bane"],"picked":"Backflip","floor":1},{"not_picked":["Dodge and Roll","Skewer"],"picked":"Footwork","floor":2},{"not_picked":["Sucker Punch","Blade Dance"],"picked":"Poisoned Stab","floor":3},{"not_picked":["Tools of the Trade","Concentrate"],"picked":"Dagger Spray","floor":8},{"not_picked":["Setup","Cloak And Dagger"],"picked":"Caltrops","floor":13},{"not_picked":["Outmaneuver","Cloak And Dagger"],"picked":"Deadly Poison","floor":14},{"not_picked":["Phantasmal Killer","Envenom"],"picked":"Adrenaline","floor":16},{"not_picked":["Prepared","Blade Dance"],"picked":"Leg Sweep+1","floor":18},{"not_picked":["Sucker Punch","Prepared"],"picked":"Burst","floor":23},{"not_picked":["Acrobatics","Accuracy+1"],"picked":"Backflip","floor":24},{"not_picked":["Setup","Flying Knee","Deflect"],"picked":"SKIP","floor":27},{"not_picked":["Escape Plan","Dodge and Roll"],"picked":"Choke","floor":29},{"not_picked":["Flying Knee","Finisher"],"picked":"Acrobatics","floor":30},{"not_picked":["Unload","PiercingWail","Slice+1"],"picked":"SKIP","floor":31},{"not_picked":["Slice","Sucker Punch"],"picked":"Backflip+1","floor":35},{"not_picked":["Deadly Poison","Dagger Spray","Sucker Punch"],"picked":"SKIP","floor":37},{"not_picked":["Underhanded Strike","Outmaneuver","Heel Hook"],"picked":"SKIP","floor":39},{"not_picked":["Outmaneuver+1","Accuracy+1","Poisoned Stab"],"picked":"SKIP","floor":44},{"not_picked":["Terror","Quick Slash"],"picked":"PiercingWail+1","floor":45},{"not_picked":["Wraith Form v2","Backstab"],"picked":"Well Laid Plans+1","floor":48}],"player_experience":1651507,"relics_obtained":[{"floor":8,"key":"Sundial"},{"floor":9,"key":"Ninja Scroll"},{"floor":14,"key":"Ancient Tea Set"},{"floor":23,"key":"Torii"},{"floor":26,"key":"Happy Flower"},{"floor":27,"key":"Old Coin"},{"floor":30,"key":"Bottled Flame"},{"floor":38,"key":"Pantograph"}],"event_choices":[{"damage_healed":0,"gold_gain":0,"player_choice":"Grow","damage_taken":0,"max_hp_gain":0,"max_hp_loss":0,"event_name":"Living Wall","floor":4,"gold_loss":0,"cards_upgraded":["Poisoned Stab"]},{"damage_healed":0,"gold_gain":0,"player_choice":"Searched \u00271\u0027 times","damage_taken":0,"max_hp_gain":0,"max_hp_loss":0,"event_name":"Dead Adventurer","floor":7,"gold_loss":0},{"damage_healed":0,"gold_gain":0,"player_choice":"Ignored","damage_taken":0,"max_hp_gain":0,"max_hp_loss":0,"event_name":"Golden Wing","floor":11,"gold_loss":0},{"damage_healed":0,"gold_gain":0,"cards_transformed":["Strike_G"],"player_choice":"Transformed","damage_taken":0,"max_hp_gain":0,"max_hp_loss":0,"event_name":"Transmorgrifier","floor":12,"gold_loss":0,"cards_obtained":["Slice"]},{"damage_healed":0,"gold_gain":0,"player_choice":"Inject Mutagens","damage_taken":0,"relics_obtained":["MutagenicStrength"],"max_hp_gain":0,"max_hp_loss":0,"event_name":"Drug Dealer","floor":20,"gold_loss":0},{"damage_healed":0,"gold_gain":0,"player_choice":"Read","damage_taken":0,"max_hp_gain":0,"max_hp_loss":0,"event_name":"The Library","floor":21,"gold_loss":0,"cards_obtained":["Acrobatics"]},{"damage_healed":0,"gold_gain":0,"player_choice":"Paid Gold","damage_taken":0,"relics_obtained":["PreservedInsect"],"max_hp_gain":0,"max_hp_loss":0,"event_name":"WeMeetAgain","floor":22,"gold_loss":73},{"damage_healed":0,"gold_gain":0,"player_choice":"Ignored","damage_taken":0,"max_hp_gain":0,"max_hp_loss":0,"event_name":"Tomb of Lord Red Mask","floor":36,"gold_loss":0},{"damage_healed":0,"gold_gain":0,"player_choice":"Ignored","damage_taken":0,"max_hp_gain":0,"max_hp_loss":0,"event_name":"SecretPortal","floor":47,"gold_loss":0}],"is_beta":true,"boss_relics":[{"not_picked":["White Beast Statue","Astrolabe"],"picked":"Philosopher\u0027s Stone"},{"not_picked":["Velvet Choker","Empty Cage"],"picked":"Cursed Key"}],"items_purged_floors":[19,41],"is_endless":false,"potions_floor_spawned":[2,3,13,16,24,29,39,45],"ascension_level":20}