{"gold_per_floor":[115,115,115,131,147,147,163,163,231,231,260,278,38,65,65,166,166,185,203,62,62,73,73,73,73,99,99,124,49,49,61,61,160,160,172,172,172,142,157,157,188,128,202,202,213,140,140,157,157,157],"floor_reached":51,"playtime":3730,"items_purged":["Strike_R"],"score":846,"play_id":"a87bef52-a38a-4790-aef8-dba5874529c7","local_time":"20190208211350","is_ascension_mode":true,"campfire_choices":[{"data":"Bash","floor":6,"key":"SMITH"},{"data":"Shockwave","floor":8,"key":"SMITH"},{"data":"Disarm","floor":10,"key":"SMITH"},{"floor":15,"key":"REST"},{"floor":24,"key":"REST"},{"floor":27,"key":"REST"},{"data":"True Grit","floor":30,"key":"SMITH"},{"data":"Armaments","floor":32,"key":"SMITH"},{"data":"Dual Wield","floor":40,"key":"SMITH"},{"data":"Rage","floor":44,"key":"SMITH"},{"data":"Flame Barrier","floor":47,"key":"SMITH"},{"data":"Flame Barrier","floor":49,"key":"SMITH"}],"neow_cost":"NONE","seed_source_timestamp":6766964481030,"circlet_count":0,"master_deck":["Strike_R","Strike_R","Strike_R","Defend_R","Defend_R","Defend_R","Bash+1","Panacea","Clash","Disarm+1","Thunderclap","Shockwave+1","Clash","True Grit+1","Cleave+1","Whirlwind+1","Offering","Clothesline+1","Dual Wield+1","Bludgeon+1","Armaments+1","Necronomicurse","Flame Barrier+1","Flame Barrier+1","Shrug It Off","Battle Trance","Immolate+1","Combust","Panacea","Sentinel","Rage+1","Blood for Blood+1","Pummel+1"],"relics":["Burning Blood","Dream Catcher","Blue Candle","Vajra","Molten Egg 2","Gremlin Horn","Snecko Eye","Necronomicon","Anchor","Bottled Flame","Busted Crown","Happy Flower","Mercury Hourglass"],"potions_floor_usage":[7,11,16,33,33,33,50,50,50],"damage_taken":[{"damage":2,"enemies":"2 Louse","floor":1,"turns":3},{"damage":4,"enemies":"Small Slimes","floor":4,"turns":2},{"damage":0,"enemies":"Jaw Worm","floor":5,"turns":4},{"damage":20,"enemies":"Gremlin Gang","floor":7,"turns":4},{"damage":7,"enemies":"Lagavulin","floor":11,"turns":6},{"damage":5,"enemies":"3 Louse","floor":12,"turns":3},{"damage":31,"enemies":"Gremlin Nob","floor":14,"turns":4},{"damage":27,"enemies":"The Guardian","floor":16,"turns":16},{"damage":30,"enemies":"Spheric Guardian","floor":18,"turns":4},{"damage":11,"enemies":"2 Thieves","floor":19,"turns":2},{"damage":8,"enemies":"Snecko","floor":22,"turns":4},{"damage":25,"enemies":"Book of Stabbing","floor":28,"turns":5},{"damage":0,"enemies":"Cultist and Chosen","floor":31,"turns":2},{"damage":57,"enemies":"Champ","floor":33,"turns":9},{"damage":0,"enemies":"Orb Walker","floor":35,"turns":2},{"damage":0,"enemies":"3 Darklings","floor":39,"turns":2},{"damage":22,"enemies":"Giant Head","floor":41,"turns":6},{"damage":0,"enemies":"Writhing Mass","floor":45,"turns":1},{"damage":0,"enemies":"Spire Growth","floor":48,"turns":2},{"damage":78,"enemies":"Awakened One","floor":50,"turns":10}],"seed_played":"4488477675426163693","potions_obtained":[{"floor":1,"key":"Weak Potion"},{"floor":7,"key":"EssenceOfSteel"},{"floor":12,"key":"Swift Potion"},{"floor":16,"key":"GamblersBrew"},{"floor":22,"key":"Ancient Potion"},{"floor":31,"key":"Dexterity Potion"},{"floor":33,"key":"PowerPotion"},{"floor":38,"key":"PowerPotion"},{"floor":38,"key":"GamblersBrew"}],"is_trial":false,"path_per_floor":["M","?","?","M","M","R","M","R","T","R","E","M","$","E","R","B",null,"M","M","$","?","M","?","R","?","T","R","E","$","R","M","R","B",null,"M","?","?","?","M","R","E","?","T","R","M","$","R","M","R","B",null],"character_chosen":"IRONCLAD","items_purchased":["Molten Egg 2","Bludgeon+1","BloodPotion"],"campfire_rested":3,"item_purchase_floors":[13,20,46],"current_hp_per_floor":[76,51,51,53,59,59,45,45,45,45,44,45,45,20,44,23,66,42,37,37,22,20,4,29,57,57,82,63,63,63,69,69,18,68,74,74,74,74,80,80,64,64,64,64,70,70,70,76,76,12],"gold":157,"neow_bonus":"RANDOM_COLORLESS","is_prod":false,"is_daily":false,"chose_seed":false,"campfire_upgraded":9,"win_rate":0,"timestamp":1549689230,"path_taken":["M","?","?","M","M","R","M","R","T","R","E","M","$","E","R","BOSS","M","M","$","?","M","?","R","?","T","R","E","?","R","?","R","BOSS","M","?","?","?","?","R","E","?","T","R","M","$","R","M","R","BOSS"],"build_version":"2019-01-23","purchased_purges":1,"victory":true,"max_hp_per_floor":[80,80,80,80,80,80,80,80,80,80,80,80,80,80,80,80,80,80,80,80,85,85,85,85,85,85,85,85,85,85,85,85,85,85,85,81,81,81,81,81,81,81,81,81,81,81,81,81,81,81],"card_choices":[{"not_picked":["Intimidate","Warcry"],"picked":"Clash","floor":1},{"not_picked":["Reckless Charge","True Grit"],"picked":"Disarm","floor":4},{"not_picked":["Headbutt","Twin Strike"],"picked":"Thunderclap","floor":5},{"not_picked":["Armaments","Twin Strike"],"picked":"Shockwave","floor":7},{"not_picked":["Barricade","Iron Wave"],"picked":"Clash","floor":11},{"not_picked":["Twin Strike","Sword Boomerang"],"picked":"True Grit","floor":12},{"not_picked":["Wild Strike+1","Twin Strike+1"],"picked":"Cleave+1","floor":14},{"not_picked":["Wild Strike+1","Thunderclap+1"],"picked":"Whirlwind+1","floor":15},{"not_picked":["Dark Embrace","Double Tap"],"picked":"Offering","floor":16},{"not_picked":["Ghostly Armor","Warcry"],"picked":"Clothesline+1","floor":18},{"not_picked":["Clash+1","Hemokinesis+1"],"picked":"Dual Wield","floor":19},{"not_picked":["Twin Strike+1","Combust"],"picked":"Armaments","floor":22},{"not_picked":["Body Slam+1","Flex"],"picked":"Flame Barrier","floor":24},{"not_picked":["Inflame+1","Clash+1"],"picked":"Flame Barrier","floor":27},{"not_picked":["Flex","Intimidate+1"],"picked":"Shrug It Off","floor":28},{"not_picked":["Dark Embrace","Flame Barrier"],"picked":"Battle Trance","floor":31},{"not_picked":["Bludgeon+1","Dark Embrace"],"picked":"Immolate+1","floor":33},{"not_picked":[],"picked":"Combust","floor":35},{"not_picked":[],"picked":"Panacea","floor":37},{"not_picked":[],"picked":"Sentinel","floor":39},{"not_picked":["Entrench"],"picked":"SKIP","floor":41},{"not_picked":[],"picked":"Pummel+1","floor":45},{"not_picked":["Twin Strike+1"],"picked":"SKIP","floor":48}],"player_experience":474538,"relics_obtained":[{"floor":9,"key":"Blue Candle"},{"floor":11,"key":"Vajra"},{"floor":14,"key":"Gremlin Horn"},{"floor":23,"key":"Necronomicon"},{"floor":26,"key":"Anchor"},{"floor":28,"key":"Bottled Flame"},{"floor":41,"key":"Happy Flower"},{"floor":43,"key":"Mercury Hourglass"}],"event_choices":[{"damage_healed":0,"gold_gain":0,"player_choice":"Success","damage_taken":25,"relics_obtained":["Dream Catcher"],"max_hp_gain":0,"max_hp_loss":0,"event_name":"Scrap Ooze","floor":2,"gold_loss":0},{"damage_healed":0,"gold_gain":0,"player_choice":"Ignored","damage_taken":0,"max_hp_gain":0,"max_hp_loss":0,"event_name":"Liars Game","floor":3,"gold_loss":0},{"damage_healed":0,"gold_gain":0,"player_choice":"Shed Blood","damage_taken":20,"max_hp_gain":5,"max_hp_loss":0,"event_name":"Forgotten Altar","floor":21,"gold_loss":0},{"damage_healed":0,"gold_gain":0,"player_choice":"Obtained Book","damage_taken":16,"max_hp_gain":0,"max_hp_loss":0,"event_name":"Cursed Tome","floor":23,"gold_loss":0},{"damage_healed":28,"gold_gain":0,"player_choice":"Heal","damage_taken":0,"max_hp_gain":0,"max_hp_loss":0,"event_name":"The Library","floor":25,"gold_loss":0},{"damage_healed":0,"gold_gain":0,"player_choice":"Max HP","damage_taken":0,"max_hp_gain":0,"max_hp_loss":4,"event_name":"Winding Halls","floor":36,"gold_loss":0},{"damage_healed":0,"gold_gain":0,"player_choice":"Memory 1","damage_taken":0,"max_hp_gain":0,"max_hp_loss":0,"event_name":"SensoryStone","floor":37,"gold_loss":0},{"damage_healed":0,"gold_gain":0,"player_choice":"Bought 2 Potions","damage_taken":0,"max_hp_gain":0,"max_hp_loss":0,"event_name":"The Woman in Blue","floor":38,"gold_loss":0},{"damage_healed":0,"gold_gain":0,"cards_transformed":["Strike_R","Defend_R"],"player_choice":"Transformed Cards","damage_taken":0,"max_hp_gain":0,"max_hp_loss":0,"event_name":"Designer","floor":42,"gold_loss":60,"cards_obtained":["Rage","Blood for Blood"]}],"is_beta":false,"boss_relics":[{"not_picked":["Philosopher\u0027s Stone","Calling Bell"],"picked":"Snecko Eye"},{"not_picked":["Coffee Dripper","Empty Cage"],"picked":"Busted Crown"}],"items_purged_floors":[29],"is_endless":false,"potions_floor_spawned":[1,7,12,16,22,31,33,41,48],"ascension_level":6}