{"gold_per_floor":[112,112,129,49,124,124,49,49,49,14,14,34,48,75,75,75],"floor_reached":16,"playtime":516,"items_purged":["Strike_B"],"score":163,"play_id":"4300c3dd-0401-4ab1-b619-4c5bfe446f80","local_time":"20190102213004","is_ascension_mode":true,"campfire_choices":[{"data":"Zap","floor":6,"key":"SMITH"},{"data":"Dualcast","floor":8,"key":"SMITH"},{"data":"Capacitor","floor":11,"key":"SMITH"},{"data":"Static Discharge","floor":15,"key":"SMITH"}],"neow_cost":"PERCENT_DAMAGE","seed_source_timestamp":1398508284580910,"circlet_count":0,"master_deck":["AscendersBane","Strike_B","Strike_B","Defend_B","Defend_B","Defend_B","Defend_B","Zap+1","Dualcast+1","Thunder Strike","Ball Lightning","Conserve Battery","Capacitor+1","Static Discharge+1","Self Repair"],"relics":["Cracked Core","Bottled Tornado","PreservedInsect"],"potions_floor_usage":[16,16],"damage_taken":[{"damage":9,"enemies":"Jaw Worm","floor":1,"turns":3},{"damage":1,"enemies":"Cultist","floor":3,"turns":3},{"damage":6,"enemies":"2 Louse","floor":12,"turns":2},{"damage":6,"enemies":"Large Slime","floor":13,"turns":4},{"damage":38,"enemies":"Slime Boss","floor":16,"turns":6}],"seed_played":"-6800763771545392044","potions_obtained":[{"floor":1,"key":"Block Potion"},{"floor":13,"key":"AttackPotion"}],"is_trial":false,"path_per_floor":["M","?","M","$","?","R","$","R","T","?","R","M","M","T","R","B"],"character_chosen":"DEFECT","items_purchased":["Capacitor"],"campfire_rested":0,"item_purchase_floors":[4],"current_hp_per_floor":[37,37,36,36,25,25,25,25,25,42,42,36,30,30,30,0],"gold":75,"neow_bonus":"THREE_RARE_CARDS","is_prod":false,"is_daily":false,"chose_seed":false,"campfire_upgraded":4,"win_rate":0,"timestamp":1546432204,"path_taken":["M","?","M","?","?","R","$","R","T","?","R","?","M","?","R","BOSS"],"build_version":"2018-12-20","purchased_purges":1,"victory":false,"max_hp_per_floor":[71,71,71,71,71,71,71,71,71,71,71,71,71,71,71,71],"card_choices":[{"not_picked":["Amplify","Reboot"],"picked":"Thunder Strike","floor":0},{"not_picked":["Darkness","Rebound"],"picked":"Ball Lightning","floor":1},{"not_picked":["Go for the Eyes","Tempest"],"picked":"Conserve Battery","floor":3},{"not_picked":["Gash","Rebound"],"picked":"Static Discharge","floor":12},{"not_picked":["Leap","Hologram"],"picked":"Self Repair","floor":13}],"player_experience":716977,"relics_obtained":[{"floor":9,"key":"Bottled Tornado"},{"floor":14,"key":"PreservedInsect"}],"event_choices":[{"cards_removed":["Strike_B"],"damage_healed":0,"gold_gain":0,"player_choice":"Offered Basic","damage_taken":0,"max_hp_gain":0,"max_hp_loss":0,"event_name":"Bonfire Elementals","floor":2,"gold_loss":0},{"damage_healed":0,"gold_gain":75,"player_choice":"Gather Gold","damage_taken":11,"max_hp_gain":0,"max_hp_loss":0,"event_name":"World of Goop","floor":5,"gold_loss":0},{"damage_healed":17,"gold_gain":0,"player_choice":"Healed","damage_taken":0,"max_hp_gain":0,"max_hp_loss":0,"event_name":"The Cleric","floor":10,"gold_loss":35}],"is_beta":false,"boss_relics":[],"items_purged_floors":[7],"is_endless":false,"potions_floor_spawned":[1,13],"killed_by":"Slime Boss","ascension_level":17}