{"gold_per_floor":[111,111,111,124,142,171,11,36,60,72,100,112],"floor_reached":12,"playtime":737,"items_purged":["Defend_G"],"score":101,"play_id":"be5b6abb-4368-41d8-99fa-c21566cf2385","local_time":"20190109162511","is_ascension_mode":true,"campfire_choices":[],"neow_cost":"NONE","seed_source_timestamp":65414355781406,"circlet_count":0,"master_deck":["Defend_G","Defend_G","Defend_G+1","Defend_G","Strike_G","Strike_G+1","Strike_G","Strike_G","Survivor","Neutralize","Deflect","Crippling Poison","Sucker Punch","Flash of Steel","Backstab+1"],"relics":["Busted Crown","Potion Belt","PreservedInsect","MawBank"],"potions_floor_usage":[6,6,12],"damage_taken":[{"damage":0,"enemies":"2 Louse","floor":1,"turns":2},{"damage":6,"enemies":"Jaw Worm","floor":4,"turns":6},{"damage":3,"enemies":"Cultist","floor":5,"turns":5},{"damage":17,"enemies":"Gremlin Nob","floor":6,"turns":5},{"damage":14,"enemies":"3 Sentries","floor":8,"turns":12},{"damage":4,"enemies":"Exordium Thugs","floor":11,"turns":4},{"damage":6,"enemies":"Red Slaver","floor":12,"turns":1}],"seed_played":"3931717554969586790","potions_obtained":[{"floor":4,"key":"SpeedPotion"},{"floor":5,"key":"SkillPotion"},{"floor":11,"key":"PowerPotion"}],"is_trial":false,"path_per_floor":["M","?","?","M","M","E","$","E","T","?","M","M"],"character_chosen":"THE_SILENT","items_purchased":["Flash of Steel"],"campfire_rested":0,"item_purchase_floors":[7],"current_hp_per_floor":[70,56,49,43,40,23,23,9,9,9,5,0],"gold":112,"neow_bonus":"BOSS_RELIC","is_prod":false,"is_daily":false,"chose_seed":false,"campfire_upgraded":0,"win_rate":0,"timestamp":1547069111,"path_taken":["M","?","?","?","M","E","$","E","T","?","M","?"],"build_version":"2019-01-03v4","purchased_purges":1,"victory":false,"max_hp_per_floor":[70,70,70,70,70,70,70,70,70,70,70,70],"card_choices":[{"not_picked":[],"picked":"Deflect","floor":1},{"not_picked":[],"picked":"Crippling Poison","floor":4},{"not_picked":[],"picked":"Sucker Punch","floor":5},{"not_picked":["Dagger Spray"],"picked":"SKIP","floor":6},{"not_picked":[],"picked":"Backstab","floor":8},{"not_picked":["Skewer"],"picked":"SKIP","floor":11}],"player_experience":195217,"relics_obtained":[{"floor":6,"key":"Potion Belt"},{"floor":8,"key":"PreservedInsect"},{"floor":9,"key":"MawBank"}],"event_choices":[{"damage_healed":0,"gold_gain":0,"player_choice":"Entered Light","damage_taken":14,"max_hp_gain":0,"max_hp_loss":0,"event_name":"Shining Light","floor":2,"gold_loss":0,"cards_upgraded":["Defend_G","Strike_G"]},{"cards_removed":["Strike_G"],"damage_healed":0,"gold_gain":0,"player_choice":"Card Removal","damage_taken":7,"max_hp_gain":0,"max_hp_loss":0,"event_name":"Golden Wing","floor":3,"gold_loss":0},{"damage_healed":0,"gold_gain":0,"player_choice":"Upgraded","damage_taken":0,"max_hp_gain":0,"max_hp_loss":0,"event_name":"Upgrade Shrine","floor":10,"gold_loss":0,"cards_upgraded":["Backstab"]}],"is_beta":false,"boss_relics":[],"items_purged_floors":[7],"is_endless":false,"potions_floor_spawned":[4,5,11],"killed_by":"Red Slaver","ascension_level":3}