{"path_per_floor":["M","M","?","?","M","R","E","M","T","R","M","R","M","?","R","B",null,"M","M","?"],"character_chosen":"THE_SILENT","items_purchased":[],"gold_per_floor":[114,124,124,124,143,143,183,208,208,208,228,228,244,244,244,364,364,384,400,400,400],"floor_reached":21,"campfire_rested":1,"playtime":1395,"current_hp_per_floor":[70,70,65,65,65,65,61,59,59,59,46,46,35,35,54,33,65,46,28,12,0],"items_purged":[],"gold":400,"score":181,"play_id":"938c6a25-0c82-4fd9-8bba-fa21ec553878","local_time":"20180401113449","is_prod":false,"is_daily":false,"is_ascension_mode":false,"campfire_upgraded":3,"timestamp":1522596889,"path_taken":["M","M","?","?","?","R","E","M","T","R","?","R","M","?","R","BOSS","M","?","?","?"],"build_version":"2018-03-29v2","purchased_purges":0,"victory":false,"master_deck":["Defend_G","Defend_G","Defend_G","Defend_G","Defend_G","Strike_G","Strike_G","Strike_G","Strike_G","Survivor","Neutralize","Quick Slash","Riddle With Holes+1","Doppelganger","Dash+1","Outmaneuver+1","Outmaneuver","Underhanded Strike","Deflect+1","Venomology","Underhanded Strike+1","Dagger Throw","Necronomicurse"],"max_hp_per_floor":[70,70,65,65,65,65,65,65,65,65,65,65,65,65,65,65,65,65,65,65,65],"relics":["Runic Pyramid","Golden Idol","Vajra","Du-Vu Doll","Cursed Key","Necronomicon"],"card_choices":[{"not_picked":["Leg Sweep","Catalyst"],"picked":"Quick Slash","floor":1},{"not_picked":["Masterful Stab","Sucker Punch"],"picked":"Riddle With Holes","floor":2},{"not_picked":["Outmaneuver","PiercingWail"],"picked":"Dash","floor":5},{"not_picked":["Dagger Spray","Blade Dance"],"picked":"Outmaneuver","floor":7},{"not_picked":["Prepared","Sucker Punch"],"picked":"Outmaneuver","floor":8},{"not_picked":["Dagger Spray","Bouncing Flask"],"picked":"Underhanded Strike","floor":11},{"not_picked":["Glass Knife","Eviscerate"],"picked":"Deflect","floor":13},{"not_picked":["Storm of Steel","Unload"],"picked":"Venomology","floor":16},{"not_picked":["Escape Plan","Blade Dance"],"picked":"Underhanded Strike","floor":18},{"not_picked":["Bane","Flechettes"],"picked":"Dagger Throw","floor":19}],"player_experience":72717,"potions_floor_usage":[7,7,13,16,18,18,21],"damage_taken":[{"damage":0,"enemies":"Small Slimes","floor":1,"turns":6},{"damage":0,"enemies":"2 Louse","floor":2,"turns":2},{"damage":0,"enemies":"Cultist","floor":5,"turns":5},{"damage":4,"enemies":"Gremlin Nob","floor":7,"turns":4},{"damage":2,"enemies":"Blue Slaver","floor":8,"turns":4},{"damage":13,"enemies":"Lots of Slimes","floor":11,"turns":4},{"damage":11,"enemies":"Exordium Thugs","floor":13,"turns":5},{"damage":21,"enemies":"Hexaghost","floor":16,"turns":13},{"damage":19,"enemies":"3 Byrds","floor":18,"turns":5},{"damage":18,"enemies":"Spheric Guardian","floor":19,"turns":5},{"damage":13,"enemies":"Chosen and Byrds","floor":21,"turns":5}],"event_choices":[{"event_name":"Golden Idol","player_choice":"Lose Max HP","floor":3,"damage_taken":0},{"event_name":"Transmorgrifier","player_choice":"Transform","floor":4,"damage_taken":0},{"event_name":"Upgrade Shrine","player_choice":"Upgraded","floor":14,"damage_taken":0},{"event_name":"Cursed Tome","player_choice":"Obtained Book","floor":20,"damage_taken":0}],"boss_relics":[{"not_picked":["Velvet Choker","Snecko Eye"],"picked":"Cursed Key"}],"potions_floor_spawned":[1,2,7,13,16],"seed_played":"-2832658772152213121","killed_by":"Chosen and Byrds","ascension_level":0,"is_trial":false}