{"gold_per_floor":[144,144,193,242,46,144,193,193,193,242,291,291,340,340,340,665,665,714,763,763,763],"floor_reached":21,"playtime":1694,"items_purged":[],"score":208,"play_id":"d0c9d5b7-3278-4d1c-a53e-eee1be20b335","local_time":"20180923143517","daily_mods":["Specialized","Midas","Night Terrors"],"is_ascension_mode":false,"campfire_choices":[{"floor":12,"key":"REST"},{"floor":15,"key":"REST"}],"neow_cost":"","seed_source_timestamp":797009427872847,"circlet_count":0,"master_deck":["Strike_R","Strike_R","Strike_R","Strike_R","Strike_R","Defend_R","Defend_R","Defend_R","Defend_R","Bash","Fiend Fire","Fiend Fire","Fiend Fire","Fiend Fire","Fiend Fire","Perfected Strike+1","Anger","Flex","Chrysalis","Perfected Strike","Heavy Blade+1","Headbutt","Anger","Reaper","Exhume","Armaments+1"],"special_seed":17797,"relics":["Burning Blood","Golden Idol","Du-Vu Doll","Omamori","Fusion Hammer"],"potions_floor_usage":[10,19,21,21],"damage_taken":[{"damage":6,"enemies":"Jaw Worm","floor":1,"turns":2},{"damage":0,"enemies":"Small Slimes","floor":3,"turns":3},{"damage":0,"enemies":"Cultist","floor":4,"turns":2},{"damage":19,"enemies":"Gremlin Nob","floor":6,"turns":4},{"damage":13,"enemies":"Looter","floor":7,"turns":3},{"damage":11,"enemies":"Lots of Slimes","floor":10,"turns":5},{"damage":30,"enemies":"Gremlin Gang","floor":11,"turns":5},{"damage":21,"enemies":"Large Slime","floor":13,"turns":4},{"damage":58,"enemies":"Slime Boss","floor":16,"turns":11},{"damage":25,"enemies":"Spheric Guardian","floor":18,"turns":4},{"damage":20,"enemies":"2 Thieves","floor":19,"turns":3},{"damage":43,"enemies":"Shelled Parasite and Fungi","floor":21,"turns":3}],"seed_played":"-3341318107676815907","potions_obtained":[{"floor":1,"key":"SpeedPotion"},{"floor":6,"key":"EssenceOfSteel"},{"floor":11,"key":"SkillPotion"},{"floor":13,"key":"PowerPotion"},{"floor":19,"key":"Fruit Juice"}],"is_trial":false,"path_per_floor":["M","?","M","M","$","E","M","?","T","M","M","R","M","?","R","B",null,"M","M","?"],"character_chosen":"IRONCLAD","items_purchased":["Chrysalis"],"campfire_rested":2,"item_purchase_floors":[5],"current_hp_per_floor":[80,60,66,72,72,59,52,52,52,47,23,75,60,60,70,27,70,51,42,42,0],"gold":763,"neow_bonus":"","is_prod":false,"is_daily":true,"chose_seed":false,"campfire_upgraded":0,"win_rate":0.0,"timestamp":1537727717,"path_taken":["M","?","?","M","$","E","M","?","T","M","?","R","M","?","R","BOSS","M","M","?","M"],"build_version":"2018-09-20","purchased_purges":0,"victory":false,"max_hp_per_floor":[80,80,80,80,80,80,80,80,80,80,80,75,75,75,70,70,70,70,75,75,75],"card_choices":[{"not_picked":["Shrug It Off","Body Slam"],"picked":"Perfected Strike","floor":1},{"not_picked":["Bloodletting","Shrug It Off"],"picked":"Anger","floor":3},{"not_picked":["Perfected Strike","Sever Soul"],"picked":"Flex","floor":4},{"not_picked":["Clash","Sever Soul"],"picked":"Perfected Strike","floor":6},{"not_picked":["Clothesline","Anger"],"picked":"Heavy Blade","floor":7},{"not_picked":["Spot Weakness","Hemokinesis"],"picked":"Headbutt","floor":10},{"not_picked":["Burning Pact","Rampage"],"picked":"Anger","floor":11},{"not_picked":["Blood for Blood","Wild Strike"],"picked":"Reaper","floor":13},{"not_picked":["Double Tap","Brutality"],"picked":"Exhume","floor":16},{"not_picked":["Corruption","True Grit","Rupture+1"],"picked":"SKIP","floor":18},{"not_picked":["Headbutt","Whirlwind"],"picked":"Armaments+1","floor":19}],"player_experience":20349,"relics_obtained":[{"floor":6,"key":"Du-Vu Doll"},{"floor":9,"key":"Omamori"}],"event_choices":[{"event_name":"Golden Idol","player_choice":"Take Damage","floor":2,"damage_taken":0},{"event_name":"Upgrade Shrine","player_choice":"Upgraded","floor":8,"damage_taken":0},{"event_name":"Accursed Blacksmith","player_choice":"Forge","floor":14,"damage_taken":0},{"event_name":"Vampires","player_choice":"Ignored","floor":20,"damage_taken":0}],"is_beta":false,"boss_relics":[{"not_picked":["Runic Dome","Philosopher\u0027s Stone"],"picked":"Fusion Hammer"}],"items_purged_floors":[],"is_endless":false,"potions_floor_spawned":[1,6,11,13,19],"killed_by":"Shelled Parasite and Fungi","ascension_level":0}