{"gold_per_floor":[118,137,87,100,117,148,148,182,209,209,209,235,30,41,41,41],"floor_reached":16,"playtime":1230,"items_purged":[],"score":120,"play_id":"4566b110-4601-4b2a-a528-d790bc16218a","local_time":"20190120124006","is_ascension_mode":false,"campfire_choices":[{"data":"Skewer","floor":7,"key":"SMITH"},{"floor":10,"key":"REST"},{"floor":15,"key":"REST"}],"neow_cost":"NONE","seed_source_timestamp":1575067079109443,"circlet_count":0,"master_deck":["Defend_G","Defend_G","Defend_G","Defend_G","Defend_G","Strike_G","Strike_G","Strike_G","Survivor","Neutralize","Footwork","Calculated Gamble","Sucker Punch","Skewer+1","Reflex","Adrenaline","Riddle With Holes","Adrenaline","All Out Attack"],"relics":["Ring of the Snake","Vajra","Ancient Tea Set","Anchor","Lantern","Omamori","DollysMirror"],"potions_floor_usage":[],"damage_taken":[{"damage":0,"enemies":"Jaw Worm","floor":1,"turns":3},{"damage":0,"enemies":"2 Louse","floor":2,"turns":4},{"damage":0,"enemies":"Small Slimes","floor":4,"turns":6},{"damage":0,"enemies":"2 Fungi Beasts","floor":5,"turns":4},{"damage":29,"enemies":"3 Sentries","floor":6,"turns":9},{"damage":17,"enemies":"Lagavulin","floor":8,"turns":5},{"damage":13,"enemies":"3 Sentries","floor":12,"turns":9},{"damage":0,"enemies":"Lots of Slimes","floor":14,"turns":5},{"damage":56,"enemies":"The Guardian","floor":16,"turns":12}],"seed_played":"-4076211605165848465","potions_obtained":[{"floor":2,"key":"Fire Potion"},{"floor":4,"key":"SkillPotion"}],"is_trial":false,"path_per_floor":["M","M","?","M","M","E","R","E","T","R","?","E","$","M","R","B"],"character_chosen":"THE_SILENT","items_purchased":["DollysMirror"],"campfire_rested":2,"item_purchase_floors":[13],"current_hp_per_floor":[70,70,70,70,70,41,41,24,24,45,45,32,32,32,53,0],"gold":41,"neow_bonus":"RANDOM_COMMON_RELIC","is_prod":false,"is_daily":false,"chose_seed":false,"campfire_upgraded":1,"win_rate":0.0,"timestamp":1547984406,"path_taken":["M","M","?","M","M","E","R","E","T","R","?","E","?","M","R","BOSS"],"build_version":"2019-01-17v2","purchased_purges":0,"victory":false,"max_hp_per_floor":[70,70,70,70,70,70,70,70,70,70,70,70,70,70,70,70],"card_choices":[{"not_picked":["Backflip","Dagger Spray"],"picked":"Footwork","floor":1},{"not_picked":["Outmaneuver","Acrobatics"],"picked":"Calculated Gamble","floor":2},{"not_picked":["Deflect","Expertise"],"picked":"Sucker Punch","floor":4},{"not_picked":["Eviscerate","Flying Knee"],"picked":"Skewer","floor":5},{"not_picked":["Blur","Deflect"],"picked":"Reflex","floor":6},{"not_picked":["Outmaneuver","Bullet Time","Slice"],"picked":"SKIP","floor":8},{"not_picked":["Acrobatics","Accuracy"],"picked":"Riddle With Holes","floor":12},{"not_picked":["Deflect","Accuracy"],"picked":"All Out Attack","floor":14}],"player_experience":205867,"relics_obtained":[{"floor":6,"key":"Ancient Tea Set"},{"floor":8,"key":"Anchor"},{"floor":9,"key":"Lantern"},{"floor":12,"key":"Omamori"}],"event_choices":[{"cards_removed":["Strike_G"],"damage_healed":0,"gold_gain":0,"player_choice":"Card Removal","damage_taken":0,"max_hp_gain":0,"max_hp_loss":0,"event_name":"The Cleric","floor":3,"gold_loss":50},{"damage_healed":0,"gold_gain":0,"cards_transformed":["Strike_G"],"player_choice":"Change","damage_taken":0,"max_hp_gain":0,"max_hp_loss":0,"event_name":"Living Wall","floor":11,"gold_loss":0,"cards_obtained":["Adrenaline"]}],"is_beta":false,"boss_relics":[],"items_purged_floors":[],"is_endless":false,"potions_floor_spawned":[2,4],"killed_by":"The Guardian","ascension_level":0}