{"path_per_floor":["M","?","M","T","M","?","R","M","T","$","E","M","M","$","R","B",null,"M","M","?","M","?"],"character_chosen":"THE_SILENT","items_purchased":["Venomology","Happy Flower"],"gold_per_floor":[116,116,135,207,221,221,221,205,231,88,122,138,152,8,8,137,137,160,184,184,197,197,197],"floor_reached":23,"campfire_rested":1,"playtime":1978,"current_hp_per_floor":[70,53,50,60,60,64,64,52,52,52,50,53,53,53,79,43,87,67,61,61,31,31,0],"items_purged":["Decay"],"gold":197,"score":218,"play_id":"d85a9a20-3491-4975-9dd5-a9ce219330ed","local_time":"20180412162036","is_prod":false,"is_daily":false,"is_ascension_mode":false,"campfire_upgraded":1,"timestamp":1523517636,"path_taken":["M","?","?","?","M","?","R","M","T","?","E","M","M","$","R","BOSS","M","M","?","M","?","E"],"build_version":"2018-04-05v2","purchased_purges":1,"victory":false,"master_deck":["Defend_G","Defend_G","Defend_G","Defend_G","Defend_G","Strike_G","Strike_G","Strike_G","Strike_G","Strike_G","Survivor","Neutralize+1","Deflect","Dodge and Roll","Well Laid Plans","Underhanded Strike","Writhe","Venomology","Deflect","Underhanded Strike","Poisoned Stab","Wraith Form+1","Finisher","Blade Dance+1","Wraith Form","Acrobatics"],"max_hp_per_floor":[70,70,70,80,80,87,87,87,87,87,87,87,87,87,87,87,87,87,87,87,87,87,87],"relics":["Cursed Key","Golden Idol","Pear","Strawberry","Oddly Smooth Stone","Vajra","Happy Flower","Runic Dome"],"card_choices":[{"not_picked":["Dodge and Roll","Sucker Punch"],"picked":"Deflect","floor":1},{"not_picked":["Flechettes","Blur"],"picked":"Dodge and Roll","floor":3},{"not_picked":["Sucker Punch","Footwork"],"picked":"Well Laid Plans","floor":5},{"not_picked":["Deadly Poison","Dagger Throw"],"picked":"Underhanded Strike","floor":8},{"not_picked":["Dagger Throw","Calculated Gamble"],"picked":"Deflect","floor":11},{"not_picked":["Leg Sweep","Dodge and Roll"],"picked":"Underhanded Strike","floor":12},{"not_picked":["Endless Agony","Deflect"],"picked":"Poisoned Stab","floor":13},{"not_picked":["Tools of the Trade","Bullet Time"],"picked":"Wraith Form","floor":16},{"not_picked":["Crippling Poison","Outmaneuver"],"picked":"Finisher","floor":18},{"not_picked":["Reflex","Underhanded Strike"],"picked":"Blade Dance","floor":19},{"not_picked":["Riddle With Holes","Dagger Spray"],"picked":"Acrobatics","floor":21}],"player_experience":5219,"potions_floor_usage":[11,11,11,12,16,16,18,19,21,23],"damage_taken":[{"damage":0,"enemies":"Jaw Worm","floor":1,"turns":4},{"damage":3,"enemies":"2 Louse","floor":3,"turns":4},{"damage":0,"enemies":"Cultist","floor":5,"turns":5},{"damage":12,"enemies":"Exordium Thugs","floor":8,"turns":8},{"damage":17,"enemies":"Gremlin Nob","floor":11,"turns":6},{"damage":6,"enemies":"2 Fungi Beasts","floor":12,"turns":5},{"damage":0,"enemies":"Blue Slaver","floor":13,"turns":4},{"damage":36,"enemies":"Slime Boss","floor":16,"turns":18},{"damage":20,"enemies":"Spheric Guardian","floor":18,"turns":5},{"damage":6,"enemies":"Shell Parasite","floor":19,"turns":6},{"damage":30,"enemies":"Snecko","floor":21,"turns":7},{"damage":40,"enemies":"Gremlin Leader","floor":23,"turns":5}],"event_choices":[{"event_name":"Golden Idol","player_choice":"Take Damage","floor":2,"damage_taken":0},{"event_name":"Scrap Ooze","player_choice":"success","floor":6,"damage_taken":3},{"event_name":"Duplicator","player_choice":"One dupe","floor":20,"damage_taken":0},{"event_name":"Upgrade Shrine","player_choice":"Upgraded","floor":22,"damage_taken":0}],"boss_relics":[{"not_picked":["Sozu","Ectoplasm"],"picked":"Runic Dome"}],"potions_floor_spawned":[3,5,8,12,16,19],"seed_played":"-6910945457802750360","killed_by":"Gremlin Leader","ascension_level":0,"is_trial":false}