{"gold_per_floor":[17,17,31,31,42,42,62,82,107,107,107,122,197,51,51,152,152,172,172,189,200,49,49,82,95,118,118,148,166,166,186,186,283,283,296,296,5,18,18,18,48,48,116,143,143,157,157,172,172,172],"floor_reached":51,"playtime":2168,"items_purged":["Strike_B","Strike_B"],"score":1044,"play_id":"538292f0-2208-4d0e-b058-8ec7c88a69e1","local_time":"20180927225708","is_ascension_mode":true,"campfire_choices":[{"data":"Zap","floor":6,"key":"SMITH"},{"data":"Double Energy","floor":10,"key":"SMITH"},{"floor":15,"key":"REST"},{"data":"Fission","floor":23,"key":"SMITH"},{"data":"Buffer","floor":30,"key":"SMITH"},{"data":"Buffer","floor":32,"key":"SMITH"},{"floor":40,"key":"REST"},{"data":"Defragment","floor":42,"key":"SMITH"},{"data":"Fission","floor":49,"key":"SMITH"}],"neow_cost":"NO_GOLD","seed_source_timestamp":7466802769569,"circlet_count":0,"master_deck":["Strike_B","Defend_B","Defend_B","Defend_B+1","Defend_B","Zap+1","Dualcast","Electrodynamics","Auto Shields","Ball Lightning+1","Genetic Algorithm+1","Go for the Eyes","Double Energy+1","Buffer+1","Fission+1","Defragment+1","Glacier+1","Beam Cell+1","Conserve Battery+1","Defragment","Hologram","Barrage+1","Capacitor","Buffer+1","Loop","Double Energy","Thunder Strike","Buffer+1","Cold Snap+1","Fission+1","Force Field+1","Glacier+1"],"relics":["Cracked Core","Bag of Preparation","Boot","DataDisk","Eternal Feather","War Paint","Vajra","Red Mask","Philosopher\u0027s Stone","DollysMirror","Letter Opener","Frozen Egg 2","Centennial Puzzle","Dead Branch"],"potions_floor_usage":[33,41,50,50,50],"damage_taken":[{"damage":1,"enemies":"Cultist","floor":1,"turns":4},{"damage":3,"enemies":"Small Slimes","floor":3,"turns":2},{"damage":6,"enemies":"2 Louse","floor":5,"turns":2},{"damage":0,"enemies":"Blue Slaver","floor":7,"turns":4},{"damage":0,"enemies":"Looter","floor":8,"turns":3},{"damage":10,"enemies":"Gremlin Gang","floor":12,"turns":2},{"damage":24,"enemies":"Hexaghost","floor":16,"turns":9},{"damage":0,"enemies":"Chosen","floor":18,"turns":4},{"damage":0,"enemies":"Spheric Guardian","floor":20,"turns":3},{"damage":4,"enemies":"Chosen and Byrds","floor":21,"turns":5},{"damage":14,"enemies":"Book of Stabbing","floor":24,"turns":8},{"damage":0,"enemies":"3 Cultists","floor":25,"turns":3},{"damage":2,"enemies":"Masked Bandits","floor":28,"turns":3},{"damage":11,"enemies":"Snecko","floor":29,"turns":5},{"damage":3,"enemies":"Shelled Parasite and Fungi","floor":31,"turns":7},{"damage":32,"enemies":"Automaton","floor":33,"turns":13},{"damage":0,"enemies":"3 Shapes","floor":35,"turns":6},{"damage":61,"enemies":"3 Darklings","floor":38,"turns":4},{"damage":9,"enemies":"Nemesis","floor":41,"turns":8},{"damage":0,"enemies":"Giant Head","floor":44,"turns":9},{"damage":0,"enemies":"Jaw Worm Horde","floor":46,"turns":4},{"damage":0,"enemies":"Mind Bloom Boss Battle","floor":47,"turns":6},{"damage":0,"enemies":"Maw","floor":48,"turns":7},{"damage":35,"enemies":"Awakened One","floor":50,"turns":13}],"seed_played":"8003601417222096596","potions_obtained":[{"floor":5,"key":"Block Potion"},{"floor":7,"key":"Fire Potion"},{"floor":8,"key":"FocusPotion"},{"floor":24,"key":"PowerPotion"},{"floor":33,"key":"GamblersBrew"},{"floor":35,"key":"Energy Potion"},{"floor":46,"key":"FearPotion"}],"is_trial":false,"path_per_floor":["M","?","M","?","M","R","M","M","T","R","?","M","?","$","R","B",null,"M","?","M","M","$","R","E","M","T","?","?","M","R","M","R","B",null,"M","?","$","M","?","R","E","R","T","E","?","M","?","M","R","B"],"character_chosen":"DEFECT","items_purchased":["DataDisk","Defragment","DollysMirror"],"campfire_rested":2,"item_purchase_floors":[14,22,37],"current_hp_per_floor":[67,60,57,57,51,51,51,51,51,51,36,26,15,15,37,13,60,60,60,60,56,56,68,54,54,54,54,52,41,56,53,68,36,65,65,65,65,4,4,41,32,50,50,50,50,50,50,50,68,33],"gold":172,"neow_bonus":"THREE_RARE_CARDS","is_prod":false,"is_daily":false,"chose_seed":false,"campfire_upgraded":7,"win_rate":0,"timestamp":1538056628,"path_taken":["M","?","M","?","M","R","M","M","T","R","?","M","?","?","R","BOSS","M","?","M","?","$","R","E","M","T","?","?","?","R","M","R","BOSS","M","?","$","M","?","R","E","R","T","E","?","?","?","M","R","BOSS"],"build_version":"2018-09-26v2","purchased_purges":2,"victory":true,"max_hp_per_floor":[75,75,75,75,75,75,75,75,75,75,75,75,75,75,75,75,75,75,75,75,75,75,75,75,75,75,75,75,75,75,75,75,75,75,75,75,75,75,75,75,75,75,75,75,75,75,75,75,75,75],"card_choices":[{"not_picked":["Meteor Strike","Buffer"],"picked":"Electrodynamics","floor":0},{"not_picked":["Barrage","Steam"],"picked":"Auto Shields","floor":1},{"not_picked":["Barrage","Conserve Battery"],"picked":"Ball Lightning","floor":3},{"not_picked":["Aggregate","Barrage"],"picked":"Genetic Algorithm","floor":5},{"not_picked":["Steam","Beam Cell"],"picked":"Go for the Eyes","floor":7},{"not_picked":["Hologram","Doom and Gloom"],"picked":"Double Energy","floor":8},{"not_picked":["Double Energy","Hello World"],"picked":"Buffer","floor":12},{"not_picked":["Buffer","Core Surge"],"picked":"Fission","floor":16},{"not_picked":["Barrage","Fusion"],"picked":"Defragment","floor":18},{"not_picked":["Leap+1","Redo"],"picked":"Beam Cell+1","floor":20},{"not_picked":["Turbo","Cold Snap+1"],"picked":"Conserve Battery+1","floor":21},{"not_picked":["Turbo","Undo"],"picked":"Hologram","floor":24},{"not_picked":["Blizzard","Beam Cell"],"picked":"Barrage+1","floor":25},{"not_picked":["Conserve Battery","Sunder"],"picked":"Buffer","floor":28},{"not_picked":["White Noise","Scrape+1"],"picked":"Loop","floor":29},{"not_picked":["Blizzard","Rebound"],"picked":"Double Energy","floor":31},{"not_picked":["Amplify","Creative AI"],"picked":"Thunder Strike","floor":33},{"not_picked":["Fusion","Hologram","BootSequence+1"],"picked":"SKIP","floor":35},{"not_picked":["Sweeping Beam","Redo","Barrage"],"picked":"SKIP","floor":38},{"not_picked":["Gash","Darkness+1"],"picked":"Cold Snap+1","floor":41},{"not_picked":["Conserve Battery","Turbo"],"picked":"Fission","floor":44},{"not_picked":["Doom and Gloom+1","Leap","Sunder+1"],"picked":"SKIP","floor":46},{"not_picked":["Gash+1","Steam+1"],"picked":"Force Field+1","floor":47},{"not_picked":["Chill+1","Gash"],"picked":"Glacier+1","floor":48}],"player_experience":453887,"relics_obtained":[{"floor":9,"key":"Boot"},{"floor":24,"key":"War Paint"},{"floor":26,"key":"Vajra"},{"floor":28,"key":"Red Mask"},{"floor":41,"key":"Letter Opener"},{"floor":43,"key":"Frozen Egg 2"},{"floor":44,"key":"Centennial Puzzle"},{"floor":47,"key":"Dead Branch"}],"event_choices":[{"event_name":"Scrap Ooze","player_choice":"success","floor":2,"damage_taken":7},{"event_name":"The Cleric","player_choice":"Leave","floor":4,"damage_taken":0},{"event_name":"Shining Light","player_choice":"Entered Light","floor":11,"damage_taken":0},{"event_name":"World of Goop","player_choice":"Gather Gold","floor":13,"damage_taken":0},{"event_name":"Match and Keep!","player_choice":"1 cards matched","floor":19,"damage_taken":0},{"event_name":"The Library","player_choice":"Read","floor":27,"damage_taken":0},{"event_name":"Masked Bandits","player_choice":"Fought Bandits","floor":28,"damage_taken":0},{"event_name":"The Woman in Blue","player_choice":"Bought 0 Potions","floor":36,"damage_taken":0},{"event_name":"Mysterious Sphere","player_choice":"Ignore","floor":39,"damage_taken":0},{"event_name":"Falling","player_choice":"Removed Attack","floor":45,"damage_taken":0},{"event_name":"MindBloom","player_choice":"Fight","floor":47,"damage_taken":0}],"is_beta":true,"boss_relics":[{"not_picked":["Runic Pyramid","Orrery"],"picked":"Eternal Feather"},{"not_picked":["Fusion Hammer","Snecko Eye"],"picked":"Philosopher\u0027s Stone"}],"items_purged_floors":[22,37],"is_endless":false,"potions_floor_spawned":[5,7,8,21,24,29,33,35,38,46],"ascension_level":8}