{"path_per_floor":["M","M","?","M","?","E","M","E","T","M","R","$","?","E","R","B",null,"M","M","?","?","?","E","R","E","T","E","R","M","R","M","R","B",null,"M","?","?","$","?","R","E","R","T","E","R","M","$","E","R","B"],"character_chosen":"THE_SILENT","items_purchased":["Dagger Spray","Noxious Fumes","Toolbox","Bag of Marbles","Mercury Hourglass","Noxious Fumes","Pen Nib"],"gold_per_floor":[110,125,125,144,144,179,192,221,268,285,285,183,183,518,518,617,617,635,619,619,719,719,752,752,786,786,820,820,836,836,847,847,946,946,962,962,962,129,129,129,159,159,185,219,219,236,11,46,46,46],"floor_reached":51,"campfire_rested":8,"playtime":4746,"current_hp_per_floor":[70,70,70,70,67,57,57,14,14,14,35,35,28,20,41,41,70,59,57,57,57,57,50,50,39,39,32,32,30,51,47,68,68,70,42,33,33,33,33,54,7,28,28,28,49,49,49,19,40,35],"items_purged":["Strike_G","Doubt"],"gold":46,"score":1064,"play_id":"4df7fddb-0afe-4be7-857b-9f7cc4404d5b","local_time":"20180430170911","is_prod":false,"is_daily":false,"chose_seed":false,"is_ascension_mode":true,"campfire_upgraded":2,"timestamp":1525075751,"path_taken":["M","M","?","?","?","E","M","E","T","?","R","?","?","E","R","BOSS","M","M","?","?","?","E","R","E","T","E","R","M","R","?","R","BOSS","M","?","?","$","?","R","E","R","T","E","R","M","?","E","R","BOSS"],"build_version":"2018-04-28v2","seed_source_timestamp":69610007791174,"purchased_purges":3,"victory":true,"master_deck":["Defend_G","Defend_G","Defend_G","Defend_G","Strike_G+1","Survivor","Neutralize+1","Die Die Die","Prepared","Backflip","After Image+1","Blur","Deflect","Caltrops+1","Backstab","Blade Dance","Dagger Spray","Backflip","Night Terror+1","Cloak And Dagger","Blade Dance","Deflect+1","Escape Plan","Footwork+1","Accuracy+1","A Thousand Cuts+1","Distraction","Madness","Madness","Caltrops+1","Noxious Fumes+1","Regret","Tactician","Noxious Fumes+1","Setup"],"max_hp_per_floor":[70,70,70,70,70,70,70,70,70,70,70,70,70,70,70,70,70,70,70,70,70,70,70,70,70,70,70,70,70,70,70,70,70,70,70,70,70,70,70,70,70,70,70,70,70,70,70,70,70,70],"relics":["Ring of the Snake","Matryoshka","Frozen Egg 2","Oddly Smooth Stone","Happy Flower","Whetstone","Old Coin","Cursed Key","Paper Crane","Bronze Scales","Snake Skull","Lantern","Gambling Chip","Lizard Tail","Toolbox","Bag of Marbles","Mercury Hourglass","Thread and Needle","Vajra","Omamori","Pen Nib","Smiling Mask"],"card_choices":[{"not_picked":["Slice","Reflex"],"picked":"Prepared","floor":1},{"not_picked":["Quick Slash","Bane"],"picked":"Backflip","floor":2},{"not_picked":["Dodge and Roll","Heel Hook"],"picked":"Blur","floor":4},{"not_picked":["Reflex","Glass Knife"],"picked":"Deflect","floor":6},{"not_picked":["Bouncing Flask","Deflect"],"picked":"Caltrops","floor":7},{"not_picked":["Expertise","Sucker Punch"],"picked":"Backstab","floor":8},{"not_picked":["Dodge and Roll","Backflip"],"picked":"Blade Dance","floor":10},{"not_picked":["Sucker Punch","Reflex"],"picked":"Backflip","floor":14},{"not_picked":["Grand Finale","Storm of Steel"],"picked":"Night Terror","floor":16},{"not_picked":["Acrobatics","Dodge and Roll"],"picked":"Cloak And Dagger","floor":18},{"not_picked":["Dagger Throw","Poisoned Stab"],"picked":"Blade Dance","floor":19},{"not_picked":["Dagger Throw","Endless Agony"],"picked":"Deflect","floor":23},{"not_picked":["Acrobatics","Dagger Throw"],"picked":"Escape Plan","floor":25},{"not_picked":["Prepared","Riddle With Holes"],"picked":"Footwork","floor":27},{"not_picked":["Poisoned Stab","Deadly Poison"],"picked":"Accuracy","floor":31},{"not_picked":["Grand Finale","Tactician"],"picked":"A Thousand Cuts","floor":33},{"not_picked":["Reflex","Slice"],"picked":"Distraction","floor":35},{"not_picked":["Poisoned Stab","Sucker Punch"],"picked":"Tactician","floor":44},{"not_picked":["Skewer","Predator"],"picked":"Setup","floor":48}],"player_experience":122351,"potions_floor_usage":[7,8,25,25,27,33,33,48,50,50],"damage_taken":[{"damage":0,"enemies":"2 Louse","floor":1,"turns":1},{"damage":0,"enemies":"Small Slimes","floor":2,"turns":2},{"damage":0,"enemies":"Cultist","floor":4,"turns":4},{"damage":10,"enemies":"3 Sentries","floor":6,"turns":17},{"damage":0,"enemies":"Looter","floor":7,"turns":5},{"damage":43,"enemies":"Gremlin Nob","floor":8,"turns":7},{"damage":0,"enemies":"Blue Slaver","floor":10,"turns":3},{"damage":8,"enemies":"3 Sentries","floor":14,"turns":5},{"damage":0,"enemies":"The Guardian","floor":16,"turns":12},{"damage":11,"enemies":"Shell Parasite","floor":18,"turns":4},{"damage":2,"enemies":"2 Thieves","floor":19,"turns":4},{"damage":7,"enemies":"Book of Stabbing","floor":23,"turns":6},{"damage":11,"enemies":"Slavers","floor":25,"turns":5},{"damage":7,"enemies":"Gremlin Leader","floor":27,"turns":8},{"damage":2,"enemies":"Snecko","floor":29,"turns":8},{"damage":4,"enemies":"Chosen and Byrds","floor":31,"turns":9},{"damage":0,"enemies":"Champ","floor":33,"turns":23},{"damage":28,"enemies":"3 Darklings","floor":35,"turns":5},{"damage":47,"enemies":"Giant Head","floor":41,"turns":8},{"damage":0,"enemies":"Nemesis","floor":44,"turns":6},{"damage":0,"enemies":"Orb Walker","floor":46,"turns":4},{"damage":30,"enemies":"2 Orb Walkers","floor":48,"turns":5},{"damage":44,"enemies":"Awakened One","floor":50,"turns":13}],"event_choices":[{"event_name":"Living Wall","player_choice":"Change","floor":3,"damage_taken":0},{"event_name":"Scrap Ooze","player_choice":"success","floor":5,"damage_taken":3},{"event_name":"Golden Wing","player_choice":"Card Removal","floor":13,"damage_taken":0},{"event_name":"The Lab","player_choice":"Got Potions","floor":20,"damage_taken":0},{"event_name":"Golden Shrine","player_choice":"Pray","floor":21,"damage_taken":0},{"event_name":"Purifier","player_choice":"One Purge","floor":22,"damage_taken":0},{"event_name":"Winding Halls","player_choice":"Embrace Madness","floor":36,"damage_taken":0},{"event_name":"Transmorgrifier","player_choice":"Transform","floor":37,"damage_taken":0},{"event_name":"SecretPortal","player_choice":"Rejected Portal.","floor":39,"damage_taken":0}],"boss_relics":[{"not_picked":["Runic Dome","Sozu"],"picked":"Cursed Key"},{"not_picked":["Pandora\u0027s Box","Runic Pyramid"],"picked":"Lizard Tail"}],"potions_floor_spawned":[4,6,8,18,19,23,29,31,33,41,44,48],"seed_played":"-6726993609638242716","ascension_level":3,"is_trial":false}