{"gold_per_floor":[118,68,243,263,188,215,234,43,43,68,80,92,133,157,169,278,290,319,16,31,41,41,41,41,41,41,41,41,41,41,56,56,161,161,177,188,116,127,145,173,173,173,223,233,263,281,298,309,309,309],"floor_reached":50,"playtime":2851,"items_purged":["Doubt","Strike_R"],"score":599,"play_id":"d0a813e6-73e3-43b3-aeaf-05c73243844f","local_time":"20181214184013","is_ascension_mode":true,"campfire_choices":[{"data":"Armaments","floor":15,"key":"SMITH"},{"data":"True Grit","floor":23,"key":"SMITH"},{"data":"Inflame","floor":29,"key":"SMITH"},{"floor":32,"key":"REST"},{"data":"Spot Weakness","floor":41,"key":"SMITH"},{"floor":49,"key":"RECALL"}],"neow_cost":"NONE","seed_source_timestamp":236322683599012,"circlet_count":0,"master_deck":["Strike_R","Strike_R","Defend_R","Defend_R","Defend_R","Bash","Metallicize","Metallicize","Armaments+1","Inflame+1","Infernal Blade","Metallicize","Impervious","True Grit+1","Metallicize","Infernal Blade","Pommel Strike+1","Metallicize","Flash of Steel","Spot Weakness+1","Impervious","Body Slam+1","Whirlwind","Shrug It Off","Warcry+1","Parasite","Iron Wave+1","Wild Strike+1"],"relics":["Burning Blood","NeowsBlessing","PreservedInsect","Paper Frog","MawBank","Anchor","Juzu Bracelet","Mark of Pain","TheAbacus","Busted Crown","Meat on the Bone","Oddly Smooth Stone","Potion Belt"],"potions_floor_usage":[10,16,18,33,33,40,45,48],"damage_taken":[{"damage":0,"enemies":"Small Slimes","floor":1,"turns":1},{"damage":0,"enemies":"Jaw Worm","floor":4,"turns":1},{"damage":0,"enemies":"Lagavulin","floor":6,"turns":1},{"damage":9,"enemies":"2 Louse","floor":7,"turns":3},{"damage":2,"enemies":"Gremlin Nob","floor":10,"turns":4},{"damage":8,"enemies":"3 Sentries","floor":13,"turns":7},{"damage":3,"enemies":"Lots of Slimes","floor":14,"turns":4},{"damage":26,"enemies":"Slime Boss","floor":16,"turns":16},{"damage":13,"enemies":"Spheric Guardian","floor":18,"turns":4},{"damage":4,"enemies":"3 Byrds","floor":20,"turns":8},{"damage":4,"enemies":"Centurion and Healer","floor":21,"turns":10},{"damage":5,"enemies":"Snake Plant","floor":31,"turns":6},{"damage":58,"enemies":"Collector","floor":33,"turns":11},{"damage":1,"enemies":"Orb Walker","floor":35,"turns":6},{"damage":5,"enemies":"3 Darklings","floor":36,"turns":6},{"damage":23,"enemies":"4 Shapes","floor":38,"turns":11},{"damage":6,"enemies":"Transient","floor":39,"turns":5},{"damage":9,"enemies":"Giant Head","floor":40,"turns":7},{"damage":21,"enemies":"Sphere and 2 Shapes","floor":44,"turns":6},{"damage":20,"enemies":"Reptomancer","floor":45,"turns":6},{"damage":23,"enemies":"Writhing Mass","floor":46,"turns":7},{"damage":29,"enemies":"4 Shapes","floor":47,"turns":8},{"damage":19,"enemies":"Transient","floor":48,"turns":5},{"damage":62,"enemies":"Time Eater","floor":50,"turns":7}],"seed_played":"1721714506211424363","potions_obtained":[{"floor":1,"key":"EssenceOfSteel"},{"floor":14,"key":"Weak Potion"},{"floor":16,"key":"AttackPotion"},{"floor":20,"key":"PowerPotion"},{"floor":31,"key":"Energy Potion"},{"floor":38,"key":"Energy Potion"},{"floor":40,"key":"SteroidPotion"},{"floor":44,"key":"AttackPotion"},{"floor":47,"key":"BloodPotion"}],"is_trial":false,"path_per_floor":["M","?","?","M","$","E","M","$","T","E","?","T","E","M","R","B",null,"M","$","M","M","$","R","?","?","T","?","$","R","?","M","R","B",null,"M","M","$","M","M","E","R","?","T","M","E","M","M","M","R","B"],"character_chosen":"IRONCLAD","items_purchased":["Armaments","Inflame","True Grit","TheAbacus","Metallicize","Whirlwind"],"campfire_rested":1,"item_purchase_floors":[8,8,19,19,19,37],"current_hp_per_floor":[80,80,80,80,80,80,77,77,77,80,73,73,71,74,74,54,80,73,73,75,77,77,77,77,77,77,61,61,61,46,47,72,20,85,85,85,85,68,68,65,65,85,85,70,56,51,40,47,47,0],"gold":309,"neow_bonus":"THREE_ENEMY_KILL","is_prod":false,"is_daily":false,"chose_seed":false,"campfire_upgraded":4,"win_rate":0,"timestamp":1544830813,"path_taken":["M","?","?","M","$","E","M","?","T","E","?","?","E","M","R","BOSS","M","$","M","M","?","R","?","?","T","?","$","R","?","M","R","BOSS","M","M","$","M","M","E","R","?","T","M","E","M","M","M","R","BOSS"],"build_version":"2018-12-13","purchased_purges":2,"victory":false,"max_hp_per_floor":[80,80,80,80,80,80,80,80,80,80,80,80,80,80,80,80,80,80,80,80,80,80,80,80,80,80,80,80,80,85,85,85,85,85,85,85,85,85,85,85,85,85,85,85,85,85,85,85,85,85],"card_choices":[{"not_picked":["Blood for Blood","True Grit"],"picked":"Metallicize","floor":1},{"not_picked":["Combust","Thunderclap"],"picked":"Metallicize","floor":4},{"not_picked":["Thunderclap","Heavy Blade","Second Wind"],"picked":"SKIP","floor":6},{"not_picked":["Warcry","Cleave","Havoc"],"picked":"SKIP","floor":7},{"not_picked":["Thunderclap","Perfected Strike"],"picked":"Infernal Blade","floor":10},{"not_picked":["Rupture","Rampage","Twin Strike"],"picked":"SKIP","floor":13},{"not_picked":["Thunderclap","Wild Strike"],"picked":"Metallicize","floor":14},{"not_picked":["Dark Embrace","Brutality"],"picked":"Impervious","floor":16},{"not_picked":["Headbutt","Twin Strike","Iron Wave"],"picked":"SKIP","floor":18},{"not_picked":["Havoc","Pummel"],"picked":"Infernal Blade","floor":20},{"not_picked":["True Grit+1","Infernal Blade"],"picked":"Pommel Strike+1","floor":21},{"not_picked":["Shrug It Off","Armaments"],"picked":"Spot Weakness","floor":31},{"not_picked":["Bludgeon","Fiend Fire"],"picked":"Impervious","floor":33},{"not_picked":[],"picked":"Body Slam+1","floor":35},{"not_picked":["Twin Strike+1"],"picked":"SKIP","floor":36},{"not_picked":["Thunderclap+1"],"picked":"SKIP","floor":38},{"not_picked":["Clothesline+1"],"picked":"SKIP","floor":39},{"not_picked":[],"picked":"Shrug It Off","floor":40},{"not_picked":[],"picked":"Warcry+1","floor":44},{"not_picked":["Anger+1"],"picked":"SKIP","floor":45},{"not_picked":["Flex"],"picked":"SKIP","floor":46},{"not_picked":[],"picked":"Iron Wave+1","floor":47},{"not_picked":[],"picked":"Wild Strike+1","floor":48}],"player_experience":711866,"relics_obtained":[{"floor":6,"key":"PreservedInsect"},{"floor":9,"key":"Paper Frog"},{"floor":10,"key":"MawBank"},{"floor":12,"key":"Anchor"},{"floor":13,"key":"Juzu Bracelet"},{"floor":40,"key":"Meat on the Bone"},{"floor":43,"key":"Oddly Smooth Stone"},{"floor":45,"key":"Potion Belt"}],"event_choices":[{"cards_removed":["Strike_R"],"damage_healed":0,"gold_gain":0,"player_choice":"Card Removal","damage_taken":0,"max_hp_gain":0,"max_hp_loss":0,"event_name":"The Cleric","floor":2,"gold_loss":50},{"damage_healed":0,"gold_gain":175,"player_choice":"AGREE","damage_taken":0,"max_hp_gain":0,"max_hp_loss":0,"event_name":"Liars Game","floor":3,"gold_loss":0,"cards_obtained":["Doubt"]},{"cards_removed":["Defend_R"],"damage_healed":0,"gold_gain":0,"player_choice":"Card Removal","damage_taken":7,"max_hp_gain":0,"max_hp_loss":0,"event_name":"Golden Wing","floor":11,"gold_loss":0},{"damage_healed":0,"gold_gain":0,"player_choice":"Copied","damage_taken":0,"max_hp_gain":0,"max_hp_loss":0,"event_name":"Duplicator","floor":24,"gold_loss":0,"cards_obtained":["Metallicize"]},{"cards_removed":["Strike_R"],"damage_healed":0,"gold_gain":0,"player_choice":"Elegance","damage_taken":0,"max_hp_gain":0,"max_hp_loss":0,"event_name":"Back to Basics","floor":25,"gold_loss":0},{"damage_healed":0,"gold_gain":0,"player_choice":"CARD ","damage_taken":16,"max_hp_gain":0,"max_hp_loss":0,"event_name":"Knowing Skull","floor":27,"potions_obtained":[],"gold_loss":0,"cards_obtained":["Flash of Steel"]},{"damage_healed":0,"gold_gain":0,"player_choice":"Shed Blood","damage_taken":20,"max_hp_gain":5,"max_hp_loss":0,"event_name":"Forgotten Altar","floor":30,"gold_loss":0},{"damage_healed":20,"gold_gain":0,"player_choice":"Full Heal","damage_taken":0,"max_hp_gain":0,"max_hp_loss":0,"event_name":"Wheel of Change","floor":42,"gold_loss":0}],"is_beta":false,"boss_relics":[{"not_picked":["Snecko Eye","Black Star"],"picked":"Mark of Pain"},{"not_picked":["Tiny House","Pandora\u0027s Box"],"picked":"Busted Crown"}],"items_purged_floors":[5,8],"is_endless":false,"potions_floor_spawned":[1,14,16,20,31,38,40,44,47],"killed_by":"Time Eater","ascension_level":1}