{"gold_per_floor":[117,117,192,211,231,231,231,242,242,242,262,282,282,63,63,63],"floor_reached":16,"playtime":983,"items_purged":["Shame"],"score":110,"play_id":"2cf9cf08-612f-4731-95b2-91f7ac18e2ef","local_time":"20181012185634","is_ascension_mode":true,"campfire_choices":[{"data":"Coolheaded","floor":6,"key":"SMITH"},{"data":"Zap","floor":10,"key":"SMITH"},{"floor":13,"key":"REST"},{"data":"Dualcast","floor":15,"key":"SMITH"}],"neow_cost":"NONE","seed_source_timestamp":235915920310424,"circlet_count":0,"master_deck":["Strike_B","Strike_B","Strike_B","Defend_B","Defend_B","Defend_B","Defend_B","Zap+1","Dualcast+1","Injury","Decay","Coolheaded+1","Glacier","Sweeping Beam","Steam","All For One","Go for the Eyes"],"relics":["Calling Bell","Regal Pillow","Sundial","Nunchaku","The Courier"],"potions_floor_usage":[16,16],"damage_taken":[{"damage":16,"enemies":"Jaw Worm","floor":1,"turns":3},{"damage":3,"enemies":"Cultist","floor":4,"turns":6},{"damage":1,"enemies":"2 Louse","floor":5,"turns":4},{"damage":4,"enemies":"2 Fungi Beasts","floor":8,"turns":6},{"damage":22,"enemies":"Lots of Slimes","floor":11,"turns":5},{"damage":3,"enemies":"Blue Slaver","floor":12,"turns":5},{"damage":58,"enemies":"Slime Boss","floor":16,"turns":10}],"seed_played":"2792052938816661853","potions_obtained":[{"floor":1,"key":"Swift Potion"},{"floor":4,"key":"Explosive Potion"}],"is_trial":false,"path_per_floor":["M","?","?","M","M","R","?","M","T","R","M","M","R","$","R"],"character_chosen":"DEFECT","items_purchased":["All For One","Go for the Eyes"],"campfire_rested":1,"item_purchase_floors":[14,14],"current_hp_per_floor":[59,59,48,45,44,44,44,40,40,40,18,15,52,52,52,0],"gold":63,"neow_bonus":"BOSS_RELIC","is_prod":false,"is_daily":false,"chose_seed":false,"campfire_upgraded":3,"win_rate":0,"timestamp":1539384994,"path_taken":["M","?","?","M","M","R","?","?","T","R","M","M","R","$","R","BOSS"],"build_version":"2018-10-11","purchased_purges":1,"victory":false,"max_hp_per_floor":[75,75,75,75,75,75,75,75,75,75,75,75,75,75,75,75],"card_choices":[{"not_picked":["Turbo","Reprogram"],"picked":"Coolheaded","floor":1},{"not_picked":["Hologram","Coolheaded"],"picked":"Sweeping Beam","floor":4},{"not_picked":["White Noise","Tempest","Reinforced Body"],"picked":"SKIP","floor":5},{"not_picked":["Gash","Leap","Beam Cell"],"picked":"SKIP","floor":8},{"not_picked":["Static Discharge","Gash","Recycle"],"picked":"SKIP","floor":11},{"not_picked":["Beam Cell","Cold Snap"],"picked":"Steam","floor":12}],"player_experience":286343,"relics_obtained":[{"floor":0,"key":"Regal Pillow"},{"floor":0,"key":"Sundial"},{"floor":0,"key":"Nunchaku"},{"floor":9,"key":"The Courier"}],"event_choices":[{"event_name":"Living Wall","player_choice":"Change","floor":2,"damage_taken":0},{"event_name":"World of Goop","player_choice":"Gather Gold","floor":3,"damage_taken":0},{"event_name":"FaceTrader","player_choice":"Leave","floor":7,"damage_taken":0}],"is_beta":false,"boss_relics":[],"items_purged_floors":[14],"is_endless":false,"potions_floor_spawned":[1,4],"killed_by":"Slime Boss","ascension_level":4}