{"gold_per_floor":[116,68,68,68,79,114,166,180,180,180,200,218,218,244,244,349,349,274,274,274,274,222,222,222,222,222,222,222,222,222,222,222,222,222,222,147,147,147,147,147,147,147,147,147,147,147,0,0,0,0],"floor_reached":51,"playtime":2986,"items_purged":["Strike_R"],"score":750,"play_id":"706bc86b-a96a-4f53-8acb-8afb0ba05314","local_time":"20190114221148","is_ascension_mode":false,"campfire_choices":[{"data":"Shrug It Off","floor":10,"key":"SMITH"},{"data":"Shrug It Off","floor":15,"key":"SMITH"},{"data":"Barricade","floor":23,"key":"SMITH"},{"data":"Entrench","floor":32,"key":"SMITH"},{"floor":41,"key":"REST"},{"data":"Shrug It Off","floor":49,"key":"SMITH"}],"neow_cost":"NONE","seed_source_timestamp":129563299724858,"circlet_count":0,"master_deck":["Strike_R","Strike_R","Strike_R","Strike_R","Defend_R+1","Defend_R+1","Defend_R","Defend_R","Bash","Shrug It Off+1","Shrug It Off+1","Armaments","Cleave","Armaments","Anger","Iron Wave","Barricade+1","Dropkick+1","Shrug It Off+1","Seeing Red+1","Pommel Strike+1","Anger","Entrench+1","Body Slam","Entrench+1","Body Slam+1","Armaments","Battle Trance+1"],"relics":["Burning Blood","NeowsBlessing","Centennial Puzzle","Bag of Preparation","StoneCalendar","Odd Mushroom","Ectoplasm","Kunai","Charon\u0027s Ashes","Ginger","Eternal Feather","Mercury Hourglass","Ancient Tea Set","Red Mask"],"potions_floor_usage":[11,16,27,29,29,33,39,40,50,50,50,50],"damage_taken":[{"damage":0,"enemies":"Small Slimes","floor":1,"turns":1},{"damage":0,"enemies":"Jaw Worm","floor":5,"turns":1},{"damage":0,"enemies":"Lagavulin","floor":6,"turns":1},{"damage":0,"enemies":"2 Louse","floor":8,"turns":2},{"damage":0,"enemies":"Blue Slaver","floor":11,"turns":5},{"damage":8,"enemies":"Exordium Thugs","floor":12,"turns":6},{"damage":10,"enemies":"The Mushroom Lair","floor":14,"turns":6},{"damage":15,"enemies":"Slime Boss","floor":16,"turns":8},{"damage":4,"enemies":"2 Thieves","floor":18,"turns":5},{"damage":0,"enemies":"Chosen","floor":19,"turns":7},{"damage":13,"enemies":"Snake Plant","floor":21,"turns":7},{"damage":9,"enemies":"Centurion and Healer","floor":24,"turns":8},{"damage":2,"enemies":"Snecko","floor":25,"turns":7},{"damage":14,"enemies":"Slavers","floor":27,"turns":7},{"damage":13,"enemies":"Gremlin Leader","floor":29,"turns":7},{"damage":16,"enemies":"Shelled Parasite and Fungi","floor":30,"turns":7},{"damage":0,"enemies":"3 Cultists","floor":31,"turns":7},{"damage":27,"enemies":"Collector","floor":33,"turns":10},{"damage":4,"enemies":"Orb Walker","floor":35,"turns":5},{"damage":2,"enemies":"3 Darklings","floor":38,"turns":7},{"damage":25,"enemies":"Maw","floor":39,"turns":8},{"damage":45,"enemies":"Reptomancer","floor":40,"turns":7},{"damage":10,"enemies":"Sphere and 2 Shapes","floor":42,"turns":7},{"damage":5,"enemies":"Writhing Mass","floor":44,"turns":6},{"damage":16,"enemies":"Maw","floor":45,"turns":7},{"damage":0,"enemies":"Jaw Worm Horde","floor":46,"turns":6},{"damage":0,"enemies":"Transient","floor":48,"turns":5},{"damage":4,"enemies":"Donu and Deca","floor":50,"turns":8}],"seed_played":"-8629675268171510332","potions_obtained":[{"floor":8,"key":"SkillPotion"},{"floor":11,"key":"Fruit Juice"},{"floor":12,"key":"PowerPotion"},{"floor":16,"key":"Explosive Potion"},{"floor":19,"key":"LiquidBronze"},{"floor":25,"key":"GamblersBrew"},{"floor":27,"key":"GamblersBrew"},{"floor":33,"key":"BloodPotion"},{"floor":35,"key":"AttackPotion"},{"floor":40,"key":"PowerPotion"},{"floor":45,"key":"Dexterity Potion"},{"floor":46,"key":"EntropicBrew"},{"floor":48,"key":"Ancient Potion"}],"is_trial":false,"path_per_floor":["M","$","?","?","M","E","T","M","T","R","M","M","?","?","R","B",null,"M","M","$","M","$","R","M","M","T","E","?","E","M","M","R","B",null,"M","$","?","M","M","E","R","M","T","M","M","M","?","M","R","B",null],"character_chosen":"IRONCLAD","items_purchased":["Shrug It Off","Shrug It Off"],"campfire_rested":1,"item_purchase_floors":[2,22],"current_hp_per_floor":[80,80,64,64,70,76,76,80,80,80,85,83,83,79,79,70,85,85,85,85,78,78,78,75,79,79,71,71,64,54,60,60,39,85,85,85,85,85,66,35,75,71,71,72,62,68,68,74,85,85],"gold":0,"neow_bonus":"THREE_ENEMY_KILL","is_prod":false,"is_daily":false,"chose_seed":false,"campfire_upgraded":5,"win_rate":0,"timestamp":1547521908,"path_taken":["M","$","?","?","M","E","?","?","T","R","M","M","?","?","R","BOSS","M","M","$","M","$","R","M","M","T","E","?","E","M","M","R","BOSS","M","$","?","M","?","E","R","M","T","M","M","M","?","M","R","BOSS"],"build_version":"2019-01-10","purchased_purges":1,"victory":true,"max_hp_per_floor":[80,80,80,80,80,80,80,80,80,80,85,85,85,85,85,85,85,85,85,85,85,85,85,85,85,85,85,85,85,85,85,85,85,85,85,85,85,85,85,85,85,85,85,85,85,85,85,85,85,85],"card_choices":[{"not_picked":["Sword Boomerang","Carnage"],"picked":"Shrug It Off","floor":1},{"not_picked":["Pommel Strike","Clash"],"picked":"Armaments","floor":5},{"not_picked":["Iron Wave","Sword Boomerang"],"picked":"Cleave","floor":6},{"not_picked":["Headbutt","Perfected Strike"],"picked":"Armaments","floor":8},{"not_picked":["Corruption","Twin Strike"],"picked":"Anger","floor":11},{"not_picked":["Sword Boomerang","Impervious","Flame Barrier"],"picked":"SKIP","floor":12},{"not_picked":["Seeing Red","Shrug It Off"],"picked":"Iron Wave","floor":14},{"not_picked":["Feed","Immolate"],"picked":"Barricade","floor":16},{"not_picked":["Iron Wave","Sentinel"],"picked":"Dropkick+1","floor":18},{"not_picked":["Clothesline","Cleave","Feel No Pain"],"picked":"SKIP","floor":19},{"not_picked":["Flex+1","Bloodletting","Heavy Blade"],"picked":"SKIP","floor":21},{"not_picked":["True Grit","Twin Strike+1"],"picked":"Seeing Red+1","floor":24},{"not_picked":["Perfected Strike","Heavy Blade+1"],"picked":"Pommel Strike+1","floor":25},{"not_picked":["Cleave","Carnage"],"picked":"Anger","floor":27},{"not_picked":["Whirlwind+1","Wild Strike","Bloodletting"],"picked":"SKIP","floor":29},{"not_picked":["Uppercut+1","Corruption"],"picked":"Body Slam","floor":30},{"not_picked":["Shockwave","Infernal Blade"],"picked":"Entrench","floor":31},{"not_picked":["Blood for Blood","Perfected Strike","Clothesline+1"],"picked":"SKIP","floor":35},{"not_picked":["Rage+1","Disarm+1"],"picked":"Body Slam+1","floor":38},{"not_picked":["Combust+1","True Grit","Thunderclap"],"picked":"SKIP","floor":39},{"not_picked":["Clash+1","Flex"],"picked":"Armaments","floor":40},{"not_picked":["Pummel+1","Clothesline","Cleave"],"picked":"SKIP","floor":42},{"not_picked":["Evolve+1","Wild Strike","Sever Soul+1"],"picked":"SKIP","floor":44},{"not_picked":["Headbutt","Limit Break","Thunderclap+1"],"picked":"SKIP","floor":45},{"not_picked":["Armaments+1","Havoc","Reckless Charge"],"picked":"SKIP","floor":46},{"not_picked":["Shrug It Off","Sentinel+1"],"picked":"Battle Trance+1","floor":48}],"player_experience":87544,"relics_obtained":[{"floor":6,"key":"Centennial Puzzle"},{"floor":7,"key":"Bag of Preparation"},{"floor":9,"key":"StoneCalendar"},{"floor":14,"key":"Odd Mushroom"},{"floor":26,"key":"Kunai"},{"floor":27,"key":"Charon\u0027s Ashes"},{"floor":29,"key":"Ginger"},{"floor":40,"key":"Mercury Hourglass"},{"floor":43,"key":"Ancient Tea Set"}],"event_choices":[{"damage_healed":0,"gold_gain":0,"player_choice":"Entered Light","damage_taken":16,"max_hp_gain":0,"max_hp_loss":0,"event_name":"Shining Light","floor":3,"gold_loss":0,"cards_upgraded":["Defend_R","Defend_R"]},{"damage_healed":0,"gold_gain":0,"player_choice":"Ignored","damage_taken":0,"max_hp_gain":0,"max_hp_loss":0,"event_name":"Golden Wing","floor":4,"gold_loss":0},{"damage_healed":0,"gold_gain":0,"player_choice":"Leave","damage_taken":0,"max_hp_gain":0,"max_hp_loss":0,"event_name":"The Cleric","floor":13,"gold_loss":0},{"damage_healed":0,"gold_gain":0,"player_choice":"Fought Mushrooms","damage_taken":0,"max_hp_gain":0,"max_hp_loss":0,"event_name":"Mushrooms","floor":14,"gold_loss":0},{"damage_healed":0,"gold_gain":0,"player_choice":"Read","damage_taken":0,"max_hp_gain":0,"max_hp_loss":0,"event_name":"The Library","floor":28,"gold_loss":0,"cards_obtained":["Entrench"]},{"damage_healed":0,"gold_gain":0,"player_choice":"Upgraded","damage_taken":0,"max_hp_gain":0,"max_hp_loss":0,"event_name":"Upgrade Shrine","floor":37,"gold_loss":0,"cards_upgraded":["Entrench"]},{"damage_healed":0,"gold_gain":0,"player_choice":"Paid","damage_taken":0,"relics_obtained":["Red Mask"],"max_hp_gain":0,"max_hp_loss":0,"event_name":"Tomb of Lord Red Mask","floor":47,"gold_loss":147}],"is_beta":false,"boss_relics":[{"not_picked":["Runic Dome","Fusion Hammer"],"picked":"Ectoplasm"},{"not_picked":["Runic Pyramid","Black Blood"],"picked":"Eternal Feather"}],"items_purged_floors":[36],"is_endless":false,"potions_floor_spawned":[8,11,12,16,19,25,27,33,35,40,45,46,48],"ascension_level":0}