{"gold_per_floor":[114,132,307,382,382,382,63,80,80,80],"floor_reached":10,"playtime":751,"items_purged":["Regret"],"score":56,"play_id":"c5294078-4f75-42f2-8118-f26a9c982965","local_time":"20190207052904","is_ascension_mode":false,"campfire_choices":[{"data":"Burst","floor":6,"key":"SMITH"}],"neow_cost":"NONE","seed_source_timestamp":1416243337211946,"circlet_count":0,"master_deck":["Defend_G","Defend_G","Defend_G","Defend_G","Defend_G","Strike_G","Strike_G","Strike_G","Strike_G","Strike_G","Survivor","Neutralize","Burst+1","Outmaneuver","Doubt","Heel Hook"],"relics":["Ring of the Snake","Torii","Kunai","Regal Pillow"],"potions_floor_usage":[10],"damage_taken":[{"damage":1,"enemies":"Jaw Worm","floor":1,"turns":5},{"damage":2,"enemies":"Small Slimes","floor":2,"turns":4},{"damage":1,"enemies":"2 Louse","floor":8,"turns":4},{"damage":92,"enemies":"Gremlin Nob","floor":10,"turns":8}],"seed_played":"5926205873419367116","potions_obtained":[{"floor":1,"key":"Weak Potion"}],"is_trial":false,"path_per_floor":["?","?","?"],"character_chosen":"THE_SILENT","items_purchased":["Kunai"],"campfire_rested":0,"item_purchase_floors":[7],"current_hp_per_floor":[69,67,67,56,56,56,56,55,55,0],"gold":80,"neow_bonus":"ONE_RANDOM_RARE_CARD","is_prod":false,"is_daily":false,"chose_seed":false,"campfire_upgraded":1,"win_rate":0.0,"timestamp":1549513744,"path_taken":["M","M","?","?","?","R","$","M","T","E"],"build_version":"2019-01-23","purchased_purges":1,"victory":false,"max_hp_per_floor":[70,70,70,70,70,70,70,70,70,70],"card_choices":[{"not_picked":["Skewer","Prepared"],"picked":"Outmaneuver","floor":1},{"not_picked":["Sucker Punch","Dodge and Roll","All Out Attack"],"picked":"SKIP","floor":2},{"not_picked":["Predator","Bane"],"picked":"Heel Hook","floor":8}],"player_experience":73829,"relics_obtained":[{"floor":9,"key":"Regal Pillow"}],"event_choices":[{"damage_healed":0,"gold_gain":175,"player_choice":"AGREE","damage_taken":0,"max_hp_gain":0,"max_hp_loss":0,"event_name":"Liars Game","floor":3,"gold_loss":0,"cards_obtained":["Doubt"]},{"damage_healed":0,"gold_gain":75,"player_choice":"Gather Gold","damage_taken":11,"max_hp_gain":0,"max_hp_loss":0,"event_name":"World of Goop","floor":4,"gold_loss":0},{"damage_healed":0,"gold_gain":0,"player_choice":"Box","damage_taken":0,"relics_obtained":["Torii"],"max_hp_gain":0,"max_hp_loss":0,"event_name":"Big Fish","floor":5,"gold_loss":0,"cards_obtained":["Regret"]}],"is_beta":false,"boss_relics":[],"items_purged_floors":[7],"is_endless":false,"potions_floor_spawned":[1],"killed_by":"Gremlin Nob","ascension_level":0}