{"gold_per_floor":[115,133,408,424,599,634,634,634],"floor_reached":8,"playtime":157,"items_purged":[],"score":78,"play_id":"689e5d0f-103f-4c57-b7cb-c19e0ad74c94","local_time":"20181213205543","is_ascension_mode":true,"campfire_choices":[],"neow_cost":"NONE","seed_source_timestamp":443879112636090,"circlet_count":0,"master_deck":["Strike_B","Strike_B","Strike_B","Strike_B","Defend_B","Defend_B","Defend_B","Defend_B","Zap","Dualcast","Rebound","Defragment","Regret","Ball Lightning","Doubt","Rip and Tear"],"relics":["Cracked Core","NeowsBlessing","Vajra","Golden Idol"],"potions_floor_usage":[8,8],"damage_taken":[{"damage":0,"enemies":"Small Slimes","floor":1,"turns":1},{"damage":0,"enemies":"Cultist","floor":2,"turns":1},{"damage":0,"enemies":"2 Louse","floor":4,"turns":1},{"damage":51,"enemies":"Lagavulin","floor":6,"turns":6},{"damage":8,"enemies":"Gremlin Nob","floor":8,"turns":3}],"seed_played":"-145970356436672713","potions_obtained":[{"floor":2,"key":"Weak Potion"},{"floor":6,"key":"LiquidBronze"}],"is_trial":false,"path_per_floor":["M","M","?","M","?","E","?","E"],"character_chosen":"DEFECT","items_purchased":[],"campfire_rested":0,"item_purchase_floors":[],"current_hp_per_floor":[68,68,68,68,68,17,17,9],"gold":634,"neow_bonus":"THREE_ENEMY_KILL","is_prod":false,"is_daily":false,"chose_seed":false,"campfire_upgraded":0,"win_rate":0,"timestamp":1544752543,"path_taken":["M","M","?","?","?","E","?","E"],"build_version":"2018-12-13","purchased_purges":0,"victory":false,"max_hp_per_floor":[75,75,75,75,75,75,69,69],"card_choices":[{"not_picked":["Compile Driver","FTL"],"picked":"Rebound","floor":1},{"not_picked":["Rebound","Turbo"],"picked":"Defragment","floor":2},{"not_picked":["Leap","Doom and Gloom"],"picked":"Ball Lightning","floor":4},{"not_picked":["Rebound","Barrage"],"picked":"Rip and Tear","floor":6}],"player_experience":330758,"relics_obtained":[{"floor":6,"key":"Vajra"}],"event_choices":[{"damage_healed":0,"gold_gain":275,"player_choice":"Desecrate","damage_taken":0,"max_hp_gain":0,"max_hp_loss":0,"event_name":"Golden Shrine","floor":3,"gold_loss":0,"cards_obtained":["Regret"]},{"damage_healed":0,"gold_gain":175,"player_choice":"AGREE","damage_taken":0,"max_hp_gain":0,"max_hp_loss":0,"event_name":"Liars Game","floor":5,"gold_loss":0,"cards_obtained":["Doubt"]},{"damage_healed":0,"gold_gain":0,"player_choice":"Lose Max HP","damage_taken":0,"relics_obtained":["Golden Idol"],"max_hp_gain":0,"max_hp_loss":6,"event_name":"Golden Idol","floor":7,"gold_loss":0}],"is_beta":false,"boss_relics":[],"items_purged_floors":[],"is_endless":false,"potions_floor_spawned":[2,6],"killed_by":"Gremlin Nob","ascension_level":8}