{"gold_per_floor":[14,29,39,59,59,59,59,144,144,161,161,178,253,270,270,368,368,381,381,351,371,390,390,489,489,512,544,294,309,41,60,60,165,165,177,177,177,177,28,28,38,56,80,80,7,7,7],"floor_reached":47,"playtime":2229,"items_purged":["Thunder Strike","Pain"],"score":470,"play_id":"74d1faec-6b52-470e-908d-08bfff4cead0","local_time":"20190202120854","is_ascension_mode":false,"campfire_choices":[{"data":"Magnetism","floor":6,"key":"SMITH"},{"floor":15,"key":"REST"},{"floor":23,"key":"REST"},{"floor":25,"key":"REST"},{"data":"Metamorphosis","floor":32,"key":"SMITH"},{"data":"Fission","floor":40,"key":"SMITH"},{"floor":44,"key":"REST"},{"floor":46,"key":"REST"}],"neow_cost":"NO_GOLD","seed_source_timestamp":838841243253300,"circlet_count":0,"master_deck":["Zap","Dualcast","Magnetism+1","Trip","Beam Cell","Melter","Auto Shields","Melter","Skim","Conserve Battery","Go for the Eyes","Aggregate","Meteor Strike","Heatsinks","Seek","Streamline","All For One","Storm","Leap+1","Conserve Battery+1","Redo","Metamorphosis+1","Undo+1","White Noise","Fission+1","Redo","Steam Power","Glacier+1","Conserve Battery+1","Stack+1","Hologram+1","Conserve Battery"],"relics":["Cracked Core","Tiny Chest","Mercury Hourglass","Pandora\u0027s Box","Lantern","Incense Burner","Lee\u0027s Waffle","Orrery","WarpedTongs","Bag of Preparation"],"potions_floor_usage":[16,16,16,21,22,27,27,27,31,33,47],"damage_taken":[{"damage":1,"enemies":"Cultist","floor":1,"turns":3},{"damage":2,"enemies":"Small Slimes","floor":2,"turns":3},{"damage":2,"enemies":"2 Louse","floor":3,"turns":2},{"damage":10,"enemies":"Looter","floor":4,"turns":3},{"damage":5,"enemies":"Gremlin Nob","floor":8,"turns":3},{"damage":7,"enemies":"Lots of Slimes","floor":10,"turns":3},{"damage":7,"enemies":"Blue Slaver","floor":12,"turns":3},{"damage":2,"enemies":"2 Fungi Beasts","floor":14,"turns":3},{"damage":3,"enemies":"Slime Boss","floor":16,"turns":6},{"damage":20,"enemies":"Chosen","floor":18,"turns":5},{"damage":11,"enemies":"Shell Parasite","floor":21,"turns":4},{"damage":0,"enemies":"Centurion and Healer","floor":22,"turns":6},{"damage":22,"enemies":"Slavers","floor":27,"turns":5},{"damage":20,"enemies":"Snake Plant","floor":29,"turns":5},{"damage":5,"enemies":"Shelled Parasite and Fungi","floor":31,"turns":5},{"damage":16,"enemies":"Automaton","floor":33,"turns":9},{"damage":4,"enemies":"3 Shapes","floor":35,"turns":5},{"damage":21,"enemies":"3 Darklings","floor":41,"turns":6},{"damage":41,"enemies":"Spire Growth","floor":42,"turns":4},{"damage":74,"enemies":"Reptomancer","floor":47,"turns":6}],"seed_played":"4183565167671387453","potions_obtained":[{"floor":2,"key":"SkillPotion"},{"floor":4,"key":"GamblersBrew"},{"floor":8,"key":"GamblersBrew"},{"floor":10,"key":"PowerPotion"},{"floor":16,"key":"AttackPotion"},{"floor":20,"key":"Regen Potion"},{"floor":20,"key":"SkillPotion"},{"floor":21,"key":"FearPotion"},{"floor":22,"key":"Energy Potion"},{"floor":29,"key":"Energy Potion"},{"floor":33,"key":"FearPotion"},{"floor":41,"key":"AttackPotion"}],"is_trial":false,"path_per_floor":["M","M","M","M","?","R","$","E","T","M","?","M","?","M","R","B",null,"M","?","?","M","M","R","?","R","T","E","$","M","$","M","R","B",null,"M","?","?","?","$","R","M","M","T","R","$","R","E"],"character_chosen":"DEFECT","items_purchased":["Metamorphosis","Lee\u0027s Waffle","LiquidBronze","Strength Potion","FocusPotion"],"campfire_rested":5,"item_purchase_floors":[28,30,30,39,45],"current_hp_per_floor":[74,72,70,60,60,60,60,55,55,48,48,41,41,39,61,58,75,55,41,41,30,30,54,54,78,78,56,56,36,87,82,82,66,87,83,83,83,83,83,83,62,21,21,47,47,73,0],"gold":7,"neow_bonus":"RANDOM_COLORLESS_2","is_prod":false,"is_daily":false,"chose_seed":false,"campfire_upgraded":3,"win_rate":0.0,"timestamp":1549138134,"path_taken":["M","?","M","M","?","R","$","E","T","M","?","?","?","M","R","BOSS","M","?","?","?","M","R","?","R","T","E","$","M","$","M","R","BOSS","M","?","?","?","$","R","?","M","T","R","?","R","E"],"build_version":"2019-01-23","purchased_purges":2,"victory":false,"max_hp_per_floor":[75,75,75,75,75,75,75,75,75,75,75,75,75,75,75,75,75,75,80,80,80,80,80,80,80,80,80,80,80,87,87,87,87,87,87,87,87,87,87,87,87,87,87,87,87,87,87],"card_choices":[{"not_picked":["Stack","Hologram"],"picked":"Beam Cell","floor":1},{"not_picked":["Blizzard","Barrage"],"picked":"Melter","floor":2},{"not_picked":["Fusion","Genetic Algorithm"],"picked":"Storm","floor":3},{"not_picked":["Redo","Streamline"],"picked":"Auto Shields","floor":4},{"not_picked":["All For One","Cold Snap"],"picked":"Skim","floor":8},{"not_picked":["Double Energy","Turbo"],"picked":"Conserve Battery","floor":10},{"not_picked":["Scrape","Beam Cell"],"picked":"Go for the Eyes","floor":12},{"not_picked":["Compile Driver","Sweeping Beam"],"picked":"Aggregate","floor":14},{"not_picked":["Reboot","Rainbow"],"picked":"Meteor Strike","floor":16},{"not_picked":["Ball Lightning","Steam+1"],"picked":"Leap+1","floor":18},{"not_picked":["Gash+1","Compile Driver","Lockon"],"picked":"SKIP","floor":21},{"not_picked":["Darkness","Reinforced Body"],"picked":"Conserve Battery+1","floor":22},{"not_picked":["Defragment","Cold Snap"],"picked":"Redo","floor":27},{"not_picked":["Leap+1","Steam"],"picked":"Undo+1","floor":29},{"not_picked":["Rip and Tear","Cold Snap"],"picked":"White Noise","floor":31},{"not_picked":["Amplify","Biased Cognition"],"picked":"Fission","floor":33},{"not_picked":["Compile Driver+1","Cold Snap+1"],"picked":"Redo","floor":34},{"not_picked":["Conserve Battery","Compile Driver"],"picked":"Steam Power","floor":34},{"not_picked":["Doom and Gloom","Ball Lightning+1"],"picked":"Glacier+1","floor":34},{"not_picked":["Sunder","Leap"],"picked":"Conserve Battery+1","floor":34},{"not_picked":["Lockon+1","Melter+1"],"picked":"Stack+1","floor":34},{"not_picked":["Rip and Tear+1","Sunder+1","Heatsinks+1"],"picked":"SKIP","floor":35},{"not_picked":["Steam","Rebound+1"],"picked":"Hologram+1","floor":41},{"not_picked":["Lockon","Storm+1"],"picked":"Conserve Battery","floor":42}],"player_experience":89629,"relics_obtained":[{"floor":8,"key":"Tiny Chest"},{"floor":9,"key":"Mercury Hourglass"},{"floor":26,"key":"Lantern"},{"floor":27,"key":"Incense Burner"},{"floor":43,"key":"Bag of Preparation"}],"event_choices":[{"damage_healed":0,"gold_gain":0,"cards_transformed":["Strike_B"],"player_choice":"Change","damage_taken":0,"max_hp_gain":0,"max_hp_loss":0,"event_name":"Living Wall","floor":5,"gold_loss":0,"cards_obtained":["Melter"]},{"cards_removed":["Strike_B"],"damage_healed":0,"gold_gain":0,"player_choice":"Offered Basic","damage_taken":0,"max_hp_gain":0,"max_hp_loss":0,"event_name":"Bonfire Elementals","floor":11,"gold_loss":0},{"damage_healed":0,"gold_gain":75,"player_choice":"Gained Gold","damage_taken":0,"max_hp_gain":0,"max_hp_loss":0,"event_name":"Golden Wing","floor":13,"gold_loss":0},{"damage_healed":0,"gold_gain":0,"player_choice":"Shed Blood","damage_taken":19,"max_hp_gain":5,"max_hp_loss":0,"event_name":"Forgotten Altar","floor":19,"gold_loss":0},{"damage_healed":0,"gold_gain":0,"player_choice":"Bought 2 Potions","damage_taken":0,"max_hp_gain":0,"max_hp_loss":0,"event_name":"The Woman in Blue","floor":20,"gold_loss":0},{"damage_healed":0,"gold_gain":99,"player_choice":"Stole From Cult","damage_taken":0,"max_hp_gain":0,"max_hp_loss":0,"event_name":"Nest","floor":24,"gold_loss":0},{"damage_healed":0,"gold_gain":0,"player_choice":"Ignored","damage_taken":0,"max_hp_gain":0,"max_hp_loss":0,"event_name":"Tomb of Lord Red Mask","floor":36,"gold_loss":0},{"cards_removed":["Storm"],"damage_healed":0,"gold_gain":0,"player_choice":"Removed Power","damage_taken":0,"max_hp_gain":0,"max_hp_loss":0,"event_name":"Falling","floor":37,"gold_loss":0},{"damage_healed":0,"gold_gain":0,"player_choice":"Rummage","damage_taken":0,"relics_obtained":["WarpedTongs"],"max_hp_gain":0,"max_hp_loss":0,"event_name":"Accursed Blacksmith","floor":38,"gold_loss":0,"cards_obtained":["Pain"]}],"is_beta":false,"boss_relics":[{"not_picked":["Eternal Feather","Inserter"],"picked":"Pandora\u0027s Box"},{"not_picked":["Cursed Key","Sozu"],"picked":"Orrery"}],"items_purged_floors":[28,39],"is_endless":false,"potions_floor_spawned":[2,4,8,10,16,21,22,29,33,41],"killed_by":"Reptomancer","ascension_level":0}