{"gold_per_floor":[119,138,138,138,152,183,183,183],"floor_reached":8,"playtime":143,"items_purged":[],"score":101,"play_id":"76654008-0413-47a8-9ff8-078b50241422","local_time":"20181230165555","is_ascension_mode":true,"campfire_choices":[{"data":"Sunder","floor":7,"key":"SMITH"}],"neow_cost":"TEN_PERCENT_HP_LOSS","seed_source_timestamp":256620041049189,"circlet_count":0,"master_deck":["AscendersBane","Strike_B","Strike_B","Strike_B","Defend_B","Defend_B","Defend_B","Defend_B","Zap","Dualcast","Core Surge","Streamline","Ball Lightning","Recycle","Sunder+1","Go for the Eyes"],"relics":["Cracked Core","Shuriken"],"potions_floor_usage":[],"damage_taken":[{"damage":12,"enemies":"Jaw Worm","floor":1,"turns":3},{"damage":10,"enemies":"Small Slimes","floor":2,"turns":3},{"damage":0,"enemies":"Cultist","floor":5,"turns":2},{"damage":28,"enemies":"Gremlin Nob","floor":6,"turns":4},{"damage":5,"enemies":"3 Sentries","floor":8,"turns":2}],"seed_played":"6139012720991366410","potions_obtained":[{"floor":2,"key":"FearPotion"}],"is_trial":false,"path_per_floor":["M","M","?","?","M","E","R","E"],"character_chosen":"DEFECT","items_purchased":[],"campfire_rested":0,"item_purchase_floors":[],"current_hp_per_floor":[52,42,47,47,47,19,19,14],"gold":183,"neow_bonus":"THREE_RARE_CARDS","is_prod":false,"is_daily":false,"chose_seed":false,"campfire_upgraded":1,"win_rate":0,"timestamp":1546206955,"path_taken":["M","M","?","?","M","E","R","E"],"build_version":"2018-12-20","purchased_purges":0,"victory":false,"max_hp_per_floor":[64,64,69,69,69,69,69,69],"card_choices":[{"not_picked":["Rainbow","Multi-Cast"],"picked":"Core Surge","floor":0},{"not_picked":["Barrage","Hello World"],"picked":"Streamline","floor":1},{"not_picked":["Streamline","Steam"],"picked":"Ball Lightning","floor":2},{"not_picked":["Lockon","White Noise"],"picked":"Sunder","floor":5},{"not_picked":["Meteor Strike","Darkness"],"picked":"Go for the Eyes","floor":6}],"player_experience":455258,"relics_obtained":[{"floor":6,"key":"Shuriken"}],"event_choices":[{"damage_healed":0,"gold_gain":0,"player_choice":"Donut","damage_taken":0,"max_hp_gain":5,"max_hp_loss":0,"event_name":"Big Fish","floor":3,"gold_loss":0},{"damage_healed":0,"gold_gain":0,"cards_transformed":["Strike_B"],"player_choice":"Transformed","damage_taken":0,"max_hp_gain":0,"max_hp_loss":0,"event_name":"Transmorgrifier","floor":4,"gold_loss":0,"cards_obtained":["Recycle"]}],"is_beta":false,"boss_relics":[],"items_purged_floors":[],"is_endless":false,"potions_floor_spawned":[2],"killed_by":"3 Sentries","ascension_level":16}