{"gold_per_floor":[116,116,128,128,146,146,178,193,193,268,268,41,52,68,68,141,141,155,155,70,98,98,98,125,125,125,135,153,48,62,97,97,168,168,183,59,59,76,87,87,105,121,121,132,32,32,32,44,44,44],"floor_reached":51,"playtime":3800,"items_purged":["Strike_B","Parasite"],"score":1086,"play_id":"c1182c02-a93c-42a3-b49f-a5403df87698","local_time":"20190124002232","is_ascension_mode":true,"campfire_choices":[{"data":"Sunder","floor":6,"key":"SMITH"},{"floor":15,"key":"REST"},{"floor":23,"key":"REST"},{"data":"Zap","floor":25,"key":"SMITH"},{"floor":32,"key":"REST"},{"data":"Go for the Eyes","floor":40,"key":"SMITH"},{"floor":46,"key":"REST"},{"data":"Dualcast","floor":49,"key":"SMITH"}],"neow_cost":"PERCENT_DAMAGE","seed_source_timestamp":1282346120005098,"circlet_count":0,"master_deck":["AscendersBane","Strike_B","Strike_B","Strike_B","Defend_B","Defend_B","Defend_B","Defend_B","Zap+1","Dualcast+1","Compile Driver","Sweeping Beam","Sunder+1","Auto Shields","Leap","Electrodynamics","Glacier","Conserve Battery","Seek","Melter","Ball Lightning","Conserve Battery+1","Hologram","Stack+1","Go for the Eyes+1","Loop","Writhe"],"relics":["Cracked Core","Thread and Needle","Lantern","Sundial","Busted Crown","Enchiridion","Letter Opener","Red Mask","Kunai","Pocketwatch","PreservedInsect","Velvet Choker","Meat on the Bone","Mummified Hand"],"potions_floor_usage":[16,16,33,50,50],"damage_taken":[{"damage":3,"enemies":"Jaw Worm","floor":1,"turns":3},{"damage":0,"enemies":"Small Slimes","floor":3,"turns":3},{"damage":0,"enemies":"2 Louse","floor":5,"turns":3},{"damage":27,"enemies":"3 Sentries","floor":7,"turns":6},{"damage":0,"enemies":"Blue Slaver","floor":8,"turns":3},{"damage":0,"enemies":"3 Louse","floor":13,"turns":1},{"damage":0,"enemies":"Large Slime","floor":14,"turns":6},{"damage":14,"enemies":"Slime Boss","floor":16,"turns":9},{"damage":1,"enemies":"Shell Parasite","floor":18,"turns":8},{"damage":9,"enemies":"Masked Bandits","floor":21,"turns":3},{"damage":10,"enemies":"Slavers","floor":24,"turns":3},{"damage":0,"enemies":"Chosen","floor":27,"turns":4},{"damage":0,"enemies":"Snecko","floor":28,"turns":4},{"damage":0,"enemies":"3 Cultists","floor":30,"turns":3},{"damage":3,"enemies":"Gremlin Leader","floor":31,"turns":5},{"damage":7,"enemies":"Collector","floor":33,"turns":9},{"damage":0,"enemies":"Orb Walker","floor":35,"turns":3},{"damage":0,"enemies":"3 Shapes","floor":38,"turns":2},{"damage":25,"enemies":"3 Darklings","floor":39,"turns":3},{"damage":11,"enemies":"Transient","floor":41,"turns":5},{"damage":6,"enemies":"Writhing Mass","floor":42,"turns":8},{"damage":20,"enemies":"Spire Growth","floor":44,"turns":6},{"damage":7,"enemies":"Transient","floor":48,"turns":5},{"damage":52,"enemies":"Time Eater","floor":50,"turns":16}],"seed_played":"-9072441836983011460","potions_obtained":[{"floor":3,"key":"FocusPotion"},{"floor":5,"key":"Strength Potion"},{"floor":24,"key":"SteroidPotion"},{"floor":27,"key":"LiquidBronze"},{"floor":30,"key":"FocusPotion"},{"floor":33,"key":"Energy Potion"}],"is_trial":false,"path_per_floor":["M","?","M","?","M","R","E","M","T","?","$","$","M","M","R","B",null,"M","?","?","?","$","R","E","R","T","M","M","$","M","E","R","B",null,"M","$","?","M","M","R","M","M","T","M","$","R","?","M","R","B",null],"character_chosen":"DEFECT","items_purchased":["Electrodynamics","Glacier","FocusPotion","Hologram","Go for the Eyes","FocusPotion"],"campfire_rested":4,"item_purchase_floors":[12,12,29,29,36,36],"current_hp_per_floor":[43,43,43,66,66,66,39,39,39,28,28,28,28,28,49,35,62,61,45,45,36,36,57,47,47,47,47,47,47,47,44,65,58,68,68,68,68,68,43,43,44,38,38,30,30,50,67,60,60,20],"gold":44,"neow_bonus":"ONE_RARE_RELIC","is_prod":false,"is_daily":false,"chose_seed":false,"campfire_upgraded":4,"win_rate":0,"timestamp":1548307352,"path_taken":["M","?","M","?","M","R","E","M","T","?","?","$","M","M","R","BOSS","M","?","?","?","$","R","E","R","T","M","M","$","M","E","R","BOSS","M","$","?","M","?","R","M","M","T","M","$","R","?","M","R","BOSS"],"build_version":"2019-01-23","purchased_purges":2,"victory":true,"max_hp_per_floor":[71,71,71,71,71,71,71,71,71,71,71,71,71,71,71,71,71,71,71,71,71,71,71,71,71,71,71,71,71,71,71,71,71,71,71,71,71,71,71,71,71,71,71,71,68,68,68,68,68,68],"card_choices":[{"not_picked":["Redo","Go for the Eyes"],"picked":"Compile Driver","floor":1},{"not_picked":["Coolheaded","White Noise"],"picked":"Sweeping Beam","floor":3},{"not_picked":["Redo","Blizzard"],"picked":"Sunder","floor":5},{"not_picked":["Thunder Strike","Compile Driver"],"picked":"Auto Shields","floor":7},{"not_picked":["Gash","Compile Driver"],"picked":"Leap","floor":8},{"not_picked":["Beam Cell","Rebound","Hello World"],"picked":"SKIP","floor":13},{"not_picked":["Streamline","Lockon"],"picked":"Conserve Battery","floor":14},{"not_picked":["Thunder Strike","Core Surge"],"picked":"Seek","floor":16},{"not_picked":["Gash"],"picked":"SKIP","floor":18},{"not_picked":[],"picked":"Melter","floor":24},{"not_picked":[],"picked":"Ball Lightning","floor":27},{"not_picked":[],"picked":"Conserve Battery+1","floor":28},{"not_picked":[],"picked":"Gash","floor":30},{"not_picked":[],"picked":"Stack+1","floor":31},{"not_picked":["Gash+1"],"picked":"SKIP","floor":35},{"not_picked":["Aggregate+1"],"picked":"SKIP","floor":38},{"not_picked":["Genetic Algorithm"],"picked":"SKIP","floor":39},{"not_picked":["Barrage"],"picked":"SKIP","floor":41},{"not_picked":["Gash"],"picked":"SKIP","floor":42},{"not_picked":[],"picked":"Loop","floor":44},{"not_picked":["Beam Cell+1"],"picked":"SKIP","floor":48}],"player_experience":374269,"relics_obtained":[{"floor":7,"key":"Lantern"},{"floor":9,"key":"Sundial"},{"floor":19,"key":"Enchiridion"},{"floor":21,"key":"Red Mask"},{"floor":24,"key":"Kunai"},{"floor":26,"key":"Pocketwatch"},{"floor":31,"key":"PreservedInsect"},{"floor":43,"key":"Mummified Hand"}],"event_choices":[{"damage_healed":0,"gold_gain":0,"player_choice":"Ignored","damage_taken":0,"max_hp_gain":0,"max_hp_loss":0,"event_name":"Golden Idol","floor":2,"gold_loss":0},{"damage_healed":23,"gold_gain":0,"player_choice":"Banana","damage_taken":0,"max_hp_gain":0,"max_hp_loss":0,"event_name":"Big Fish","floor":4,"gold_loss":0},{"damage_healed":0,"gold_gain":75,"player_choice":"Gather Gold","damage_taken":11,"max_hp_gain":0,"max_hp_loss":0,"event_name":"World of Goop","floor":10,"gold_loss":0},{"damage_healed":0,"gold_gain":0,"player_choice":"Obtained Book","damage_taken":16,"max_hp_gain":0,"max_hp_loss":0,"event_name":"Cursed Tome","floor":19,"gold_loss":0},{"damage_healed":0,"gold_gain":0,"player_choice":"Obtained Relic","damage_taken":0,"relics_obtained":["Letter Opener"],"max_hp_gain":0,"max_hp_loss":0,"event_name":"Addict","floor":20,"gold_loss":85},{"damage_healed":0,"gold_gain":0,"player_choice":"Fought Bandits","damage_taken":0,"max_hp_gain":0,"max_hp_loss":0,"event_name":"Masked Bandits","floor":21,"gold_loss":0},{"cards_removed":["Gash"],"damage_healed":0,"gold_gain":0,"player_choice":"Gave Card","damage_taken":0,"relics_obtained":["Meat on the Bone"],"max_hp_gain":0,"max_hp_loss":0,"event_name":"WeMeetAgain","floor":37,"gold_loss":0},{"damage_healed":17,"gold_gain":0,"player_choice":"Writhe","damage_taken":0,"max_hp_gain":0,"max_hp_loss":0,"event_name":"Winding Halls","floor":47,"gold_loss":0,"cards_obtained":["Writhe"]}],"is_beta":false,"boss_relics":[{"not_picked":["Runic Pyramid","Calling Bell"],"picked":"Busted Crown"},{"not_picked":["Eternal Feather","Black Star"],"picked":"Velvet Choker"}],"items_purged_floors":[12,45],"is_endless":false,"potions_floor_spawned":[3,5,8,14,24,27,30,33,41,42,48],"ascension_level":14}