{"gold_per_floor":[16,34,34,44,44,44,70,70,122,138,163,174,174,188,188,293,293,305,305,305,317,330,330,361,361,386,405,48,63,75,94,94,193,193,204,204,204,104,124,144,173,183,210,210,229,229,256,256,256,256],"floor_reached":50,"playtime":4836,"items_purged":["Strike_B","Defend_B"],"score":615,"play_id":"4bca3ab0-1f12-4980-b823-98fb8f9c7580","local_time":"20181008142539","is_ascension_mode":true,"campfire_choices":[{"data":"White Noise","floor":6.0,"key":"SMITH"},{"floor":15.0,"key":"REST"},{"floor":23.0,"key":"REST"},{"floor":32,"key":"REST"},{"floor":46,"key":"REST"},{"floor":49,"key":"REST"}],"neow_cost":"NO_GOLD","seed_source_timestamp":0,"circlet_count":0,"master_deck":["Defend_B+1","Zap+1","Dualcast","Sweeping Beam","Chaos+1","White Noise+1","Compile Driver","Gash","Ball Lightning","Consume+1","Self Repair","Aggregate+1","RitualDagger","Skim+1","Static Discharge+1","Storm","Ball Lightning","Aggregate","Sunder+1","Scrape+1","Conserve Battery","Electrodynamics","Beam Cell+1","Madness","Madness","Coolheaded+1","Aggregate+1","Electrodynamics","Sweeping Beam+1","FTL","Cold Snap","Coolheaded"],"special_seed":0,"relics":["Cracked Core","Pen Nib","Strawberry","Ancient Tea Set","FossilizedHelix","Empty Cage","Enchiridion","Juzu Bracelet","Anchor","War Paint","Sozu","Centennial Puzzle","Lantern","Mango","Blue Candle"],"potions_floor_usage":[27,30,45,45],"damage_taken":[{"damage":10.0,"enemies":"2 Louse","floor":1.0,"turns":3.0},{"damage":0.0,"enemies":"Small Slimes","floor":2.0,"turns":2.0},{"damage":0.0,"enemies":"Cultist","floor":4.0,"turns":2.0},{"damage":6.0,"enemies":"Gremlin Nob","floor":7.0,"turns":3.0},{"damage":0.0,"enemies":"Exordium Thugs","floor":10.0,"turns":4.0},{"damage":18.0,"enemies":"Lagavulin","floor":11.0,"turns":3.0},{"damage":3.0,"enemies":"2 Fungi Beasts","floor":12.0,"turns":3.0},{"damage":0.0,"enemies":"Looter","floor":14.0,"turns":2.0},{"damage":33.0,"enemies":"The Guardian","floor":16.0,"turns":9.0},{"damage":23.0,"enemies":"Shell Parasite","floor":18.0,"turns":5.0},{"damage":12.0,"enemies":"2 Thieves","floor":21.0,"turns":3.0},{"damage":7.0,"enemies":"Cultist and Chosen","floor":22.0,"turns":3.0},{"damage":26.0,"enemies":"Book of Stabbing","floor":24.0,"turns":4.0},{"damage":18,"enemies":"Snecko","floor":27,"turns":4},{"damage":20,"enemies":"Shelled Parasite and Fungi","floor":29,"turns":3},{"damage":16,"enemies":"3 Cultists","floor":30,"turns":4},{"damage":0,"enemies":"Sentry and Sphere","floor":31,"turns":3},{"damage":67,"enemies":"Champ","floor":33,"turns":10},{"damage":6,"enemies":"3 Shapes","floor":35,"turns":3},{"damage":19,"enemies":"3 Darklings","floor":39,"turns":4},{"damage":14,"enemies":"Reptomancer","floor":40,"turns":4},{"damage":20,"enemies":"2 Orb Walkers","floor":41,"turns":4},{"damage":16,"enemies":"Spire Growth","floor":42,"turns":4},{"damage":8,"enemies":"Mind Bloom Boss Battle","floor":44,"turns":3},{"damage":21,"enemies":"Sphere and 2 Shapes","floor":45,"turns":3},{"damage":29,"enemies":"Giant Head","floor":47,"turns":7},{"damage":72,"enemies":"Time Eater","floor":50,"turns":5}],"seed_played":"-7125359111580897855","potions_obtained":[{"floor":1.0,"key":"Swift Potion"},{"floor":4.0,"key":"Swift Potion"},{"floor":10.0,"key":"Energy Potion"},{"floor":11.0,"key":"Block Potion"},{"floor":18.0,"key":"SkillPotion"},{"floor":22.0,"key":"SteroidPotion"},{"floor":24,"key":"SteroidPotion"},{"floor":29,"key":"Fire Potion"},{"floor":33,"key":"SteroidPotion"}],"is_trial":false,"path_per_floor":["M","M","?","M","$","R","E","?","T","M","E","M","?","M","R","B",null,"M","?","?","M","M","R","E","?","T","M","$","M","M","M","R","B",null,"M","?","?","$","M","M","E","M","T","?","M","R","E","?","R"],"character_chosen":"DEFECT","items_purchased":["War Paint","Ball Lightning","Aggregate"],"campfire_rested":5,"item_purchase_floors":[28,28,28],"current_hp_per_floor":[65,65,50,50,50,50,44,49,56,56,38,35,35,35,61,35,87,71,55,49,44,37,63,44,87,87,69,69,56,47,47,73,13,87,81,81,70,70,58,44,31,22,22,28,7,37,15,15,45,0],"gold":256,"neow_bonus":"REMOVE_TWO","is_prod":false,"is_daily":false,"chose_seed":false,"campfire_upgraded":1,"win_rate":0,"timestamp":1539023139,"path_taken":["M","M","?","M","?","R","E","?","T","?","E","M","?","M","R","BOSS","M","?","?","M","M","R","E","?","T","M","$","M","M","M","R","BOSS","M","?","?","$","M","M","E","M","T","?","M","R","E","?","R","BOSS"],"build_version":"2018-10-04v2","purchased_purges":2,"victory":false,"max_hp_per_floor":[75,75,75,75,75,75,75,80,87,87,87,87,87,87,87,87,87,87,87,87,87,87,87,87,87,87,87,87,87,87,87,87,87,87,87,87,87,87,87,87,87,87,87,101,101,101,101,101,101,101],"card_choices":[{"not_picked":["Sunder","Leap"],"picked":"Sweeping Beam","floor":1.0},{"not_picked":["Sweeping Beam","Reinforced Body"],"picked":"Chaos","floor":2.0},{"not_picked":["Consume","Blizzard"],"picked":"White Noise","floor":4.0},{"not_picked":["Beam Cell","Meteor Strike"],"picked":"Compile Driver","floor":7.0},{"not_picked":["Doom and Gloom","Redo"],"picked":"Gash","floor":10.0},{"not_picked":["Hologram","Doom and Gloom"],"picked":"Ball Lightning","floor":11.0},{"not_picked":["Creative AI","Cold Snap"],"picked":"Consume","floor":12.0},{"not_picked":["Beam Cell","Go for the Eyes"],"picked":"Self Repair","floor":14.0},{"not_picked":["Reinforced Body","Scrape+1"],"picked":"Aggregate+1","floor":18.0},{"not_picked":["Capacitor","Stack+1"],"picked":"Skim+1","floor":21.0},{"not_picked":["Fusion","Consume"],"picked":"Static Discharge","floor":22.0},{"not_picked":["Leap","Gash"],"picked":"Storm","floor":24},{"not_picked":["Blizzard","Lockon","Reinforced Body"],"picked":"SKIP","floor":27},{"not_picked":["Auto Shields","Fusion"],"picked":"Sunder+1","floor":29},{"not_picked":["Gash","Hologram"],"picked":"Scrape+1","floor":30},{"not_picked":["Genetic Algorithm","Barrage"],"picked":"Conserve Battery","floor":31},{"not_picked":["Machine Learning","Core Surge"],"picked":"Electrodynamics","floor":33},{"not_picked":["Rebound","Compile Driver+1"],"picked":"Beam Cell+1","floor":35},{"not_picked":["Compile Driver","Beam Cell+1"],"picked":"Coolheaded+1","floor":39},{"not_picked":["Redo","Reinforced Body+1"],"picked":"Aggregate+1","floor":40},{"not_picked":["Coolheaded","Ball Lightning"],"picked":"Electrodynamics","floor":41},{"not_picked":["Blizzard+1","Reinforced Body"],"picked":"Sweeping Beam+1","floor":42},{"not_picked":["Recycle","Redo"],"picked":"FTL","floor":44},{"not_picked":["Coolheaded+1","Genetic Algorithm"],"picked":"Cold Snap","floor":45},{"not_picked":["Ball Lightning","Sweeping Beam+1","Leap+1"],"picked":"SKIP","floor":47}],"player_experience":194037,"relics_obtained":[{"floor":7.0,"key":"Pen Nib"},{"floor":9.0,"key":"Strawberry"},{"floor":11.0,"key":"Ancient Tea Set"},{"floor":19.0,"key":"Enchiridion"},{"floor":24,"key":"Juzu Bracelet"},{"floor":26,"key":"Anchor"},{"floor":41,"key":"Centennial Puzzle"},{"floor":43,"key":"Lantern"},{"floor":44,"key":"Mango"},{"floor":47,"key":"Blue Candle"}],"event_choices":[{"event_name":"Shining Light","player_choice":"Entered Light","floor":3.0,"damage_taken":0.0},{"event_name":"Big Fish","player_choice":"Donut","floor":8.0,"damage_taken":0.0},{"event_name":"Dead Adventurer","player_choice":"Searched \u00271\u0027 times","floor":13.0,"damage_taken":0.0},{"event_name":"Cursed Tome","player_choice":"Obtained Book","floor":19.0,"damage_taken":0.0},{"event_name":"Nest","player_choice":"Joined the Cult","floor":20.0,"damage_taken":0.0},{"event_name":"Wheel of Change","player_choice":"Full Heal","floor":25,"damage_taken":0},{"event_name":"Upgrade Shrine","player_choice":"Upgraded","floor":36,"damage_taken":0},{"event_name":"Winding Halls","player_choice":"Embrace Madness","floor":37,"damage_taken":0},{"event_name":"MindBloom","player_choice":"Fight","floor":44,"damage_taken":0},{"event_name":"Transmorgrifier","player_choice":"Transform","floor":48,"damage_taken":0}],"is_beta":false,"boss_relics":[{"not_picked":["Orrery","Lizard Tail"],"picked":"Empty Cage"},{"not_picked":["Coffee Dripper","Calling Bell"],"picked":"Sozu"}],"items_purged_floors":[28,38],"is_endless":false,"potions_floor_spawned":[1,4,10,11,18,22,24,29,33,35,40,41,42,45],"killed_by":"Time Eater","ascension_level":2}