{"gold_per_floor":[17,33,47,65,82,82,257,273,273,24,24,43,6,6,6,101,101,121,133,133,58,72,72,72,86,86,86,41,140,140,158,158,263,263,274,274,44,90,190,190,200,200],"floor_reached":42,"playtime":1882,"items_purged":["Strike_B","Strike_B"],"score":451,"play_id":"29657819-a772-4a4a-acfe-948586ca26fb","local_time":"20181118135248","is_ascension_mode":true,"campfire_choices":[{"data":"Static Discharge","floor":6,"key":"SMITH"},{"floor":11,"key":"REST"},{"floor":15,"key":"REST"},{"floor":23,"key":"REST"},{"floor":32,"key":"REST"},{"floor":40,"key":"REST"}],"neow_cost":"NO_GOLD","seed_source_timestamp":336211432414476,"circlet_count":0,"master_deck":["Strike_B","Strike_B","Defend_B","Defend_B","Defend_B","Zap","Dualcast","Ball Lightning","Defragment","Ball Lightning","Static Discharge+1","Coolheaded","Steam","Hologram+1","Static Discharge+1","Thunder Strike","Turbo+1","Steam+1","Defragment+1","White Noise+1","Redo+1","Conserve Battery+1","Echo Form+1","Conserve Battery+1","Storm+1","Stack+1","Leap+1","Chaos+1","Chill+1"],"relics":["Cracked Core","Incense Burner","Toxic Egg 2","Frozen Egg 2","PreservedInsect","Inserter","Spirit Poop","Mango","Fusion Hammer","Dead Branch","Girya"],"potions_floor_usage":[25,33,42],"damage_taken":[{"damage":1,"enemies":"Cultist","floor":1,"turns":3},{"damage":2,"enemies":"2 Louse","floor":2,"turns":3},{"damage":2,"enemies":"Jaw Worm","floor":3,"turns":3},{"damage":15,"enemies":"Exordium Wildlife","floor":4,"turns":4},{"damage":26,"enemies":"Exordium Thugs","floor":5,"turns":4},{"damage":10,"enemies":"Looter","floor":8,"turns":3},{"damage":16,"enemies":"Blue Slaver","floor":12,"turns":2},{"damage":30,"enemies":"Slime Boss","floor":16,"turns":5},{"damage":9,"enemies":"3 Byrds","floor":18,"turns":3},{"damage":30,"enemies":"2 Thieves","floor":19,"turns":3},{"damage":23,"enemies":"Sentry and Sphere","floor":22,"turns":4},{"damage":25,"enemies":"Snake Plant","floor":25,"turns":4},{"damage":5,"enemies":"Chosen and Byrds","floor":31,"turns":4},{"damage":40,"enemies":"Collector","floor":33,"turns":8},{"damage":0,"enemies":"3 Shapes","floor":35,"turns":4},{"damage":72,"enemies":"2 Orb Walkers","floor":38,"turns":4},{"damage":0,"enemies":"Mind Bloom Boss Battle","floor":39,"turns":5},{"damage":37,"enemies":"3 Darklings","floor":41,"turns":3},{"damage":8,"enemies":"Writhing Mass","floor":42,"turns":1}],"seed_played":"7345304690913740549","potions_obtained":[{"floor":4,"key":"Strength Potion"},{"floor":5,"key":"Poison Potion"},{"floor":8,"key":"Poison Potion"},{"floor":12,"key":"SteroidPotion"},{"floor":31,"key":"Weak Potion"},{"floor":33,"key":"PowerPotion"}],"is_trial":false,"path_per_floor":["M","M","M","M","M","R","?","M","T","$","R","M","$","T","R","B",null,"M","M","?","$","M","R","?","M","T","$","$","?","T","M","R","B",null,"M","?","$","?","?","R","M","M"],"character_chosen":"DEFECT","items_purchased":["Frozen Egg 2","Static Discharge+1","Redo+1","Storm+1","Stack+1"],"campfire_rested":5,"item_purchase_floors":[10,13,28,37,37],"current_hp_per_floor":[74,72,70,55,29,29,29,19,19,19,41,25,25,25,47,17,75,66,36,36,36,13,35,35,10,10,10,10,10,24,19,45,5,89,89,89,89,17,17,43,6,0],"gold":200,"neow_bonus":"ONE_RARE_RELIC","is_prod":false,"is_daily":false,"chose_seed":false,"campfire_upgraded":1,"win_rate":0,"timestamp":1542567168,"path_taken":["M","?","?","?","M","R","?","M","T","$","R","M","?","?","R","BOSS","M","M","?","?","M","R","?","M","T","?","$","?","?","M","R","BOSS","M","?","$","?","?","R","?","M"],"build_version":"2018-11-15","purchased_purges":2,"victory":false,"max_hp_per_floor":[75,75,75,75,75,75,75,75,75,75,75,75,75,75,75,75,75,75,75,75,75,75,75,75,75,75,75,75,75,89,89,89,89,89,89,89,89,89,89,89,89,89],"card_choices":[{"not_picked":["Redo","Static Discharge"],"picked":"Ball Lightning","floor":1},{"not_picked":["Beam Cell","Stack"],"picked":"Defragment","floor":2},{"not_picked":["Stack","Defragment"],"picked":"Ball Lightning","floor":3},{"not_picked":["Darkness","Stack"],"picked":"Static Discharge","floor":4},{"not_picked":["Compile Driver","Conserve Battery"],"picked":"Coolheaded","floor":5},{"not_picked":["Ball Lightning","Streamline"],"picked":"Steam","floor":8},{"not_picked":["Compile Driver","BootSequence+1"],"picked":"Hologram+1","floor":12},{"not_picked":["All For One","Multi-Cast+1"],"picked":"Thunder Strike","floor":16},{"not_picked":["Beam Cell","Go for the Eyes"],"picked":"Turbo+1","floor":18},{"not_picked":["Compile Driver+1","Turbo+1"],"picked":"Steam+1","floor":19},{"not_picked":["Force Field+1","Stack+1"],"picked":"Defragment+1","floor":22},{"not_picked":["Go for the Eyes+1","Aggregate+1"],"picked":"White Noise+1","floor":25},{"not_picked":["BootSequence+1","Barrage"],"picked":"Conserve Battery+1","floor":31},{"not_picked":["Biased Cognition+1","Seek+1"],"picked":"Echo Form+1","floor":33},{"not_picked":["Skim+1","Rip and Tear"],"picked":"Conserve Battery+1","floor":35},{"not_picked":["Beam Cell+1","Coolheaded+1"],"picked":"Leap+1","floor":38},{"not_picked":["Rebound","Melter"],"picked":"Chaos+1","floor":39},{"not_picked":["Melter+1","Coolheaded+1"],"picked":"Chill+1","floor":41}],"player_experience":154288,"relics_obtained":[{"floor":9,"key":"Toxic Egg 2"},{"floor":14,"key":"PreservedInsect"},{"floor":30,"key":"Mango"},{"floor":38,"key":"Dead Branch"},{"floor":39,"key":"Girya"}],"event_choices":[{"damage_healed":0,"gold_gain":175,"player_choice":"AGREE","damage_taken":0,"max_hp_gain":0,"max_hp_loss":0,"event_name":"Liars Game","floor":7,"gold_loss":0,"cards_obtained":["Doubt"]},{"cards_removed":["Doubt"],"damage_healed":0,"gold_gain":0,"player_choice":"Offered Curse","damage_taken":0,"relics_obtained":["Spirit Poop"],"max_hp_gain":0,"max_hp_loss":0,"event_name":"Bonfire Elementals","floor":20,"gold_loss":0},{"damage_healed":0,"gold_gain":0,"player_choice":"Ignored","damage_taken":0,"max_hp_gain":0,"max_hp_loss":0,"event_name":"Beggar","floor":24,"gold_loss":0},{"damage_healed":0,"gold_gain":99,"player_choice":"Stole From Cult","damage_taken":0,"max_hp_gain":0,"max_hp_loss":0,"event_name":"Nest","floor":29,"gold_loss":0},{"cards_removed":["Defend_B"],"damage_healed":0,"gold_gain":0,"player_choice":"Removed Skill","damage_taken":0,"max_hp_gain":0,"max_hp_loss":0,"event_name":"Falling","floor":36,"gold_loss":0},{"damage_healed":0,"gold_gain":0,"player_choice":"Fight","damage_taken":0,"max_hp_gain":0,"max_hp_loss":0,"event_name":"Mysterious Sphere","floor":38,"gold_loss":0},{"damage_healed":0,"gold_gain":0,"player_choice":"Fight","damage_taken":0,"max_hp_gain":0,"max_hp_loss":0,"event_name":"MindBloom","floor":39,"gold_loss":0}],"is_beta":false,"boss_relics":[{"not_picked":["Snecko Eye","Lizard Tail"],"picked":"Inserter"},{"not_picked":["Empty Cage","Pandora\u0027s Box"],"picked":"Fusion Hammer"}],"items_purged_floors":[21,37],"is_endless":false,"potions_floor_spawned":[4,5,8,12,18,31,33,39,41],"killed_by":"Writhing Mass","ascension_level":2}