{"gold_per_floor":[118,132,147,147,164,164,175,185,262,262,273,299,299,316,316,412,412,429,183,202,602,612,612,639,659,685,260,260,273,273,273,273,374,374,388,398,54,65,112,112,125,125,125,125,142,154,170,392,392,392],"floor_reached":50,"playtime":4054,"items_purged":["Strike_G"],"score":525,"play_id":"d096f2ae-cb6b-4768-8274-b4ae00e8f6a6","local_time":"20190130210035","is_ascension_mode":false,"campfire_choices":[{"floor":6,"key":"REST"},{"floor":15,"key":"REST"},{"floor":23,"key":"REST"},{"data":"Noxious Fumes","floor":32,"key":"SMITH"},{"data":"Dodge and Roll","floor":40,"key":"SMITH"},{"data":"Blur","floor":42,"key":"SMITH"},{"data":"Backflip","floor":44,"key":"SMITH"},{"floor":49,"key":"REST"}],"neow_cost":"NONE","seed_source_timestamp":1885013732268310,"circlet_count":0,"master_deck":["Defend_G+1","Defend_G+1","Defend_G+1","Defend_G+1","Defend_G+1","Survivor","Neutralize","Backstab","Dagger Throw","Accuracy","Backstab","Backstab","Backflip+1","Dodge and Roll+1","Blur+1","Adrenaline","Deflect+1","Crippling Poison+1","Dodge and Roll","Deflect+1","Skewer+1","Noxious Fumes+1","Necronomicurse","Skewer+1","Bite+1","Bite+1","Bite+1","Bite+1","Bite+1","Die Die Die+1","Escape Plan","Dodge and Roll+1","Infinite Blades","Glass Knife+1","Backflip+1","Flechettes+1","Deflect+1"],"special_seed":0,"relics":["Ring of the Snake","Juzu Bracelet","Tingsha","Letter Opener","Incense Burner","Ice Cream","Sozu","Ninja Scroll","Old Coin","Molten Egg 2","Red Mask","Regal Pillow","TwistedFunnel","Necronomicon","Black Star","Thread and Needle","Bird Faced Urn","Meat on the Bone"],"potions_floor_usage":[16,16,16,21],"damage_taken":[{"damage":2,"enemies":"Small Slimes","floor":1,"turns":5},{"damage":5,"enemies":"Jaw Worm","floor":2,"turns":3},{"damage":0,"enemies":"2 Louse","floor":3,"turns":2},{"damage":2,"enemies":"Blue Slaver","floor":5,"turns":3},{"damage":5,"enemies":"Looter","floor":7,"turns":3},{"damage":0,"enemies":"2 Fungi Beasts","floor":8,"turns":1},{"damage":4,"enemies":"Large Slime","floor":11,"turns":5},{"damage":6,"enemies":"3 Sentries","floor":12,"turns":9},{"damage":0,"enemies":"Exordium Wildlife","floor":14,"turns":1},{"damage":40,"enemies":"The Guardian","floor":16,"turns":21},{"damage":0,"enemies":"Shell Parasite","floor":18,"turns":8},{"damage":0,"enemies":"2 Thieves","floor":20,"turns":4},{"damage":0,"enemies":"Colosseum Slavers","floor":21,"turns":3},{"damage":22,"enemies":"Colosseum Nobs","floor":21,"turns":5},{"damage":2,"enemies":"Chosen and Byrds","floor":22,"turns":6},{"damage":0,"enemies":"Masked Bandits","floor":24,"turns":3},{"damage":0,"enemies":"Shelled Parasite and Fungi","floor":25,"turns":7},{"damage":0,"enemies":"3 Cultists","floor":29,"turns":3},{"damage":43,"enemies":"Automaton","floor":33,"turns":8},{"damage":0,"enemies":"Orb Walker","floor":35,"turns":1},{"damage":6,"enemies":"3 Darklings","floor":36,"turns":8},{"damage":6,"enemies":"Maw","floor":38,"turns":8},{"damage":0,"enemies":"2 Orb Walkers","floor":39,"turns":5},{"damage":0,"enemies":"Jaw Worm Horde","floor":41,"turns":3},{"damage":12,"enemies":"Sphere and 2 Shapes","floor":45,"turns":3},{"damage":0,"enemies":"Spire Growth","floor":46,"turns":3},{"damage":18,"enemies":"Transient","floor":47,"turns":5},{"damage":75,"enemies":"Time Eater","floor":50,"turns":9}],"seed_played":"7550851177170198107","potions_obtained":[{"floor":1,"key":"Swift Potion"},{"floor":7,"key":"Strength Potion"},{"floor":14,"key":"Block Potion"},{"floor":16,"key":"Explosive Potion"}],"is_trial":false,"path_per_floor":["M","M","M","?","M","R","M","M","T","T","M","E","?","M","R","B",null,"M","$","M","?","M","R","?","M","T","$","?","M","?","?","R","B",null,"M","M","$","M","?","R","M","R","T","R","M","M","M","?","R","B"],"character_chosen":"THE_SILENT","items_purchased":["Ninja Scroll","TwistedFunnel","Skewer+1","Noxious Fumes","Infinite Blades","Thread and Needle"],"campfire_rested":4,"item_purchase_floors":[19,27,27,27,37,37],"current_hp_per_floor":[68,63,63,45,43,64,59,59,59,59,55,49,49,49,70,30,70,70,70,70,48,46,67,67,67,67,67,51,51,51,49,49,21,49,49,49,49,49,49,49,49,49,49,49,44,49,31,31,49,0],"gold":392,"neow_bonus":"RANDOM_COMMON_RELIC","is_prod":false,"is_daily":false,"chose_seed":false,"campfire_upgraded":4,"win_rate":0,"timestamp":1548918035,"path_taken":["M","M","M","?","M","R","M","M","T","?","M","E","?","M","R","BOSS","M","$","M","?","M","R","?","M","T","$","?","M","?","?","R","BOSS","M","M","$","M","?","R","M","R","T","R","M","M","M","?","R","BOSS"],"build_version":"2019-01-23","purchased_purges":1,"victory":false,"max_hp_per_floor":[70,70,70,70,70,70,70,70,70,70,70,70,70,70,70,70,70,70,70,70,70,70,70,70,70,70,70,70,70,70,49,49,49,49,49,49,49,49,49,49,49,49,49,49,49,49,49,49,49,49],"card_choices":[{"not_picked":["Skewer","Dagger Throw"],"picked":"Backstab","floor":1},{"not_picked":["Dagger Spray","Eviscerate"],"picked":"Dagger Throw","floor":2},{"not_picked":["Sucker Punch","Flying Knee"],"picked":"Accuracy","floor":3},{"not_picked":["Tools of the Trade","Quick Slash"],"picked":"Backstab","floor":5},{"not_picked":["Caltrops","Blade Dance"],"picked":"Backstab","floor":7},{"not_picked":["Dagger Spray","Slice"],"picked":"Backflip","floor":8},{"not_picked":["Sucker Punch","Terror"],"picked":"Dodge and Roll","floor":11},{"not_picked":["Corpse Explosion","All Out Attack"],"picked":"Blur","floor":12},{"not_picked":["Quick Slash","Deadly Poison","Eviscerate"],"picked":"SKIP","floor":14},{"not_picked":["Phantasmal Killer","Venomology"],"picked":"Adrenaline","floor":16},{"not_picked":["Outmaneuver","Prepared"],"picked":"Deflect+1","floor":18},{"not_picked":["Sucker Punch","Quick Slash"],"picked":"Crippling Poison+1","floor":20},{"not_picked":["Eviscerate+1","All Out Attack+1"],"picked":"Dodge and Roll","floor":22},{"not_picked":["Dagger Spray+1","Bane+1"],"picked":"Deflect+1","floor":24},{"not_picked":["Poisoned Stab+1","Expertise","Bane+1"],"picked":"SKIP","floor":25},{"not_picked":["Deadly Poison","Dodge and Roll"],"picked":"Skewer+1","floor":29},{"not_picked":["Tools of the Trade","Phantasmal Killer"],"picked":"Die Die Die+1","floor":33},{"not_picked":["Bouncing Flask+1","Acrobatics"],"picked":"Escape Plan","floor":35},{"not_picked":["Backflip","Flying Knee+1"],"picked":"Dodge and Roll+1","floor":36},{"not_picked":["Expertise","Leg Sweep"],"picked":"Glass Knife+1","floor":38},{"not_picked":["Blur","Dagger Throw+1"],"picked":"Backflip+1","floor":39},{"not_picked":["Bane+1","Terror"],"picked":"Flechettes+1","floor":41},{"not_picked":["Tactician+1","Quick Slash+1","Eviscerate+1"],"picked":"SKIP","floor":45},{"not_picked":["Caltrops","Quick Slash+1","Prepared+1"],"picked":"SKIP","floor":46},{"not_picked":["Outmaneuver+1","Sucker Punch+1"],"picked":"Deflect+1","floor":47}],"player_experience":48503,"relics_obtained":[{"floor":9,"key":"Letter Opener"},{"floor":10,"key":"Incense Burner"},{"floor":12,"key":"Ice Cream"},{"floor":21,"key":"Old Coin"},{"floor":21,"key":"Molten Egg 2"},{"floor":24,"key":"Red Mask"},{"floor":26,"key":"Regal Pillow"},{"floor":28,"key":"Necronomicon"},{"floor":39,"key":"Bird Faced Urn"},{"floor":43,"key":"Meat on the Bone"}],"event_choices":[{"damage_healed":0,"gold_gain":0,"player_choice":"Success","damage_taken":18,"relics_obtained":["Tingsha"],"max_hp_gain":0,"max_hp_loss":0,"event_name":"Scrap Ooze","floor":4,"gold_loss":0},{"damage_healed":0,"gold_gain":0,"player_choice":"Ignored","damage_taken":0,"max_hp_gain":0,"max_hp_loss":0,"event_name":"Liars Game","floor":13,"gold_loss":0},{"damage_healed":0,"gold_gain":0,"player_choice":"Fight","damage_taken":0,"max_hp_gain":0,"max_hp_loss":0,"event_name":"Colosseum","floor":21,"gold_loss":0},{"damage_healed":0,"gold_gain":0,"player_choice":"Fought Nobs","damage_taken":0,"max_hp_gain":0,"max_hp_loss":0,"event_name":"Colosseum","floor":21,"gold_loss":0},{"damage_healed":0,"gold_gain":0,"player_choice":"Fought Bandits","damage_taken":0,"max_hp_gain":0,"max_hp_loss":0,"event_name":"Masked Bandits","floor":24,"gold_loss":0},{"damage_healed":0,"gold_gain":0,"player_choice":"Obtained Book","damage_taken":16,"max_hp_gain":0,"max_hp_loss":0,"event_name":"Cursed Tome","floor":28,"gold_loss":0},{"damage_healed":0,"gold_gain":0,"player_choice":"Simplicity","damage_taken":0,"max_hp_gain":0,"max_hp_loss":0,"event_name":"Back to Basics","floor":30,"gold_loss":0,"cards_upgraded":["Defend_G","Defend_G","Defend_G","Defend_G","Defend_G","Strike_G","Strike_G","Strike_G","Strike_G"]},{"damage_healed":0,"gold_gain":0,"player_choice":"Became a vampire","damage_taken":0,"max_hp_gain":0,"max_hp_loss":21,"event_name":"Vampires","floor":31,"gold_loss":0,"cards_obtained":["Bite","Bite","Bite","Bite","Bite"]},{"damage_healed":0,"gold_gain":0,"player_choice":"Fight","damage_taken":0,"max_hp_gain":0,"max_hp_loss":0,"event_name":"Mysterious Sphere","floor":39,"gold_loss":0},{"damage_healed":0,"gold_gain":222,"player_choice":"Wore Mask","damage_taken":0,"max_hp_gain":0,"max_hp_loss":0,"event_name":"Tomb of Lord Red Mask","floor":48,"gold_loss":0}],"is_beta":false,"boss_relics":[{"not_picked":["White Beast Statue","Tiny House"],"picked":"Sozu"},{"not_picked":["Velvet Choker","Coffee Dripper"],"picked":"Black Star"}],"items_purged_floors":[27],"is_endless":false,"potions_floor_spawned":[1,7,14,16,18,24,29,33,41,45,46,47],"killed_by":"Time Eater","ascension_level":0}