{"gold_per_floor":[117,87,103,29,40,69,69,88,88,116,132,14,40,57,57,159,159,171,186,197,197,121,121,155,155],"floor_reached":25,"playtime":1450,"items_purged":["Strike_B","Strike_B"],"score":243,"play_id":"19d35554-74cc-4521-a7a4-314f0109ed30","local_time":"20190208110415","is_ascension_mode":false,"campfire_choices":[{"data":"Rainbow","floor":7,"key":"SMITH"},{"floor":15,"key":"REST"},{"floor":23,"key":"RECALL"}],"neow_cost":"NONE","seed_source_timestamp":597967426223643,"circlet_count":0,"master_deck":["Strike_B+1","Defend_B","Defend_B","Defend_B","Defend_B","Zap","Dualcast","Defragment","Ball Lightning+1","Rainbow+1","Chaos","Coolheaded","Loop","Conserve Battery","Redo","Static Discharge","Doom and Gloom","Auto Shields","Creative AI","Reprogram","Cold Snap","Heatsinks+1","Coolheaded","Steam"],"relics":["Cracked Core","Smiling Mask","Symbiotic Virus","Pantograph","Bottled Lightning","Bottled Tornado","Black Star","Singing Bowl","Whetstone"],"potions_floor_usage":[13,20,24,24],"damage_taken":[{"damage":8,"enemies":"Jaw Worm","floor":1,"turns":4},{"damage":1,"enemies":"Cultist","floor":3,"turns":3},{"damage":0,"enemies":"2 Louse","floor":5,"turns":2},{"damage":9,"enemies":"Gremlin Nob","floor":6,"turns":4},{"damage":0,"enemies":"Large Slime","floor":8,"turns":3},{"damage":18,"enemies":"Lagavulin","floor":10,"turns":5},{"damage":14,"enemies":"Gremlin Gang","floor":11,"turns":4},{"damage":7,"enemies":"Gremlin Nob","floor":13,"turns":4},{"damage":4,"enemies":"Red Slaver","floor":14,"turns":3},{"damage":22,"enemies":"Hexaghost","floor":16,"turns":9},{"damage":9,"enemies":"Shell Parasite","floor":18,"turns":4},{"damage":17,"enemies":"Spheric Guardian","floor":19,"turns":5},{"damage":7,"enemies":"Cultist and Chosen","floor":20,"turns":6},{"damage":46,"enemies":"Slavers","floor":24,"turns":4},{"damage":10,"enemies":"Centurion and Healer","floor":25,"turns":1}],"seed_played":"1146003162212434794","potions_obtained":[{"floor":1,"key":"SteroidPotion"},{"floor":2,"key":"PowerPotion"},{"floor":2,"key":"Block Potion"},{"floor":5,"key":"Dexterity Potion"},{"floor":11,"key":"Swift Potion"},{"floor":13,"key":"Fruit Juice"},{"floor":18,"key":"SpeedPotion"},{"floor":19,"key":"Poison Potion"},{"floor":20,"key":"Explosive Potion"}],"is_trial":false,"path_per_floor":["M","?","M","$","M","E","R","M","T","E","M","$","E","M","R","B",null,"M","M","M","?","$","R","E","M"],"character_chosen":"DEFECT","items_purchased":["Rainbow","Static Discharge","Coolheaded"],"campfire_rested":1,"item_purchase_floors":[4,12,22],"current_hp_per_floor":[67,67,66,66,66,57,57,57,57,39,25,25,23,19,43,46,80,71,54,47,47,47,47,1,0],"gold":155,"neow_bonus":"RANDOM_COMMON_RELIC","is_prod":false,"is_daily":false,"chose_seed":false,"campfire_upgraded":1,"win_rate":0,"timestamp":1549620255,"path_taken":["M","?","M","$","M","E","R","?","T","E","M","?","E","M","R","BOSS","M","M","M","?","$","R","E","M"],"build_version":"2019-01-23","purchased_purges":2,"victory":false,"max_hp_per_floor":[75,75,75,75,75,75,75,75,75,75,75,75,80,80,80,80,80,80,80,80,80,80,80,80,80],"card_choices":[{"not_picked":["Streamline","Steam"],"picked":"Defragment","floor":1},{"not_picked":["Tempest","Streamline"],"picked":"Ball Lightning","floor":3},{"not_picked":["Undo","Barrage"],"picked":"Chaos","floor":5},{"not_picked":["Turbo","Steam"],"picked":"Coolheaded","floor":6},{"not_picked":["BootSequence","Blizzard"],"picked":"Loop","floor":8},{"not_picked":["Steam Power","Seek"],"picked":"Conserve Battery","floor":10},{"not_picked":["Aggregate","Melter"],"picked":"Redo","floor":11},{"not_picked":["BootSequence","Rip and Tear"],"picked":"Doom and Gloom","floor":13},{"not_picked":["Gash","Ball Lightning"],"picked":"Auto Shields","floor":14},{"not_picked":["Amplify","Reboot"],"picked":"Creative AI","floor":16},{"not_picked":["Auto Shields+1","Leap+1"],"picked":"Reprogram","floor":18},{"not_picked":["Compile Driver","Coolheaded"],"picked":"Cold Snap","floor":19},{"not_picked":["Storm","Gash+1"],"picked":"Heatsinks+1","floor":20},{"not_picked":["Fusion","Go for the Eyes+1"],"picked":"Steam","floor":24}],"player_experience":598863,"relics_obtained":[{"floor":6,"key":"Symbiotic Virus"},{"floor":9,"key":"Pantograph"},{"floor":10,"key":"Bottled Lightning"},{"floor":13,"key":"Bottled Tornado"},{"floor":24,"key":"Singing Bowl"},{"floor":24,"key":"Whetstone"}],"event_choices":[{"damage_healed":0,"gold_gain":0,"player_choice":"Bought 2 Potions","damage_taken":0,"max_hp_gain":0,"max_hp_loss":0,"event_name":"The Woman in Blue","floor":2,"gold_loss":0},{"cards_removed":["Strike_B"],"damage_healed":0,"gold_gain":0,"player_choice":"Elegance","damage_taken":0,"max_hp_gain":0,"max_hp_loss":0,"event_name":"Back to Basics","floor":21,"gold_loss":0}],"is_beta":false,"boss_relics":[{"not_picked":["Runic Dome","Snecko Eye"],"picked":"Black Star"}],"items_purged_floors":[12,22],"is_endless":false,"potions_floor_spawned":[1,5,10,11,13,18,19,20],"killed_by":"Centurion and Healer","ascension_level":0}