{"gold_per_floor":[17,36,50,50,63,63,63,97,97,97,110,65,100,115,115,218,218,193,211,211,211,221,221,74,109,132,132,132,143,143,160,160,265,265,285,301,184,202,220,220,234,234,234,234,250,250,264,224,224,224],"floor_reached":50,"playtime":3085,"items_purged":[],"score":478,"play_id":"524e4b5e-4dc5-4ec3-a6f4-4d68ea3fdb81","local_time":"20190205073503","is_ascension_mode":false,"campfire_choices":[{"floor":6,"key":"RECALL"},{"floor":10,"key":"REST"},{"data":"Double Tap","floor":15,"key":"SMITH"},{"floor":23,"key":"REST"},{"data":"Demon Form","floor":28,"key":"SMITH"},{"floor":32,"key":"REST"},{"floor":40,"key":"REST"},{"floor":49,"key":"REST"}],"neow_cost":"NO_GOLD","seed_source_timestamp":427708221214542,"circlet_count":0,"master_deck":["Strike_R","Strike_R","Strike_R","Strike_R","Defend_R","Defend_R","Defend_R","Defend_R","Bash","Armaments","Anger","Iron Wave","Dropkick","Demon Form+1","Flame Barrier","Clothesline","Double Tap+1","Cleave","Reaper","Whirlwind","Pommel Strike","RitualDagger","Spot Weakness","Dropkick+1","Shrug It Off+1","Offering","True Grit+1","Iron Wave+1","Shrug It Off+1","Enlightenment","Headbutt+1","Ghostly Armor+1","Secret Technique","Iron Wave"],"relics":["Burning Blood","Charon\u0027s Ashes","Darkstone Periapt","Meat on the Bone","Art of War","Runic Cube","Mango","Blood Vial","Sozu"],"potions_floor_usage":[11,13,13,14,25,25,25,25,25,29,30,33],"damage_taken":[{"damage":10,"enemies":"Small Slimes","floor":1,"turns":5},{"damage":9,"enemies":"Jaw Worm","floor":2,"turns":4},{"damage":1,"enemies":"Cultist","floor":3,"turns":4},{"damage":0,"enemies":"Gremlin Gang","floor":5,"turns":5},{"damage":39,"enemies":"3 Sentries","floor":8,"turns":8},{"damage":4,"enemies":"Exordium Thugs","floor":11,"turns":6},{"damage":0,"enemies":"Looter","floor":12,"turns":5},{"damage":4,"enemies":"Lagavulin","floor":13,"turns":5},{"damage":10,"enemies":"Exordium Wildlife","floor":14,"turns":5},{"damage":13,"enemies":"Slime Boss","floor":16,"turns":8},{"damage":23,"enemies":"2 Thieves","floor":18,"turns":5},{"damage":5,"enemies":"Chosen","floor":19,"turns":5},{"damage":24,"enemies":"Centurion and Healer","floor":22,"turns":6},{"damage":60,"enemies":"Slavers","floor":25,"turns":4},{"damage":35,"enemies":"Cultist and Chosen","floor":29,"turns":7},{"damage":0,"enemies":"Snake Plant","floor":30,"turns":1},{"damage":29,"enemies":"Snecko","floor":31,"turns":6},{"damage":90,"enemies":"Collector","floor":33,"turns":9},{"damage":25,"enemies":"Orb Walker","floor":35,"turns":4},{"damage":17,"enemies":"3 Darklings","floor":36,"turns":5},{"damage":40,"enemies":"Jaw Worm Horde","floor":38,"turns":5},{"damage":42,"enemies":"Writhing Mass","floor":39,"turns":6},{"damage":64,"enemies":"Maw","floor":41,"turns":10},{"damage":28,"enemies":"Transient","floor":45,"turns":5},{"damage":14,"enemies":"Spire Growth","floor":47,"turns":5},{"damage":60,"enemies":"Time Eater","floor":50,"turns":6}],"seed_played":"-2111335607319589050","potions_obtained":[{"floor":2,"key":"Energy Potion"},{"floor":8,"key":"EssenceOfSteel"},{"floor":11,"key":"EssenceOfSteel"},{"floor":13,"key":"Weak Potion"},{"floor":22,"key":"PowerPotion"},{"floor":25,"key":"EssenceOfSteel"},{"floor":29,"key":"GamblersBrew"}],"is_trial":false,"path_per_floor":["M","M","M","?","M","R","?","E","T","R","M","M","E","M","R","B",null,"M","M","?","?","M","R","$","E","T","$","R","M","M","M","R","B",null,"M","M","$","M","M","R","M","$","T","?","M","?","M","?","R","B"],"character_chosen":"IRONCLAD","items_purchased":["Energy Potion","EntropicBrew","Shrug It Off","Enlightenment"],"campfire_rested":5,"item_purchase_floors":[24,24,37,37],"current_hp_per_floor":[76,73,78,78,80,80,80,47,47,71,73,79,80,76,76,69,80,63,64,58,58,48,72,72,68,68,68,68,61,69,64,92,81,94,75,89,89,69,47,75,31,31,31,31,23,23,29,29,57,0],"gold":224,"neow_bonus":"ONE_RARE_RELIC","is_prod":false,"is_daily":false,"chose_seed":false,"campfire_upgraded":2,"win_rate":0,"timestamp":1549370103,"path_taken":["M","M","M","?","M","R","?","E","T","R","?","?","E","M","R","BOSS","M","M","?","?","?","R","$","E","T","$","R","M","M","M","R","BOSS","M","M","$","M","M","R","M","$","T","?","M","?","M","?","R","BOSS"],"build_version":"2019-01-23","purchased_purges":0,"victory":false,"max_hp_per_floor":[80,80,80,80,80,80,80,80,80,80,80,80,80,80,80,80,80,80,80,80,80,80,80,80,94,94,94,94,94,94,94,94,94,94,94,94,94,94,94,94,94,94,94,94,94,94,94,94,94,94],"card_choices":[{"not_picked":["Headbutt","Heavy Blade"],"picked":"Armaments","floor":1},{"not_picked":["Inflame","Flex"],"picked":"Anger","floor":2},{"not_picked":["Warcry","Reckless Charge"],"picked":"Iron Wave","floor":3},{"not_picked":["True Grit","Sword Boomerang"],"picked":"Dropkick","floor":5},{"not_picked":["Wild Strike","Anger"],"picked":"Demon Form","floor":8},{"not_picked":["Burning Pact","Havoc"],"picked":"Flame Barrier","floor":11},{"not_picked":["Sword Boomerang","Havoc"],"picked":"Clothesline","floor":12},{"not_picked":["Dual Wield","Clash"],"picked":"Double Tap","floor":13},{"not_picked":["Havoc","Sword Boomerang"],"picked":"Cleave","floor":14},{"not_picked":["Immolate","Brutality"],"picked":"Reaper","floor":16},{"not_picked":["Body Slam","Thunderclap"],"picked":"Whirlwind","floor":18},{"not_picked":["Pummel+1","Anger"],"picked":"Pommel Strike","floor":19},{"not_picked":["Cleave","Anger+1"],"picked":"Spot Weakness","floor":22},{"not_picked":["Heavy Blade+1","Brutality"],"picked":"Dropkick+1","floor":25},{"not_picked":["Corruption","True Grit"],"picked":"Cleave+1","floor":29},{"not_picked":["Warcry","Clothesline"],"picked":"Shrug It Off+1","floor":31},{"not_picked":["Barricade","Brutality"],"picked":"Offering","floor":33},{"not_picked":["Entrench","Havoc"],"picked":"True Grit+1","floor":35},{"not_picked":["Perfected Strike+1","Burning Pact+1"],"picked":"Iron Wave+1","floor":36},{"not_picked":["Flame Barrier","Flex"],"picked":"Headbutt+1","floor":38},{"not_picked":["Havoc","Feel No Pain","Fiend Fire"],"picked":"SKIP","floor":39},{"not_picked":["Rupture+1","True Grit+1"],"picked":"Ghostly Armor+1","floor":41},{"not_picked":["Dramatic Entrance","Transmutation"],"picked":"Secret Technique","floor":44},{"not_picked":["Twin Strike","Reckless Charge","Pummel+1"],"picked":"SKIP","floor":45},{"not_picked":["Clothesline","Inflame"],"picked":"Iron Wave","floor":47}],"player_experience":148631,"relics_obtained":[{"floor":8,"key":"Darkstone Periapt"},{"floor":9,"key":"Meat on the Bone"},{"floor":13,"key":"Art of War"},{"floor":25,"key":"Mango"},{"floor":26,"key":"Blood Vial"}],"event_choices":[{"damage_healed":0,"gold_gain":0,"player_choice":"Leave","damage_taken":0,"max_hp_gain":0,"max_hp_loss":0,"event_name":"The Cleric","floor":4,"gold_loss":0},{"cards_removed":["Strike_R"],"damage_healed":0,"gold_gain":0,"player_choice":"Purged","damage_taken":0,"max_hp_gain":0,"max_hp_loss":0,"event_name":"Purifier","floor":7,"gold_loss":0},{"damage_healed":0,"gold_gain":0,"player_choice":"Joined the Cult","damage_taken":6,"max_hp_gain":0,"max_hp_loss":0,"event_name":"Nest","floor":20,"gold_loss":0,"cards_obtained":["RitualDagger"]},{"damage_healed":0,"gold_gain":0,"player_choice":"Ignored","damage_taken":0,"max_hp_gain":0,"max_hp_loss":0,"event_name":"Cursed Tome","floor":21,"gold_loss":0},{"damage_healed":0,"gold_gain":0,"player_choice":"Memory 1","damage_taken":0,"max_hp_gain":0,"max_hp_loss":0,"event_name":"SensoryStone","floor":44,"gold_loss":0},{"cards_removed":["Cleave"],"damage_healed":0,"gold_gain":0,"player_choice":"Removed Attack","damage_taken":0,"max_hp_gain":0,"max_hp_loss":0,"event_name":"Falling","floor":46,"gold_loss":0},{"damage_healed":0,"gold_gain":0,"player_choice":"Upgrade","damage_taken":0,"max_hp_gain":0,"max_hp_loss":0,"event_name":"Designer","floor":48,"gold_loss":40,"cards_upgraded":["Shrug It Off"]}],"is_beta":false,"boss_relics":[{"not_picked":["Empty Cage","Runic Dome"],"picked":"Runic Cube"},{"not_picked":["Orrery","Calling Bell"],"picked":"Sozu"}],"items_purged_floors":[],"is_endless":false,"potions_floor_spawned":[2,8,11,13,22,25,29,30,38,41,45,47],"killed_by":"Time Eater","ascension_level":0}