{"gold_per_floor":[110,127,140,151,151,151,186,186,186,151,151,215,215,236,236,334,334,334,74,74,74,74,74,74,74,74,74,74,74,74,74,74,74],"floor_reached":33,"playtime":1261,"items_purged":[],"score":293,"play_id":"3d4a08be-cf60-43ce-a353-c808147f93f4","local_time":"20190105190035","is_ascension_mode":false,"campfire_choices":[{"data":"Rupture","floor":6,"key":"SMITH"},{"data":"Combust","floor":8,"key":"SMITH"},{"data":"Rampage","floor":11,"key":"SMITH"},{"data":"Offering","floor":15,"key":"SMITH"},{"floor":23,"key":"REST"},{"data":"Demon Form","floor":25,"key":"SMITH"},{"floor":32,"key":"REST"}],"neow_cost":"NONE","seed_source_timestamp":401307213679905,"circlet_count":0,"master_deck":["Strike_R","Strike_R","Strike_R","Strike_R","Strike_R","Defend_R","Defend_R","Defend_R","Defend_R","Bash","Rupture+1","Rampage+1","Offering+1","Combust+1","Demon Form+1","Rupture+1","Decay"],"relics":["Burning Blood","NeowsBlessing","Singing Bowl","Paper Frog","Bottled Flame","Thread and Needle","Odd Mushroom","Ectoplasm","Bottled Tornado","Ornamental Fan"],"potions_floor_usage":[],"damage_taken":[{"damage":0,"enemies":"Cultist","floor":1,"turns":1},{"damage":0,"enemies":"Small Slimes","floor":2,"turns":1},{"damage":0,"enemies":"Jaw Worm","floor":3,"turns":1},{"damage":7,"enemies":"3 Louse","floor":4,"turns":5},{"damage":34,"enemies":"Gremlin Nob","floor":7,"turns":4},{"damage":22,"enemies":"Gremlin Nob","floor":12,"turns":3},{"damage":8,"enemies":"The Mushroom Lair","floor":14,"turns":3},{"damage":9,"enemies":"Slime Boss","floor":16,"turns":4},{"damage":13,"enemies":"Chosen","floor":18,"turns":3},{"damage":19,"enemies":"Shell Parasite","floor":21,"turns":3},{"damage":29,"enemies":"Colosseum Slavers","floor":22,"turns":4},{"damage":18,"enemies":"Snecko","floor":29,"turns":6},{"damage":14,"enemies":"3 Cultists","floor":30,"turns":4},{"damage":20,"enemies":"Shelled Parasite and Fungi","floor":31,"turns":4},{"damage":78,"enemies":"Automaton","floor":33,"turns":6}],"seed_played":"-8214626324692682198","potions_obtained":[{"floor":1,"key":"SmokeBomb"},{"floor":2,"key":"LiquidBronze"},{"floor":7,"key":"Fire Potion"}],"is_trial":false,"path_per_floor":["M","M","M","M","$","R","E","R","T","?","R","?","T","?","R","B",null,"M","$","?","M","?","R","?","R","T","?","$","M","M","M","R","B"],"character_chosen":"IRONCLAD","items_purchased":["Bottled Tornado"],"campfire_rested":2,"item_purchase_floors":[19],"current_hp_per_floor":[80,80,80,79,79,79,51,51,51,71,71,57,57,57,57,54,84,77,77,77,66,43,68,68,68,68,68,68,58,52,40,67,0],"gold":74,"neow_bonus":"THREE_ENEMY_KILL","is_prod":false,"is_daily":false,"chose_seed":false,"campfire_upgraded":5,"win_rate":0.0,"timestamp":1546711235,"path_taken":["M","M","?","M","$","R","E","R","T","?","R","?","?","?","R","BOSS","M","$","?","M","?","R","?","R","T","?","$","M","M","M","R","BOSS"],"build_version":"2019-01-03v4","purchased_purges":0,"victory":false,"max_hp_per_floor":[80,80,80,80,80,80,80,80,80,80,80,82,82,84,84,84,84,84,84,84,86,86,86,86,86,86,86,86,88,90,92,92,92],"card_choices":[{"not_picked":["Ghostly Armor","Intimidate"],"picked":"Rupture","floor":1},{"not_picked":["Power Through","Clothesline","Warcry"],"picked":"SKIP","floor":2},{"not_picked":["Warcry","Sword Boomerang"],"picked":"Rampage","floor":3},{"not_picked":["Anger","Battle Trance"],"picked":"Offering","floor":4},{"not_picked":["Iron Wave","Bloodletting"],"picked":"Combust","floor":7},{"not_picked":["Perfected Strike","Sword Boomerang","Inflame"],"picked":"Singing Bowl","floor":12},{"not_picked":["Burning Pact","Power Through","Berserk"],"picked":"Singing Bowl","floor":14},{"not_picked":["Bludgeon","Juggernaut"],"picked":"Demon Form","floor":16},{"not_picked":["Shrug It Off","Shockwave"],"picked":"Rupture+1","floor":18},{"not_picked":["Clothesline","Intimidate","Pummel+1"],"picked":"Singing Bowl","floor":21},{"not_picked":["Perfected Strike","Inflame","Thunderclap"],"picked":"Singing Bowl","floor":29},{"not_picked":["Hemokinesis","Warcry","Sword Boomerang"],"picked":"Singing Bowl","floor":30},{"not_picked":["Double Tap","Havoc+1","Battle Trance+1"],"picked":"Singing Bowl","floor":31}],"player_experience":96811,"relics_obtained":[{"floor":7,"key":"Singing Bowl"},{"floor":9,"key":"Paper Frog"},{"floor":12,"key":"Bottled Flame"},{"floor":13,"key":"Thread and Needle"},{"floor":14,"key":"Odd Mushroom"},{"floor":26,"key":"Ornamental Fan"}],"event_choices":[{"damage_healed":20,"gold_gain":0,"player_choice":"Healed","damage_taken":0,"max_hp_gain":0,"max_hp_loss":0,"event_name":"The Cleric","floor":10,"gold_loss":35},{"damage_healed":0,"gold_gain":0,"player_choice":"Searched \u00271\u0027 times","damage_taken":0,"max_hp_gain":0,"max_hp_loss":0,"event_name":"Dead Adventurer","floor":12,"gold_loss":0},{"damage_healed":0,"gold_gain":0,"player_choice":"Fought Mushrooms","damage_taken":0,"max_hp_gain":0,"max_hp_loss":0,"event_name":"Mushrooms","floor":14,"gold_loss":0},{"damage_healed":0,"gold_gain":0,"player_choice":"Ignored","damage_taken":0,"max_hp_gain":0,"max_hp_loss":0,"event_name":"Vampires","floor":20,"gold_loss":0},{"damage_healed":0,"gold_gain":0,"player_choice":"Fight","damage_taken":0,"max_hp_gain":0,"max_hp_loss":0,"event_name":"Colosseum","floor":22,"gold_loss":0},{"damage_healed":0,"gold_gain":0,"player_choice":"Fled From Nobs","damage_taken":0,"max_hp_gain":0,"max_hp_loss":0,"event_name":"Colosseum","floor":22,"gold_loss":0},{"damage_healed":0,"gold_gain":0,"player_choice":"Smashed Altar","damage_taken":0,"max_hp_gain":0,"max_hp_loss":0,"event_name":"Forgotten Altar","floor":24,"gold_loss":0,"cards_obtained":["Decay"]},{"damage_healed":0,"gold_gain":100,"player_choice":"Pray","damage_taken":0,"max_hp_gain":0,"max_hp_loss":0,"event_name":"Golden Shrine","floor":27,"gold_loss":0}],"is_beta":false,"boss_relics":[{"not_picked":["Tiny House","Runic Dome"],"picked":"Ectoplasm"}],"items_purged_floors":[],"is_endless":false,"potions_floor_spawned":[1,2,7,12,14,22,30],"killed_by":"Automaton","ascension_level":0}