{"gold_per_floor":[367,383,79,92,92,130,130,165,165,198,21,21,61,61,61,180,180,205,46,62,62,85,85,129,154,154,154,167,167,42,42,42,42],"floor_reached":33,"playtime":1312,"items_purged":["Defend_R","Strike_R","Strike_R"],"score":306,"play_id":"41b3d3c0-e7b2-4822-80ae-49cdc411ad9b","local_time":"20181215205214","is_ascension_mode":true,"campfire_choices":[{"floor":7,"key":"REST"},{"data":"Searing Blow+1","floor":12,"key":"SMITH"},{"data":"Searing Blow+2","floor":15,"key":"SMITH"},{"data":"Searing Blow+3","floor":23,"key":"SMITH"},{"data":"Searing Blow+4","floor":27,"key":"SMITH"},{"data":"Armaments","floor":29,"key":"SMITH"},{"data":"Uppercut","floor":32,"key":"SMITH"}],"neow_cost":"PERCENT_DAMAGE","seed_source_timestamp":332187629014913,"circlet_count":0,"master_deck":["Strike_R","Strike_R","Strike_R","Defend_R+1","Defend_R","Defend_R","Bash","Anger","Whirlwind","Uppercut+1","Spot Weakness+1","Reaper+1","Carnage+1","Searing Blow+5","Limit Break","Armaments+1","Dramatic Entrance+1","Metallicize"],"relics":["Burning Blood","Red Skull","Golden Idol","Singing Bowl","Molten Egg 2","Ancient Tea Set","War Paint","Cursed Key","Dream Catcher"],"potions_floor_usage":[6,10,25,28],"damage_taken":[{"damage":11,"enemies":"Jaw Worm","floor":1,"turns":4},{"damage":8,"enemies":"2 Louse","floor":2,"turns":2},{"damage":0,"enemies":"Small Slimes","floor":4,"turns":3},{"damage":21,"enemies":"Lagavulin","floor":6,"turns":5},{"damage":22,"enemies":"Gremlin Nob","floor":8,"turns":4},{"damage":18,"enemies":"3 Sentries","floor":10,"turns":4},{"damage":35,"enemies":"Gremlin Nob","floor":13,"turns":4},{"damage":55,"enemies":"The Guardian","floor":16,"turns":9},{"damage":6,"enemies":"Chosen","floor":18,"turns":3},{"damage":0,"enemies":"Spheric Guardian","floor":20,"turns":3},{"damage":18,"enemies":"Snake Plant","floor":22,"turns":3},{"damage":45,"enemies":"Gremlin Leader","floor":24,"turns":4},{"damage":13,"enemies":"Centurion and Healer","floor":25,"turns":4},{"damage":5,"enemies":"Chosen and Byrds","floor":28,"turns":4},{"damage":78,"enemies":"Automaton","floor":33,"turns":6}],"seed_played":"1386363142043232733","potions_obtained":[{"floor":4,"key":"Weak Potion"},{"floor":8,"key":"Fire Potion"},{"floor":10,"key":"Ancient Potion"},{"floor":13,"key":"SpeedPotion"},{"floor":22,"key":"Ancient Potion"},{"floor":28,"key":"Dexterity Potion"}],"is_trial":false,"path_per_floor":["M","M","$","M","?","E","R","E","T","E","$","R","E","?","R","B",null,"M","$","M","?","M","R","E","M","T","R","M","R","$","?","R","B"],"character_chosen":"IRONCLAD","items_purchased":["Uppercut","Red Skull","Searing Blow+1","Dramatic Entrance+1","Metallicize"],"campfire_rested":1,"item_purchase_floors":[3,3,11,19,19],"current_hp_per_floor":[51,49,49,55,55,40,62,46,46,49,49,49,22,47,47,10,76,76,76,78,78,68,68,53,58,58,58,61,61,61,61,61,0],"gold":42,"neow_bonus":"TWO_FIFTY_GOLD","is_prod":false,"is_daily":false,"chose_seed":false,"campfire_upgraded":6,"win_rate":0,"timestamp":1544925134,"path_taken":["M","M","$","M","?","E","R","E","T","E","$","R","E","?","R","BOSS","M","$","M","?","M","R","E","M","T","R","M","R","$","?","R","BOSS"],"build_version":"2018-12-13","purchased_purges":3,"victory":false,"max_hp_per_floor":[80,80,80,80,74,74,74,74,74,74,74,74,76,76,76,76,76,76,76,78,78,80,80,82,84,84,84,86,86,86,86,86,86],"card_choices":[{"not_picked":["Warcry","Havoc"],"picked":"Anger","floor":1},{"not_picked":["Burning Pact","True Grit"],"picked":"Whirlwind","floor":2},{"not_picked":["Reckless Charge","Dual Wield","Flex"],"picked":"SKIP","floor":4},{"not_picked":["Rupture","Havoc"],"picked":"Spot Weakness","floor":6},{"not_picked":["Pommel Strike","Body Slam"],"picked":"Reaper","floor":8},{"not_picked":["True Grit","Sentinel"],"picked":"Carnage+1","floor":10},{"not_picked":["Clothesline+1","Twin Strike+1","Clash+1"],"picked":"Singing Bowl","floor":13},{"not_picked":["Reaper+1","Demon Form"],"picked":"Limit Break","floor":16},{"not_picked":["Twin Strike+1","Fire Breathing"],"picked":"Armaments","floor":18},{"not_picked":["Disarm","Cleave+1","Perfected Strike+1"],"picked":"Singing Bowl","floor":20},{"not_picked":["Clash+1","Evolve+1","Seeing Red"],"picked":"Singing Bowl","floor":22},{"not_picked":["Dropkick+1","Anger+1","Power Through"],"picked":"Singing Bowl","floor":24},{"not_picked":["Thunderclap+1","Evolve","Corruption"],"picked":"Singing Bowl","floor":25},{"not_picked":["Armaments","Havoc","Wild Strike+1"],"picked":"Singing Bowl","floor":28}],"player_experience":723164,"relics_obtained":[{"floor":6,"key":"Singing Bowl"},{"floor":8,"key":"Molten Egg 2"},{"floor":10,"key":"Ancient Tea Set"},{"floor":13,"key":"War Paint"},{"floor":24,"key":"Dream Catcher"}],"event_choices":[{"damage_healed":0,"gold_gain":0,"player_choice":"Lose Max HP","damage_taken":0,"relics_obtained":["Golden Idol"],"max_hp_gain":0,"max_hp_loss":6,"event_name":"Golden Idol","floor":5,"gold_loss":0},{"damage_healed":25,"gold_gain":0,"player_choice":"Banana","damage_taken":0,"max_hp_gain":0,"max_hp_loss":0,"event_name":"Big Fish","floor":14,"gold_loss":0},{"damage_healed":0,"gold_gain":0,"player_choice":"Ignored","damage_taken":0,"max_hp_gain":0,"max_hp_loss":0,"event_name":"Beggar","floor":21,"gold_loss":0},{"damage_healed":0,"gold_gain":0,"player_choice":"Ignored","damage_taken":0,"max_hp_gain":0,"max_hp_loss":0,"event_name":"The Mausoleum","floor":31,"gold_loss":0}],"is_beta":false,"boss_relics":[{"not_picked":["Orrery","Velvet Choker"],"picked":"Cursed Key"}],"items_purged_floors":[3,11,30],"is_endless":false,"potions_floor_spawned":[4,8,10,13,22,28],"killed_by":"Automaton","ascension_level":1}