{"path_per_floor":["M","?","?","$","M","R","M","R","T","?","R","$","M","E","R","B",null,"M","?","?","M","$","R","?","R","T","M","?","M","E"],"character_chosen":"DEFECT","items_purchased":["Turbo","Defragment","Skim","Creative AI"],"gold_per_floor":[113,113,113,13,28,28,45,45,70,70,70,35,48,75,75,180,180,199,114,114,124,50,50,0,0,0,17,17,30,30,30],"floor_reached":31,"campfire_rested":1,"playtime":1558,"item_purchase_floors":[4,4,12,22],"current_hp_per_floor":[70,70,63,63,63,63,57,57,57,57,57,57,56,43,43,12,75,50,50,34,16,16,38,38,38,38,28,28,8,8,0],"items_purged":[],"gold":30,"score":276,"play_id":"df4631a5-0ffe-4962-aee7-daf5f90865bd","local_time":"20180530114202","is_prod":false,"is_daily":false,"chose_seed":false,"is_ascension_mode":false,"campfire_upgraded":5,"win_rate":0,"timestamp":1527648122,"campfire_choices":[{"data":"Defragment","floor":6,"key":"SMITH"},{"data":"Consume","floor":8,"key":"SMITH"},{"data":"Turbo","floor":11,"key":"SMITH"},{"data":"Chaos","floor":15,"key":"SMITH"},{"floor":23,"key":"REST"},{"data":"Electrodynamics","floor":25,"key":"SMITH"}],"path_taken":["M","?","?","?","M","R","?","R","T","?","R","$","M","E","R","BOSS","M","?","?","M","$","R","?","R","T","?","?","M","E","M"],"build_version":"2018-05-28","seed_source_timestamp":46075764072853,"purchased_purges":0,"victory":false,"master_deck":["Strike_B","Strike_B","Strike_B","Strike_B","Defend_B","Defend_B","Defend_B","Defend_B","Zap","Dualcast+1","Consume+1","Turbo+1","Defragment+1","Sweeping Beam","White Noise","Skim","Recycle","Chaos+1","Electrodynamics+1","Redo","Creative AI","Redo","Static Discharge","Creative AI","Redo","Coolheaded+1","Steam","Self Repair+1"],"max_hp_per_floor":[75,75,75,75,75,75,75,75,75,75,75,75,75,75,75,75,75,75,75,75,75,75,75,75,75,75,75,75,75,75,75],"relics":["Cracked Core","Question Card","Bag of Marbles","Prayer Wheel","Velvet Choker","Du-Vu Doll","Nilry\u0027s Codex","Orichalcum"],"card_choices":[{"not_picked":["Turbo","Redo"],"picked":"Consume","floor":1},{"not_picked":["Streamline","Leap","Glacier"],"picked":"Sweeping Beam","floor":5},{"not_picked":["Stack","Redo","Cold Snap"],"picked":"White Noise","floor":7},{"not_picked":["Compile Driver","Undo","Consume"],"picked":"Recycle","floor":13},{"not_picked":["Meteor Strike","Reprogram","Rip and Tear"],"picked":"Chaos","floor":14},{"not_picked":["Machine Learning","Meteor Strike","Amplify"],"picked":"Electrodynamics","floor":16},{"not_picked":["Barrage","Melter","Coolheaded"],"picked":"Redo","floor":18},{"not_picked":["Leap","Streamline","Chaos+1"],"picked":"Creative AI","floor":18},{"not_picked":["Rebound+1","Turbo","Go for the Eyes"],"picked":"Redo","floor":21},{"not_picked":["Leap","Steam Power","Blizzard"],"picked":"Static Discharge","floor":21},{"not_picked":["Meteor Strike","Stack","Force Field"],"picked":"Redo","floor":27},{"not_picked":["Chill","Barrage","Sweeping Beam"],"picked":"Coolheaded+1","floor":27},{"not_picked":["Hologram","Blizzard","Lockon+1"],"picked":"Steam","floor":29},{"not_picked":["Tempest","Steam Power","Redo"],"picked":"Self Repair+1","floor":29}],"player_experience":191863,"potions_floor_usage":[29,30,31,31],"damage_taken":[{"damage":5,"enemies":"Small Slimes","floor":1,"turns":4},{"damage":0,"enemies":"2 Louse","floor":5,"turns":2},{"damage":6,"enemies":"Jaw Worm","floor":7,"turns":3},{"damage":1,"enemies":"Large Slime","floor":13,"turns":4},{"damage":13,"enemies":"Lagavulin","floor":14,"turns":5},{"damage":31,"enemies":"Hexaghost","floor":16,"turns":7},{"damage":32,"enemies":"Chosen","floor":18,"turns":8},{"damage":18,"enemies":"Shell Parasite","floor":21,"turns":7},{"damage":10,"enemies":"Cultist and Chosen","floor":27,"turns":5},{"damage":20,"enemies":"Centurion and Healer","floor":29,"turns":4},{"damage":0,"enemies":"Slavers","floor":30,"turns":1},{"damage":22,"enemies":"Chosen and Byrds","floor":31,"turns":6}],"relics_obtained":[{"floor":9,"key":"Bag of Marbles"},{"floor":14,"key":"Prayer Wheel"},{"floor":20,"key":"Nilry\u0027s Codex"},{"floor":26,"key":"Orichalcum"}],"event_choices":[{"event_name":"Big Fish","player_choice":"Box","floor":2,"damage_taken":0},{"event_name":"Golden Wing","player_choice":"Card Removal","floor":3,"damage_taken":0},{"event_name":"Upgrade Shrine","player_choice":"Upgraded","floor":10,"damage_taken":0},{"event_name":"Addict","player_choice":"Obtained Relic","floor":19,"damage_taken":0},{"event_name":"Cursed Tome","player_choice":"Obtained Book","floor":20,"damage_taken":0},{"event_name":"Masked Bandits","player_choice":"Paid Bandits 50 gold","floor":24,"damage_taken":0},{"event_name":"Drug Dealer","player_choice":"Ignored","floor":28,"damage_taken":0}],"boss_relics":[{"not_picked":["Runic Dome","Snecko Eye"],"picked":"Velvet Choker"}],"items_purged_floors":[],"potions_floor_spawned":[13,16,18,29],"seed_played":"2532663103080675296","killed_by":"Chosen and Byrds","ascension_level":0,"potions_obtained":[{"floor":13,"key":"GamblersBrew"},{"floor":16,"key":"SpeedPotion"},{"floor":18,"key":"Swift Potion"},{"floor":29,"key":"SmokeBomb"}],"is_trial":false}