{"gold_per_floor":[118,136,211,211,229,260,279,279,303,128,142,142,142,169,169,274,274,284,209,228,246,246],"floor_reached":22,"playtime":1087,"items_purged":["Strike_B"],"score":196,"play_id":"e7e4fe50-18eb-4de0-b8e8-ca7d5f8001fe","local_time":"20190209195426","is_ascension_mode":false,"campfire_choices":[{"floor":8,"key":"REST"},{"floor":15,"key":"REST"}],"neow_cost":"NONE","seed_source_timestamp":716541333863677,"circlet_count":0,"master_deck":["Strike_B","Strike_B","Defend_B","Defend_B","Defend_B","Defend_B","Zap","Dualcast+1","FTL","Streamline+1","Gash","Hologram","Go for the Eyes","Redo","Gash","Coolheaded","All For One","Echo Form","Injury","Normality","Rebound","Conserve Battery+1","Beam Cell"],"relics":["Cracked Core","Potion Belt","Vajra","DataDisk","Bag of Preparation","Calling Bell","Boot","Singing Bowl","Peace Pipe"],"potions_floor_usage":[],"damage_taken":[{"damage":0,"enemies":"Cultist","floor":1,"turns":4},{"damage":0,"enemies":"Small Slimes","floor":2,"turns":2},{"damage":0,"enemies":"2 Louse","floor":5,"turns":2},{"damage":26,"enemies":"3 Sentries","floor":6,"turns":7},{"damage":7,"enemies":"Blue Slaver","floor":7,"turns":2},{"damage":0,"enemies":"Large Slime","floor":11,"turns":2},{"damage":2,"enemies":"Gremlin Nob","floor":14,"turns":3},{"damage":17,"enemies":"Hexaghost","floor":16,"turns":6},{"damage":7,"enemies":"Spheric Guardian","floor":18,"turns":3},{"damage":22,"enemies":"Shell Parasite","floor":20,"turns":6},{"damage":26,"enemies":"Snecko","floor":21,"turns":5},{"damage":23,"enemies":"Snake Plant","floor":22,"turns":2}],"seed_played":"-6809607871511631662","potions_obtained":[{"floor":1,"key":"Ancient Potion"},{"floor":2,"key":"SpeedPotion"},{"floor":6,"key":"Swift Potion"},{"floor":14,"key":"Poison Potion"},{"floor":18,"key":"SteroidPotion"},{"floor":21,"key":"Swift Potion"}],"is_trial":false,"path_per_floor":["M","M","?","?","M","E","M","R","T","$","M","?","?","E","R","B",null,"M","?","M","M","M"],"character_chosen":"DEFECT","items_purchased":["Redo","Gash"],"campfire_rested":2,"item_purchase_floors":[10,10],"current_hp_per_floor":[75,75,64,49,49,23,16,38,38,38,38,38,38,36,58,41,75,68,68,46,20,0],"gold":246,"neow_bonus":"RANDOM_COMMON_RELIC","is_prod":false,"is_daily":false,"chose_seed":false,"campfire_upgraded":0,"win_rate":0,"timestamp":1549738466,"path_taken":["M","M","?","?","M","E","M","R","T","$","M","?","?","E","R","BOSS","M","?","M","M","M"],"build_version":"2019-01-23","purchased_purges":1,"victory":false,"max_hp_per_floor":[75,75,75,75,75,75,75,75,75,75,75,75,75,75,75,75,75,75,75,75,75,75],"card_choices":[{"not_picked":["Coolheaded","Undo"],"picked":"FTL","floor":1},{"not_picked":["FTL","Scrape"],"picked":"Streamline","floor":2},{"not_picked":["Recycle","Skim"],"picked":"Gash","floor":5},{"not_picked":["Leap","Hello World"],"picked":"Hologram","floor":6},{"not_picked":["Cold Snap","Stack"],"picked":"Go for the Eyes","floor":7},{"not_picked":["Ball Lightning","Double Energy"],"picked":"Coolheaded","floor":11},{"not_picked":["Turbo","Double Energy"],"picked":"All For One","floor":14},{"not_picked":["Multi-Cast","Rainbow"],"picked":"Echo Form","floor":16},{"not_picked":["Ball Lightning","Rip and Tear"],"picked":"Rebound","floor":18},{"not_picked":["Heatsinks","Rip and Tear"],"picked":"Conserve Battery+1","floor":20},{"not_picked":["Undo","Hologram"],"picked":"Beam Cell","floor":21}],"player_experience":646447,"relics_obtained":[{"floor":6,"key":"Vajra"},{"floor":9,"key":"DataDisk"},{"floor":14,"key":"Bag of Preparation"},{"floor":17,"key":"Boot"},{"floor":17,"key":"Singing Bowl"},{"floor":17,"key":"Peace Pipe"}],"event_choices":[{"damage_healed":0,"gold_gain":75,"player_choice":"Gather Gold","damage_taken":11,"max_hp_gain":0,"max_hp_loss":0,"event_name":"World of Goop","floor":3,"gold_loss":0},{"damage_healed":0,"gold_gain":0,"player_choice":"Entered Light","damage_taken":15,"max_hp_gain":0,"max_hp_loss":0,"event_name":"Shining Light","floor":4,"gold_loss":0,"cards_upgraded":["Streamline","Dualcast"]},{"cards_removed":["Strike_B"],"damage_healed":0,"gold_gain":0,"player_choice":"Forget","damage_taken":0,"max_hp_gain":0,"max_hp_loss":0,"event_name":"Living Wall","floor":12,"gold_loss":0},{"damage_healed":0,"gold_gain":0,"player_choice":"Ignored","damage_taken":0,"max_hp_gain":0,"max_hp_loss":0,"event_name":"Golden Idol","floor":13,"gold_loss":0},{"cards_removed":["Normality"],"damage_healed":0,"gold_gain":0,"player_choice":"Gave Gold","damage_taken":0,"max_hp_gain":0,"max_hp_loss":0,"event_name":"Beggar","floor":19,"gold_loss":75}],"is_beta":false,"boss_relics":[{"not_picked":["Coffee Dripper","Philosopher\u0027s Stone"],"picked":"Calling Bell"}],"items_purged_floors":[10],"is_endless":false,"potions_floor_spawned":[1,2,6,14,18,21],"killed_by":"Snake Plant","ascension_level":0}