{"gold_per_floor":[110,125,125,48,48,48,64,64,64,64,91,103,130,154,166,178],"floor_reached":16,"playtime":947,"items_purged":[],"score":190,"play_id":"6ef551a9-5649-4472-bf9d-a78fb35f6edb","local_time":"20190209004450","is_ascension_mode":true,"campfire_choices":[{"data":"Adrenaline","floor":6,"key":"SMITH"},{"data":"Backflip","floor":8,"key":"SMITH"},{"floor":10,"key":"REST"},{"data":"Malaise","floor":12,"key":"SMITH"},{"floor":15,"key":"REST"}],"neow_cost":"NONE","seed_source_timestamp":2186138436819414,"circlet_count":0,"master_deck":["AscendersBane","Defend_G","Defend_G+1","Defend_G","Defend_G","Defend_G","Strike_G","Strike_G","Strike_G","Strike_G","Survivor","Neutralize+1","Poisoned Stab+1","Flying Knee","PiercingWail","Adrenaline+1","Backflip+1","Malaise+1","Blur","Backflip"],"relics":["Ring of the Snake","Lantern","MawBank"],"potions_floor_usage":[11,16,16],"damage_taken":[{"damage":8,"enemies":"Jaw Worm","floor":1,"turns":5},{"damage":2,"enemies":"2 Louse","floor":2,"turns":5},{"damage":0,"enemies":"Cultist","floor":7,"turns":3},{"damage":9,"enemies":"3 Sentries","floor":11,"turns":10},{"damage":0,"enemies":"Red Slaver","floor":13,"turns":3},{"damage":7,"enemies":"Exordium Wildlife","floor":14,"turns":7},{"damage":53,"enemies":"Slime Boss","floor":16,"turns":11}],"seed_played":"6211544227310515941","potions_obtained":[{"floor":7,"key":"GamblersBrew"},{"floor":11,"key":"Swift Potion"},{"floor":13,"key":"EssenceOfSteel"}],"is_trial":false,"path_per_floor":["M","M","?","$","?","R","M","R","T","R","E","R","M","M","R","B"],"character_chosen":"THE_SILENT","items_purchased":["Adrenaline"],"campfire_rested":2,"item_purchase_floors":[4],"current_hp_per_floor":[51,49,29,29,29,29,29,29,29,48,39,39,39,32,51,0],"gold":178,"neow_bonus":"TRANSFORM_CARD","is_prod":false,"is_daily":false,"chose_seed":false,"campfire_upgraded":3,"win_rate":0,"timestamp":1549691090,"path_taken":["M","M","?","$","?","R","M","R","T","R","E","R","M","M","R","BOSS"],"build_version":"2019-01-23","purchased_purges":0,"victory":false,"max_hp_per_floor":[66,66,66,66,66,66,66,66,66,66,66,66,66,66,66,66],"card_choices":[{"not_picked":["Infinite Blades","Acrobatics"],"picked":"Flying Knee","floor":1},{"not_picked":["Dagger Spray","Poisoned Stab"],"picked":"PiercingWail","floor":2},{"not_picked":["Bane","Outmaneuver"],"picked":"Backflip","floor":7},{"not_picked":["Deflect","Flying Knee"],"picked":"Malaise","floor":11},{"not_picked":["Eviscerate","Acrobatics"],"picked":"Blur","floor":13},{"not_picked":["Slice","Deflect"],"picked":"Backflip","floor":14}],"player_experience":3544653,"relics_obtained":[{"floor":9,"key":"Lantern"},{"floor":11,"key":"MawBank"}],"event_choices":[{"damage_healed":0,"gold_gain":0,"player_choice":"Entered Light","damage_taken":20,"max_hp_gain":0,"max_hp_loss":0,"event_name":"Shining Light","floor":3,"gold_loss":0,"cards_upgraded":["Defend_G","Poisoned Stab"]},{"damage_healed":0,"gold_gain":0,"player_choice":"Grow","damage_taken":0,"max_hp_gain":0,"max_hp_loss":0,"event_name":"Living Wall","floor":5,"gold_loss":0,"cards_upgraded":["Neutralize"]}],"is_beta":false,"boss_relics":[],"items_purged_floors":[],"is_endless":false,"potions_floor_spawned":[7,11,13],"killed_by":"Slime Boss","ascension_level":18}