{"gold_per_floor":[114,114,114,127,145,145,170,170,196,522,97,113,148,166,166,268,268,287,287,12,12,28,92,92,19,19,33,65,80,105,119,119,224,224,234,234,244,70,120,153,153,173,173,173,205,220,231,246,246,246],"floor_reached":51,"playtime":5908,"items_purged":["Strike_R","Battle Trance+1"],"score":1001,"play_id":"c46b8067-1baa-474c-8a5e-84b8fa0c3798","local_time":"20190201151131","is_ascension_mode":true,"campfire_choices":[{"data":"Armaments","floor":6,"key":"SMITH"},{"data":"Body Slam","floor":8,"key":"SMITH"},{"data":"Dark Embrace","floor":15,"key":"SMITH"},{"data":"Corruption","floor":24,"key":"SMITH"},{"floor":32,"key":"REST"},{"data":"Offering","floor":41,"key":"SMITH"},{"data":"True Grit","floor":44,"key":"SMITH"},{"data":"Reaper","floor":49,"key":"SMITH"}],"neow_cost":"NONE","seed_source_timestamp":4217876663953,"circlet_count":0,"master_deck":["Strike_R","Strike_R","Strike_R","Defend_R","Defend_R+1","Defend_R+1","Defend_R","Bash","Uppercut","Dark Embrace+1","Armaments+1","Body Slam+1","Impervious","Corruption+1","Entrench","Combust","True Grit+1","Reaper+1","Rupture","Ghostly","Ghostly","Ghostly","Ghostly","Ghostly","True Grit+1","Disarm","Impervious","Offering+1","Rupture+1","Spot Weakness+1","Feel No Pain+1","Feel No Pain+1","Disarm","Barricade+1","Combust+1","Combust+1"],"relics":["Black Blood","Bag of Marbles","Ancient Tea Set","Old Coin","Letter Opener","Potion Belt","Calling Bell","Dream Catcher","Pear","Turnip","Frozen Egg 2","Tiny Chest","Strawberry","War Paint","Lantern","Blood Vial","Darkstone Periapt","Singing Bowl","Bottled Lightning"],"potions_floor_usage":[7,16,23,23,28,50],"damage_taken":[{"damage":0,"enemies":"2 Louse","floor":1,"turns":4},{"damage":0,"enemies":"Small Slimes","floor":4,"turns":3},{"damage":7,"enemies":"Jaw Worm","floor":5,"turns":4},{"damage":3,"enemies":"3 Sentries","floor":7,"turns":7},{"damage":13,"enemies":"Gremlin Nob","floor":10,"turns":4},{"damage":0,"enemies":"Large Slime","floor":12,"turns":2},{"damage":0,"enemies":"Lagavulin","floor":13,"turns":5},{"damage":6,"enemies":"Gremlin Gang","floor":14,"turns":6},{"damage":10,"enemies":"Slime Boss","floor":16,"turns":10},{"damage":27,"enemies":"Chosen","floor":18,"turns":6},{"damage":3,"enemies":"2 Thieves","floor":22,"turns":5},{"damage":16,"enemies":"Book of Stabbing","floor":23,"turns":8},{"damage":3,"enemies":"Cultist and Chosen","floor":27,"turns":7},{"damage":33,"enemies":"Slavers","floor":28,"turns":5},{"damage":3,"enemies":"Centurion and Healer","floor":29,"turns":6},{"damage":32,"enemies":"Shelled Parasite and Fungi","floor":31,"turns":7},{"damage":15,"enemies":"Automaton","floor":33,"turns":8},{"damage":1,"enemies":"3 Shapes","floor":35,"turns":4},{"damage":16,"enemies":"3 Darklings","floor":37,"turns":6},{"damage":15,"enemies":"Reptomancer","floor":40,"turns":8},{"damage":6,"enemies":"Maw","floor":42,"turns":6},{"damage":12,"enemies":"Giant Head","floor":45,"turns":5},{"damage":9,"enemies":"Writhing Mass","floor":46,"turns":6},{"damage":6,"enemies":"4 Shapes","floor":47,"turns":7},{"damage":11,"enemies":"Maw","floor":48,"turns":6},{"damage":9,"enemies":"Donu and Deca","floor":50,"turns":7}],"seed_played":"-5238920655013777662","potions_obtained":[{"floor":4,"key":"Dexterity Potion"},{"floor":5,"key":"Weak Potion"},{"floor":10,"key":"Regen Potion"},{"floor":13,"key":"Fire Potion"},{"floor":18,"key":"Energy Potion"},{"floor":22,"key":"Energy Potion"},{"floor":37,"key":"Explosive Potion"},{"floor":45,"key":"FearPotion"},{"floor":48,"key":"PowerPotion"}],"is_trial":false,"path_per_floor":["M","?","?","M","M","R","E","R","T","E","$","M","E","M","R","B",null,"M","?","$","?","M","E","R","$","T","M","E","M","T","M","R","B",null,"M","?","M","$","T","E","R","M","T","R","E","M","M","M","R","B",null],"character_chosen":"IRONCLAD","items_purchased":["Corruption","Entrench","Letter Opener","Frozen Egg 2","True Grit","Offering","Combust+1"],"campfire_rested":1,"item_purchase_floors":[11,11,11,20,20,25,38],"current_hp_per_floor":[80,64,64,70,69,69,72,72,72,65,65,71,77,77,77,73,90,69,45,45,45,45,45,45,45,52,52,34,37,37,11,26,51,52,52,52,52,52,52,52,52,52,52,52,52,56,58,60,60,60],"gold":246,"neow_bonus":"THREE_CARDS","is_prod":false,"is_daily":false,"chose_seed":false,"campfire_upgraded":7,"win_rate":0,"timestamp":1549051891,"path_taken":["M","?","?","M","M","R","E","R","T","E","$","M","E","M","R","BOSS","M","?","$","?","M","E","R","$","T","?","E","M","?","M","R","BOSS","M","?","M","$","?","E","R","?","T","R","E","M","M","M","R","BOSS"],"build_version":"2019-01-23","purchased_purges":2,"victory":true,"max_hp_per_floor":[80,80,80,80,80,80,80,80,80,80,80,80,80,80,80,80,90,90,45,45,45,45,45,45,45,52,52,52,52,52,52,52,52,52,52,52,52,52,52,52,52,52,52,52,54,56,58,60,60,60],"card_choices":[{"not_picked":["Evolve","Burning Pact"],"picked":"Uppercut","floor":0},{"not_picked":["Armaments","Power Through"],"picked":"Battle Trance","floor":1},{"not_picked":["Burning Pact","Havoc"],"picked":"Armaments","floor":4},{"not_picked":["Perfected Strike","Sentinel","Clothesline"],"picked":"SKIP","floor":5},{"not_picked":["Twin Strike","Sentinel"],"picked":"Body Slam","floor":7},{"not_picked":["Warcry","Pummel"],"picked":"Impervious","floor":10},{"not_picked":["Cleave","Perfected Strike","Clash"],"picked":"SKIP","floor":12},{"not_picked":["Reckless Charge","Cleave"],"picked":"Combust","floor":13},{"not_picked":["Evolve","Dropkick"],"picked":"True Grit","floor":14},{"not_picked":["Dark Embrace","Brutality"],"picked":"Reaper","floor":16},{"not_picked":["Perfected Strike+1","Clash"],"picked":"Rupture","floor":18},{"not_picked":["Blood for Blood","Infernal Blade"],"picked":"Disarm","floor":22},{"not_picked":["Clothesline","Cleave"],"picked":"Impervious","floor":23},{"not_picked":["Sword Boomerang","Clothesline"],"picked":"Rupture+1","floor":27},{"not_picked":["Corruption+1","Twin Strike"],"picked":"Spot Weakness+1","floor":28},{"not_picked":["Pummel","Flame Barrier+1"],"picked":"Feel No Pain+1","floor":29},{"not_picked":["Clothesline","Intimidate"],"picked":"Feel No Pain+1","floor":31},{"not_picked":["Sentinel","Evolve+1"],"picked":"Disarm","floor":32},{"not_picked":["Exhume","Limit Break"],"picked":"Barricade+1","floor":33},{"not_picked":["Whirlwind+1","Evolve+1","Searing Blow+1"],"picked":"SKIP","floor":35},{"not_picked":["Wild Strike+1","Hemokinesis+1","Flex+1"],"picked":"SKIP","floor":37},{"not_picked":["Clash","Power Through+1"],"picked":"Combust+1","floor":40},{"not_picked":["Wild Strike+1","Whirlwind+1","True Grit"],"picked":"SKIP","floor":42},{"not_picked":["Flame Barrier","Sentinel+1","Flex+1"],"picked":"Singing Bowl","floor":45},{"not_picked":["Shrug It Off","Sentinel","Anger"],"picked":"Singing Bowl","floor":46},{"not_picked":["Pommel Strike+1","Headbutt+1","Thunderclap+1"],"picked":"Singing Bowl","floor":47},{"not_picked":["Sword Boomerang","Pummel+1","Carnage"],"picked":"Singing Bowl","floor":48}],"player_experience":186872,"relics_obtained":[{"floor":7,"key":"Bag of Marbles"},{"floor":9,"key":"Ancient Tea Set"},{"floor":10,"key":"Old Coin"},{"floor":13,"key":"Potion Belt"},{"floor":17,"key":"Dream Catcher"},{"floor":17,"key":"Pear"},{"floor":17,"key":"Turnip"},{"floor":23,"key":"Tiny Chest"},{"floor":26,"key":"Strawberry"},{"floor":28,"key":"War Paint"},{"floor":30,"key":"Lantern"},{"floor":39,"key":"Blood Vial"},{"floor":40,"key":"Darkstone Periapt"},{"floor":43,"key":"Singing Bowl"},{"floor":45,"key":"Bottled Lightning"}],"event_choices":[{"damage_healed":0,"gold_gain":0,"player_choice":"Entered Light","damage_taken":16,"max_hp_gain":0,"max_hp_loss":0,"event_name":"Shining Light","floor":2,"gold_loss":0,"cards_upgraded":["Battle Trance","Defend_R"]},{"damage_healed":0,"gold_gain":0,"cards_transformed":["Strike_R"],"player_choice":"Change","damage_taken":0,"max_hp_gain":0,"max_hp_loss":0,"event_name":"Living Wall","floor":3,"gold_loss":0,"cards_obtained":["Dark Embrace"]},{"damage_healed":0,"gold_gain":0,"player_choice":"Became a Ghost","damage_taken":0,"max_hp_gain":0,"max_hp_loss":45,"event_name":"Ghosts","floor":19,"gold_loss":0,"cards_obtained":["Ghostly","Ghostly","Ghostly","Ghostly","Ghostly"]},{"cards_removed":["Writhe","Clumsy","Doubt"],"damage_healed":0,"gold_gain":0,"player_choice":"Removed Curses","damage_taken":0,"max_hp_gain":0,"max_hp_loss":0,"event_name":"Fountain of Cleansing","floor":21,"gold_loss":0},{"damage_healed":0,"gold_gain":0,"player_choice":"Ignored","damage_taken":0,"max_hp_gain":0,"max_hp_loss":0,"event_name":"Tomb of Lord Red Mask","floor":36,"gold_loss":0}],"is_beta":false,"boss_relics":[{"not_picked":["Lizard Tail","Tiny House"],"picked":"Calling Bell"},{"not_picked":["Snecko Eye","Orrery"],"picked":"Black Blood"}],"items_purged_floors":[11,38],"is_endless":false,"potions_floor_spawned":[4,5,10,13,18,22,37,45,48],"ascension_level":2}