{"gold_per_floor":[116,129,140,159,109,109,134,134,134,149,162,173,173,185,185,185],"floor_reached":16,"playtime":1576,"items_purged":[],"score":106,"play_id":"c4f00f94-e4ce-40b7-845c-4eaa94803781","local_time":"20190127212955","is_ascension_mode":false,"campfire_choices":[{"data":"Dagger Spray","floor":6,"key":"SMITH"},{"data":"Endless Agony","floor":8,"key":"SMITH"},{"data":"Masterful Stab","floor":15,"key":"SMITH"}],"neow_cost":"NONE","seed_source_timestamp":1630088478202366,"circlet_count":0,"master_deck":["Defend_G","Defend_G","Defend_G","Defend_G","Strike_G","Strike_G","Strike_G","Strike_G","Survivor","Neutralize","Dash","Dagger Spray+1","Flying Knee","Masterful Stab+1","Endless Agony+1","Slice","Underhanded Strike","Deflect+1","Deflect+1"],"relics":["Ring of the Snake","Bag of Preparation","Dream Catcher","Toxic Egg 2"],"potions_floor_usage":[16,16,16],"damage_taken":[{"damage":0,"enemies":"Small Slimes","floor":1,"turns":4},{"damage":0,"enemies":"Jaw Worm","floor":2,"turns":6},{"damage":0,"enemies":"Cultist","floor":3,"turns":4},{"damage":2,"enemies":"Looter","floor":4,"turns":3},{"damage":4,"enemies":"3 Sentries","floor":7,"turns":6},{"damage":0,"enemies":"3 Louse","floor":10,"turns":1},{"damage":2,"enemies":"Large Slime","floor":11,"turns":5},{"damage":0,"enemies":"2 Fungi Beasts","floor":12,"turns":3},{"damage":0,"enemies":"Looter","floor":14,"turns":3},{"damage":62,"enemies":"The Guardian","floor":16,"turns":18}],"seed_played":"7801760109916765363","potions_obtained":[{"floor":1,"key":"Energy Potion"},{"floor":2,"key":"Swift Potion"},{"floor":10,"key":"LiquidBronze"},{"floor":12,"key":"Dexterity Potion"}],"is_trial":false,"path_per_floor":["M","M","M","M","?","R","E","R","T","M","M","M","?","M","R","B"],"character_chosen":"THE_SILENT","items_purchased":[],"campfire_rested":0,"item_purchase_floors":[],"current_hp_per_floor":[70,70,70,68,68,68,64,64,64,64,62,62,62,62,62,0],"gold":185,"neow_bonus":"RANDOM_COMMON_RELIC","is_prod":false,"is_daily":false,"chose_seed":false,"campfire_upgraded":3,"win_rate":0.0,"timestamp":1548660595,"path_taken":["M","M","M","M","?","R","E","R","T","M","M","M","?","M","R","BOSS"],"build_version":"2019-01-23","purchased_purges":0,"victory":false,"max_hp_per_floor":[70,70,70,70,70,70,70,70,70,70,70,70,70,70,70,70],"card_choices":[{"not_picked":["Blur","Riddle With Holes"],"picked":"Dash","floor":1},{"not_picked":["PiercingWail","Caltrops"],"picked":"Dagger Spray","floor":2},{"not_picked":["Footwork","Poisoned Stab"],"picked":"Flying Knee","floor":3},{"not_picked":["Prepared","Reflex"],"picked":"Masterful Stab","floor":4},{"not_picked":["Acrobatics","All Out Attack"],"picked":"Endless Agony","floor":7},{"not_picked":["Quick Slash","Prepared+1"],"picked":"Slice","floor":10},{"not_picked":["Eviscerate","Reflex+1"],"picked":"Underhanded Strike","floor":11},{"not_picked":["Bane","Corpse Explosion+1"],"picked":"Deflect+1","floor":12},{"not_picked":["Heel Hook","Backflip+1"],"picked":"Deflect+1","floor":14}],"player_experience":25038,"relics_obtained":[{"floor":7,"key":"Dream Catcher"},{"floor":9,"key":"Toxic Egg 2"}],"event_choices":[{"cards_removed":["Strike_G"],"damage_healed":0,"gold_gain":0,"player_choice":"Card Removal","damage_taken":0,"max_hp_gain":0,"max_hp_loss":0,"event_name":"The Cleric","floor":5,"gold_loss":50},{"cards_removed":["Defend_G"],"damage_healed":0,"gold_gain":0,"player_choice":"Purged","damage_taken":0,"max_hp_gain":0,"max_hp_loss":0,"event_name":"Purifier","floor":13,"gold_loss":0}],"is_beta":false,"boss_relics":[],"items_purged_floors":[],"is_endless":false,"potions_floor_spawned":[1,2,10,12],"killed_by":"The Guardian","ascension_level":0}