{"gold_per_floor":[118,98,115,115,115,115,148,161,161,161,178,178,193,193,193,296,296,312,312,301,301,14,14,46,46,46,60,92,92,92],"floor_reached":30,"playtime":1471,"items_purged":["Writhe"],"score":358,"play_id":"16a7b635-af41-4975-9b35-05dfe9edf07a","local_time":"20181028142827","is_ascension_mode":true,"campfire_choices":[{"floor":6,"key":"REST"},{"floor":10,"key":"REST"},{"data":"Fusion","floor":12,"key":"SMITH"},{"floor":15,"key":"REST"},{"data":"Zap","floor":23,"key":"SMITH"},{"data":"Zap","floor":29,"key":"SMITH"}],"neow_cost":"PERCENT_DAMAGE","seed_source_timestamp":1600699034400831,"circlet_count":0,"master_deck":["Strike_B","Strike_B","Defend_B+1","Defend_B","Defend_B+1","Defend_B","Zap+1","Dualcast","Fusion+1","Static Discharge","Go for the Eyes","Conserve Battery","Zap+1","Doom and Gloom","Compile Driver","Cold Snap","Cold Snap","Core Surge","Coolheaded+1","Ghostly","Ghostly","Ghostly","Ghostly","Ghostly","Compile Driver+1","Self Repair","White Noise","Loop"],"relics":["Cracked Core","Letter Opener","Regal Pillow","Juzu Bracelet","Sozu","Lantern","Omamori","DataDisk","Darkstone Periapt","PreservedInsect"],"potions_floor_usage":[3,7,11,27,28],"damage_taken":[{"damage":14,"enemies":"2 Louse","floor":1,"turns":3},{"damage":0,"enemies":"Cultist","floor":3,"turns":3},{"damage":28,"enemies":"3 Sentries","floor":7,"turns":5},{"damage":2,"enemies":"Jaw Worm","floor":8,"turns":3},{"damage":13,"enemies":"Large Slime","floor":11,"turns":4},{"damage":2,"enemies":"Red Slaver","floor":13,"turns":4},{"damage":16,"enemies":"Hexaghost","floor":16,"turns":9},{"damage":6,"enemies":"3 Byrds","floor":18,"turns":3},{"damage":0,"enemies":"2 Thieves","floor":20,"turns":4},{"damage":1,"enemies":"Book of Stabbing","floor":24,"turns":6},{"damage":0,"enemies":"Snecko","floor":27,"turns":6},{"damage":22,"enemies":"Slavers","floor":28,"turns":4},{"damage":19,"enemies":"Snake Plant","floor":30,"turns":1}],"seed_played":"8023788321383694396","potions_obtained":[{"floor":1,"key":"Fire Potion"},{"floor":2,"key":"Ancient Potion"},{"floor":3,"key":"SkillPotion"},{"floor":8,"key":"AttackPotion"},{"floor":16,"key":"Strength Potion"}],"is_trial":false,"path_per_floor":["M","?","M","?","?","R","E","M","T","R","M","R","M","?","R","B",null,"M","?","M","?","$","R","E","?","T","M","E","R"],"character_chosen":"DEFECT","items_purchased":["Self Repair","Omamori"],"campfire_rested":3,"item_purchase_floors":[22,22],"current_hp_per_floor":[40,40,40,40,37,59,31,29,29,66,53,53,51,36,73,57,71,65,37,37,37,37,37,37,37,37,37,15,15,0],"gold":92,"neow_bonus":"TRANSFORM_TWO_CARDS","is_prod":false,"is_daily":false,"chose_seed":false,"campfire_upgraded":3,"win_rate":0,"timestamp":1540751307,"path_taken":["M","?","M","?","?","R","E","?","T","R","M","R","M","?","R","BOSS","M","?","M","?","?","R","E","?","T","M","E","R","M"],"build_version":"2018-10-25v2","purchased_purges":1,"victory":false,"max_hp_per_floor":[75,75,75,75,75,75,75,75,75,75,75,75,75,75,75,75,75,75,37,37,37,37,37,37,37,37,37,37,37,37],"card_choices":[{"not_picked":["Skim","Darkness","Double Energy"],"picked":"SKIP","floor":1},{"not_picked":["Hello World","Undo"],"picked":"Go for the Eyes","floor":3},{"not_picked":["Sweeping Beam","Beam Cell"],"picked":"Compile Driver","floor":7},{"not_picked":["Force Field","Go for the Eyes"],"picked":"Cold Snap","floor":8},{"not_picked":["Darkness","Rebound"],"picked":"Cold Snap","floor":11},{"not_picked":["Leap","Static Discharge","Rainbow"],"picked":"SKIP","floor":13},{"not_picked":["Hyperbeam","Amplify"],"picked":"Core Surge","floor":16},{"not_picked":["Force Field","Doom and Gloom"],"picked":"Coolheaded+1","floor":18},{"not_picked":["Steam+1","Conserve Battery"],"picked":"Compile Driver+1","floor":20},{"not_picked":["Hello World+1","Cold Snap"],"picked":"White Noise","floor":24},{"not_picked":["Chaos","Beam Cell","Turbo"],"picked":"SKIP","floor":27},{"not_picked":["Cold Snap+1","Doom and Gloom"],"picked":"Loop","floor":28}],"player_experience":410152,"relics_obtained":[{"floor":7,"key":"Regal Pillow"},{"floor":9,"key":"Juzu Bracelet"},{"floor":24,"key":"DataDisk"},{"floor":26,"key":"Darkstone Periapt"},{"floor":28,"key":"PreservedInsect"}],"event_choices":[{"damage_healed":0,"gold_gain":0,"player_choice":"Bought 1 Potion","damage_taken":0,"max_hp_gain":0,"max_hp_loss":0,"event_name":"The Woman in Blue","floor":2,"gold_loss":0},{"damage_healed":0,"gold_gain":0,"player_choice":"3 cards matched","damage_taken":0,"max_hp_gain":0,"max_hp_loss":0,"event_name":"Match and Keep!","floor":4,"gold_loss":0,"cards_obtained":["Conserve Battery","Zap","Doom and Gloom"]},{"damage_healed":0,"gold_gain":0,"player_choice":"Success","damage_taken":3,"relics_obtained":["Letter Opener"],"max_hp_gain":0,"max_hp_loss":0,"event_name":"Scrap Ooze","floor":5,"gold_loss":0},{"damage_healed":0,"gold_gain":0,"player_choice":"Entered Light","damage_taken":15,"max_hp_gain":0,"max_hp_loss":0,"event_name":"Shining Light","floor":14,"gold_loss":0,"cards_upgraded":["Defend_B","Defend_B"]},{"damage_healed":0,"gold_gain":0,"player_choice":"Became a Ghost","damage_taken":0,"max_hp_gain":0,"max_hp_loss":38,"event_name":"Ghosts","floor":19,"gold_loss":0,"cards_obtained":["Ghostly","Ghostly","Ghostly","Ghostly","Ghostly"]},{"damage_healed":0,"gold_gain":0,"player_choice":"Opened","damage_taken":0,"relics_obtained":["Lantern"],"max_hp_gain":0,"max_hp_loss":0,"event_name":"The Mausoleum","floor":21,"gold_loss":0,"cards_obtained":["Writhe"]},{"damage_healed":0,"gold_gain":0,"player_choice":"Ignored","damage_taken":0,"max_hp_gain":0,"max_hp_loss":0,"event_name":"Beggar","floor":25,"gold_loss":0}],"is_beta":false,"boss_relics":[{"not_picked":["Lizard Tail","Orrery"],"picked":"Sozu"}],"items_purged_floors":[22],"is_endless":false,"potions_floor_spawned":[1,3,8,16,28],"killed_by":"Snake Plant","ascension_level":5}