{"gold_per_floor":[113,132,207,224,224,258,258,293,344,356,356,366,366,119,119,119],"floor_reached":16,"playtime":1460,"items_purged":[],"score":110,"play_id":"53437bce-155a-4854-aa8f-1d04a8724fbf","local_time":"20190209193444","is_ascension_mode":false,"campfire_choices":[{"floor":7,"key":"REST"},{"floor":11,"key":"REST"},{"floor":13,"key":"REST"},{"data":"Calculated Gamble","floor":15,"key":"SMITH"}],"neow_cost":"CURSE","seed_source_timestamp":714991927797397,"circlet_count":0,"master_deck":["Defend_G","Defend_G","Defend_G","Defend_G","Defend_G","Strike_G","Strike_G","Strike_G","Strike_G","Strike_G","Survivor","Neutralize+1","Regret","Quick Slash","Backstab","Crippling Poison","Blur","Well Laid Plans","Calculated Gamble+1","Tools of the Trade","Dagger Spray","Bouncing Flask"],"relics":["Ring of the Snake","Gambling Chip","Darkstone Periapt","Anchor","Bronze Scales"],"potions_floor_usage":[16,16],"damage_taken":[{"damage":0,"enemies":"Cultist","floor":1,"turns":6},{"damage":0,"enemies":"2 Louse","floor":2,"turns":4},{"damage":0,"enemies":"Jaw Worm","floor":4,"turns":2},{"damage":38,"enemies":"Gremlin Nob","floor":6,"turns":5},{"damage":33,"enemies":"Lagavulin","floor":8,"turns":9},{"damage":5,"enemies":"Blue Slaver","floor":10,"turns":4},{"damage":4,"enemies":"Large Slime","floor":12,"turns":6},{"damage":50,"enemies":"Slime Boss","floor":16,"turns":11}],"seed_played":"-6820373055049320538","potions_obtained":[{"floor":2,"key":"Strength Potion"},{"floor":8,"key":"Ancient Potion"},{"floor":10,"key":"Dexterity Potion"}],"is_trial":false,"path_per_floor":["M","M","?","M","?","E","R","E","T","M","R","M","R","$","R","B"],"character_chosen":"THE_SILENT","items_purchased":["Bronze Scales","Dagger Spray","Bouncing Flask"],"campfire_rested":3,"item_purchase_floors":[14,14,14],"current_hp_per_floor":[70,70,59,59,59,21,42,9,9,4,25,21,42,42,42,0],"gold":119,"neow_bonus":"ONE_RARE_RELIC","is_prod":false,"is_daily":false,"chose_seed":false,"campfire_upgraded":1,"win_rate":0,"timestamp":1549737284,"path_taken":["M","M","?","M","?","E","R","E","T","M","R","?","R","?","R","BOSS"],"build_version":"2019-01-23","purchased_purges":0,"victory":false,"max_hp_per_floor":[70,70,70,70,70,70,70,70,70,70,70,70,70,70,70,70],"card_choices":[{"not_picked":["Deadly Poison","Cloak And Dagger"],"picked":"Quick Slash","floor":1},{"not_picked":["Predator","Distraction"],"picked":"Backstab","floor":2},{"not_picked":["Dagger Spray","Blade Dance"],"picked":"Crippling Poison","floor":4},{"not_picked":["Quick Slash","Masterful Stab"],"picked":"Blur","floor":6},{"not_picked":["Blade Dance","Crippling Poison"],"picked":"Well Laid Plans","floor":8},{"not_picked":["Bane","Blade Dance"],"picked":"Calculated Gamble","floor":10},{"not_picked":["Backflip","Quick Slash"],"picked":"Tools of the Trade","floor":12}],"player_experience":644987,"relics_obtained":[{"floor":6,"key":"Darkstone Periapt"},{"floor":8,"key":"Anchor"}],"event_choices":[{"damage_healed":0,"gold_gain":75,"player_choice":"Gather Gold","damage_taken":11,"max_hp_gain":0,"max_hp_loss":0,"event_name":"World of Goop","floor":3,"gold_loss":0},{"damage_healed":0,"gold_gain":0,"player_choice":"Upgraded","damage_taken":0,"max_hp_gain":0,"max_hp_loss":0,"event_name":"Upgrade Shrine","floor":5,"gold_loss":0,"cards_upgraded":["Neutralize"]}],"is_beta":false,"boss_relics":[],"items_purged_floors":[],"is_endless":false,"potions_floor_spawned":[2,8,10],"killed_by":"Slime Boss","ascension_level":0}