{"gold_per_floor":[111,111,111,111,127,156,172,172,225,139,139,64,87,105,105,105],"floor_reached":16,"playtime":396,"items_purged":["Strike_B","Defend_B"],"score":118,"play_id":"25391c48-69e8-4f6e-8e6a-96674edd7ea7","local_time":"20180915225022","is_ascension_mode":true,"campfire_choices":[{"data":"Zap","floor":8,"key":"SMITH"},{"data":"Dualcast","floor":11,"key":"SMITH"},{"floor":15,"key":"REST"}],"neow_cost":"","seed_source_timestamp":179635825361901,"circlet_count":0,"master_deck":["Strike_B","Strike_B","Defend_B","Defend_B","Defend_B","Zap+1","Dualcast+1","Gash","Double Energy","Electrodynamics","Coolheaded","FTL","Go for the Eyes","Chill"],"relics":["Cracked Core","Lantern","Turnip","Smiling Mask","Blood Vial"],"potions_floor_usage":[],"damage_taken":[{"damage":1,"enemies":"Cultist","floor":1,"turns":3},{"damage":4,"enemies":"Jaw Worm","floor":5,"turns":3},{"damage":35,"enemies":"3 Sentries","floor":6,"turns":8},{"damage":0,"enemies":"2 Louse","floor":7,"turns":1},{"damage":10,"enemies":"Lots of Slimes","floor":14,"turns":3},{"damage":46,"enemies":"Hexaghost","floor":16,"turns":10}],"seed_played":"4634598898498557063","potions_obtained":[{"floor":5,"key":"LiquidBronze"},{"floor":7,"key":"LiquidBronze"},{"floor":14,"key":"Dexterity Potion"}],"is_trial":false,"path_per_floor":["M","?","?","?","M","E","M","R","T","$","R","$","T","M","R"],"character_chosen":"DEFECT","items_purchased":["FTL","Go for the Eyes"],"campfire_rested":1,"item_purchase_floors":[10,12],"current_hp_per_floor":[74,67,67,67,63,28,28,28,28,28,28,28,28,20,42,0],"gold":105,"neow_bonus":"","is_prod":false,"is_daily":false,"chose_seed":false,"campfire_upgraded":2,"win_rate":0,"timestamp":1537019422,"path_taken":["M","?","?","?","?","E","?","R","T","$","R","?","?","?","R","BOSS"],"build_version":"2018-09-12","purchased_purges":2,"victory":false,"max_hp_per_floor":[75,75,75,75,75,75,75,75,75,75,75,75,75,75,75,75],"card_choices":[{"not_picked":["Turbo","Redo"],"picked":"Gash","floor":1},{"not_picked":["Cold Snap","Leap"],"picked":"Double Energy","floor":5},{"not_picked":["Stack","Rebound"],"picked":"Electrodynamics","floor":6},{"not_picked":["Steam","Cold Snap"],"picked":"Coolheaded","floor":7},{"not_picked":["Sweeping Beam","Lockon"],"picked":"Chill","floor":14}],"player_experience":429690,"relics_obtained":[{"floor":6,"key":"Turnip"},{"floor":9,"key":"Smiling Mask"},{"floor":13,"key":"Blood Vial"}],"event_choices":[{"event_name":"Scrap Ooze","player_choice":"success","floor":2,"damage_taken":7},{"event_name":"Purifier","player_choice":"One Purge","floor":3,"damage_taken":0},{"event_name":"The Woman in Blue","player_choice":"Bought 0 Potions","floor":4,"damage_taken":0}],"is_beta":true,"boss_relics":[],"items_purged_floors":[10,12],"is_endless":false,"potions_floor_spawned":[5,7,14],"killed_by":"Hexaghost","ascension_level":4}