{"gold_per_floor":[116,116,66,80,92,118,118,128,128,128,57,85,7,7,7,108,108,125,40,40,139,0,0,10,42,42,42,42,42],"floor_reached":29,"playtime":1150,"items_purged":[],"score":396,"play_id":"0171f89f-4925-4215-a771-4fd2bc7c7f76","local_time":"20181026012832","is_ascension_mode":true,"campfire_choices":[{"floor":7,"key":"REST"},{"data":"Defragment","floor":10,"key":"SMITH"},{"data":"Zap","floor":15,"key":"SMITH"},{"data":"Coolheaded","floor":23,"key":"SMITH"}],"neow_cost":"NONE","seed_source_timestamp":186333270638748,"circlet_count":0,"master_deck":["Strike_B","Strike_B","Strike_B","Defend_B","Defend_B","Defend_B","Zap+1","Dualcast","AscendersBane","Steam","Sweeping Beam","Defragment+1","Glacier","Conserve Battery","Glacier","Coolheaded+1","Self Repair","Machine Learning","Pain","Conserve Battery+1","Beam Cell"],"relics":["Cracked Core","NeowsBlessing","Strawberry","Letter Opener","Anchor","Omamori","Calling Bell","Bronze Scales","Darkstone Periapt","Ginger","Juzu Bracelet","Dodecahedron","Mango"],"potions_floor_usage":[12,29,29],"damage_taken":[{"damage":0,"enemies":"2 Louse","floor":1,"turns":1},{"damage":0,"enemies":"Small Slimes","floor":4,"turns":1},{"damage":0,"enemies":"Jaw Worm","floor":5,"turns":1},{"damage":30,"enemies":"3 Sentries","floor":6,"turns":8},{"damage":2,"enemies":"Blue Slaver","floor":8,"turns":5},{"damage":7,"enemies":"Gremlin Nob","floor":12,"turns":4},{"damage":28,"enemies":"The Guardian","floor":16,"turns":24},{"damage":11,"enemies":"3 Byrds","floor":18,"turns":4},{"damage":7,"enemies":"Shell Parasite","floor":24,"turns":11},{"damage":45,"enemies":"Slavers","floor":25,"turns":7},{"damage":20,"enemies":"Colosseum Slavers","floor":28,"turns":5},{"damage":27,"enemies":"3 Cultists","floor":29,"turns":5}],"seed_played":"-6401635200102583188","potions_obtained":[{"floor":1,"key":"Poison Potion"},{"floor":6,"key":"FearPotion"},{"floor":8,"key":"FocusPotion"},{"floor":24,"key":"LiquidBronze"},{"floor":25,"key":"Block Potion"}],"is_trial":false,"path_per_floor":["M","?","?","M","M","E","R","M","T","R","$","E","$","?","R","B",null,"M","?","$","?","?","R","M","E","T","?","?"],"character_chosen":"DEFECT","items_purchased":["Glacier","Self Repair"],"campfire_rested":1,"item_purchase_floors":[11,13],"current_hp_per_floor":[68,57,57,57,57,27,51,49,49,49,49,42,42,35,35,14,65,61,61,61,61,61,61,61,23,37,37,24,0],"gold":42,"neow_bonus":"THREE_ENEMY_KILL","is_prod":false,"is_daily":false,"chose_seed":false,"campfire_upgraded":3,"win_rate":0,"timestamp":1540484912,"path_taken":["M","?","?","?","M","E","R","M","T","R","$","E","$","?","R","BOSS","M","?","?","?","?","R","M","E","T","?","?","M"],"build_version":"2018-10-18","purchased_purges":0,"victory":false,"max_hp_per_floor":[75,82,82,82,82,82,82,82,82,82,82,82,82,82,82,82,82,82,82,82,82,82,82,82,82,96,96,96,96],"card_choices":[{"not_picked":["Stack","Leap"],"picked":"Steam","floor":1},{"not_picked":["Hologram","Undo"],"picked":"Sweeping Beam","floor":4},{"not_picked":["Streamline","Darkness"],"picked":"Defragment","floor":5},{"not_picked":["Static Discharge","Hello World"],"picked":"Glacier","floor":6},{"not_picked":["Steam","Melter"],"picked":"Conserve Battery","floor":8},{"not_picked":["Undo","Hologram"],"picked":"Coolheaded","floor":12},{"not_picked":["All For One","Multi-Cast"],"picked":"Machine Learning","floor":16},{"not_picked":["Streamline+1","Coolheaded"],"picked":"Conserve Battery+1","floor":18},{"not_picked":["Sweeping Beam","Barrage"],"picked":"Beam Cell","floor":24},{"not_picked":["Gash","Rebound","Aggregate"],"picked":"SKIP","floor":25}],"player_experience":540344,"relics_obtained":[{"floor":6,"key":"Letter Opener"},{"floor":9,"key":"Anchor"},{"floor":12,"key":"Omamori"},{"floor":17,"key":"Bronze Scales"},{"floor":17,"key":"Darkstone Periapt"},{"floor":17,"key":"Ginger"},{"floor":25,"key":"Dodecahedron"},{"floor":26,"key":"Mango"}],"event_choices":[{"damage_healed":0,"gold_gain":0,"player_choice":"Success","damage_taken":18,"relics_obtained":["Strawberry"],"max_hp_gain":0,"max_hp_loss":0,"event_name":"Scrap Ooze","floor":2,"gold_loss":0},{"cards_removed":["Strike_B"],"damage_healed":0,"gold_gain":0,"player_choice":"Card Removal","damage_taken":0,"max_hp_gain":0,"max_hp_loss":0,"event_name":"The Cleric","floor":3,"gold_loss":50},{"cards_removed":["Defend_B"],"damage_healed":0,"gold_gain":0,"player_choice":"Card Removal","damage_taken":7,"max_hp_gain":0,"max_hp_loss":0,"event_name":"Golden Wing","floor":14,"gold_loss":0},{"damage_healed":0,"gold_gain":0,"player_choice":"Obtained Relic","damage_taken":0,"relics_obtained":["Juzu Bracelet"],"max_hp_gain":0,"max_hp_loss":0,"event_name":"Addict","floor":19,"gold_loss":85},{"damage_healed":0,"gold_gain":99,"player_choice":"Stole From Cult","damage_taken":0,"max_hp_gain":0,"max_hp_loss":0,"event_name":"Nest","floor":21,"gold_loss":0},{"damage_healed":0,"gold_gain":0,"player_choice":"Paid Fearfully","damage_taken":0,"max_hp_gain":0,"max_hp_loss":0,"event_name":"Masked Bandits","floor":22,"gold_loss":139},{"damage_healed":0,"gold_gain":0,"player_choice":"Ignored","damage_taken":0,"max_hp_gain":0,"max_hp_loss":0,"event_name":"Ghosts","floor":27,"gold_loss":0},{"damage_healed":0,"gold_gain":0,"player_choice":"Fight","damage_taken":0,"max_hp_gain":0,"max_hp_loss":0,"event_name":"Colosseum","floor":28,"gold_loss":0},{"damage_healed":0,"gold_gain":0,"player_choice":"Fled From Nobs","damage_taken":0,"max_hp_gain":0,"max_hp_loss":0,"event_name":"Colosseum","floor":28,"gold_loss":0}],"is_beta":false,"boss_relics":[{"not_picked":["FrozenCore","Eternal Feather"],"picked":"Calling Bell"}],"items_purged_floors":[],"is_endless":false,"potions_floor_spawned":[1,6,8,24,25,28],"killed_by":"3 Cultists","ascension_level":10}