{"gold_per_floor":[118,193,208,383,403,403,423,423,491,491,506,506,522,540,540,645,645,645,645,645,645,252,252,177,177,177,177,177,177,177,177,177,177,177,177,177,177,177,177,177,177,177,177,177,177,138,138,62,62,62],"floor_reached":51,"playtime":3199,"items_purged":["Doubt"],"score":912,"play_id":"a78c5bc0-d0d7-4103-a4d9-d463b6cfb3bc","local_time":"20180704135554","daily_mods":["Draft"],"is_ascension_mode":false,"campfire_choices":[{"data":"Cloak And Dagger","floor":6.0,"key":"SMITH"},{"data":"Cloak And Dagger","floor":10.0,"key":"SMITH"},{"data":"Phantasmal Killer","floor":12.0,"key":"SMITH"},{"data":"Reflex","floor":15.0,"key":"SMITH"},{"data":"Cloak And Dagger","floor":23.0,"key":"SMITH"},{"data":"Accuracy","floor":25.0,"key":"SMITH"},{"floor":28.0,"key":"REST"},{"data":"Footwork","floor":30.0,"key":"SMITH"},{"data":"Concentrate","floor":32.0,"key":"SMITH"},{"floor":44,"key":"REST"},{"floor":49,"key":"REST"}],"neow_cost":"","seed_source_timestamp":0,"circlet_count":0,"master_deck":["Cloak And Dagger+1","Cloak And Dagger+1","Reflex","Blur","Infinite Blades+1","Noxious Fumes","Blade Dance","Acrobatics","Acrobatics","Dagger Spray","Reflex","Noxious Fumes","Acrobatics","Caltrops","Flying Knee+1","Escape Plan","Terror","Reflex+1","Phantasmal Killer+1","Calculated Gamble","Storm of Steel+1","Cloak And Dagger+1","Well Laid Plans+1","Footwork+1","Accuracy+1","Cloak And Dagger+1","Concentrate+1","Burst","Well Laid Plans","Escape Plan","Cloak And Dagger","PiercingWail","Footwork","Infinite Blades"],"special_seed":0,"relics":["Ring of the Snake","Matryoshka","Ectoplasm","Bag of Marbles","Kunai","Blood Vial","Regal Pillow","Bottled Lightning","Lizard Tail","Turnip","Oddly Smooth Stone","Singing Bowl","Happy Flower"],"potions_floor_usage":[50],"damage_taken":[{"damage":6.0,"enemies":"Small Slimes","floor":1.0,"turns":4.0},{"damage":1.0,"enemies":"Cultist","floor":3.0,"turns":3.0},{"damage":0.0,"enemies":"2 Louse","floor":5.0,"turns":2.0},{"damage":4.0,"enemies":"Looter","floor":7.0,"turns":2.0},{"damage":0.0,"enemies":"Large Slime","floor":11.0,"turns":4.0},{"damage":7.0,"enemies":"Gremlin Gang","floor":13.0,"turns":2.0},{"damage":8.0,"enemies":"Blue Slaver","floor":14.0,"turns":3.0},{"damage":1.0,"enemies":"Slime Boss","floor":16.0,"turns":5.0},{"damage":20.0,"enemies":"Chosen","floor":18.0,"turns":4.0},{"damage":0.0,"enemies":"Spheric Guardian","floor":20.0,"turns":2.0},{"damage":34.0,"enemies":"Centurion and Healer","floor":21.0,"turns":4.0},{"damage":14.0,"enemies":"Slavers","floor":29.0,"turns":3.0},{"damage":10.0,"enemies":"3 Cultists","floor":31.0,"turns":5.0},{"damage":26.0,"enemies":"Champ","floor":33.0,"turns":5.0},{"damage":20,"enemies":"Orb Walker","floor":35,"turns":3},{"damage":6,"floor":36,"turns":5},{"damage":0,"enemies":"Giant Head","floor":40,"turns":4},{"damage":23,"enemies":"3 Darklings","floor":41,"turns":5},{"damage":8,"enemies":"Sphere and 2 Shapes","floor":42,"turns":5},{"damage":2,"enemies":"Flame Bruiser 2 Orb","floor":45,"turns":5},{"damage":7,"enemies":"4 Shapes","floor":47,"turns":4},{"damage":46,"enemies":"Time Eater","floor":50,"turns":10}],"seed_played":"8710980348017822138","potions_obtained":[{"floor":7.0,"key":"Regen Potion"},{"floor":11.0,"key":"GhostInAJar"},{"floor":13.0,"key":"Explosive Potion"},{"floor":20.0,"key":"Poison Potion"},{"floor":21.0,"key":"LiquidBronze"},{"floor":31.0,"key":"AttackPotion"},{"floor":36,"key":"SpeedPotion"},{"floor":42,"key":"Energy Potion"},{"floor":47,"key":"Poison Potion"}],"is_trial":true,"path_per_floor":["M","?","M","?","M","R","M","?","T","R","M","R","M","M","R","B",null,"M","?","M","M","$","R","$","R","T","?","R","E","R","M","R","B",null,"M","?","$","?","?","E","M","M","T","R","M","$","M","$","R","B"],"character_chosen":"THE_SILENT","items_purchased":["Footwork","Kunai","Accuracy","Footwork","Infinite Blades"],"campfire_rested":3,"item_purchase_floors":[],"current_hp_per_floor":[64,57,56,56,56,56,52,38,38,38,38,38,31,23,23,22,70,50,50,50,28,28,28,28,28,28,28,64,52,52,44,44,20,70,50,46,46,46,46,48,27,21,21,57,59,59,56,56,74,28],"gold":62,"neow_bonus":"","is_prod":false,"is_daily":false,"chose_seed":false,"campfire_upgraded":8,"win_rate":0,"timestamp":1530680154,"path_taken":["M","?","M","?","M","R","?","?","T","R","M","R","M","M","R","BOSS","M","?","M","?","$","R","?","R","T","?","R","E","R","?","R","BOSS","M","?","$","?","?","E","M","M","T","R","M","$","M","$","R","BOSS"],"build_version":"2018-07-02","purchased_purges":1,"victory":true,"max_hp_per_floor":[70,70,70,70,70,70,70,70,70,70,70,70,70,70,70,70,70,70,70,70,70,70,70,70,70,70,70,70,70,70,70,70,70,70,70,70,70,70,70,70,70,70,70,70,72,72,74,74,74,74],"card_choices":[{"not_picked":["Bane","Sucker Punch"],"picked":"Cloak And Dagger","floor":0.0},{"not_picked":["Dash","Catalyst"],"picked":"Cloak And Dagger","floor":0.0},{"not_picked":["Underhanded Strike","Deflect"],"picked":"Reflex","floor":0.0},{"not_picked":["Dagger Throw","Expertise"],"picked":"Blur","floor":0.0},{"not_picked":["Prepared","Choke"],"picked":"Infinite Blades","floor":0.0},{"not_picked":["Sucker Punch","Dagger Throw"],"picked":"Noxious Fumes","floor":0.0},{"not_picked":["Quick Slash","Slice"],"picked":"Backstab","floor":0.0},{"not_picked":["Crippling Poison","Flying Knee"],"picked":"Blade Dance","floor":0.0},{"not_picked":["Predator","Deadly Poison"],"picked":"Acrobatics","floor":0.0},{"not_picked":["Dodge and Roll","Dagger Throw"],"picked":"Acrobatics","floor":0.0},{"not_picked":["Dagger Throw","Riddle With Holes"],"picked":"Dagger Spray","floor":0.0},{"not_picked":["Bane","Bouncing Flask"],"picked":"Reflex","floor":0.0},{"not_picked":["Poisoned Stab","PiercingWail"],"picked":"Noxious Fumes","floor":0.0},{"not_picked":["Dagger Spray","Underhanded Strike"],"picked":"Acrobatics","floor":0.0},{"not_picked":["Dagger Spray","Quick Slash"],"picked":"Caltrops","floor":0.0},{"not_picked":["Predator","Finisher"],"picked":"Flying Knee","floor":1.0},{"not_picked":["Dodge and Roll","Riddle With Holes"],"picked":"Escape Plan","floor":3.0},{"not_picked":["Reflex","Catalyst"],"picked":"Terror","floor":5.0},{"not_picked":["Underhanded Strike","Dodge and Roll"],"picked":"Reflex","floor":7.0},{"not_picked":["Underhanded Strike","Outmaneuver"],"picked":"Phantasmal Killer","floor":11.0},{"not_picked":["Bane","Expertise","Deadly Poison"],"picked":"SKIP","floor":13.0},{"not_picked":["Dagger Throw","Deadly Poison"],"picked":"Calculated Gamble","floor":14.0},{"not_picked":["Corpse Explosion","Doppelganger"],"picked":"Storm of Steel","floor":16.0},{"not_picked":["Acrobatics","Slice+1"],"picked":"Cloak And Dagger","floor":18.0},{"not_picked":["Quick Slash","Prepared"],"picked":"Well Laid Plans+1","floor":20.0},{"not_picked":["Sucker Punch","Quick Slash","Crippling Poison"],"picked":"SKIP","floor":21.0},{"not_picked":["Dagger Throw+1","Underhanded Strike"],"picked":"Cloak And Dagger+1","floor":29.0},{"not_picked":["Masterful Stab","Riddle With Holes"],"picked":"Concentrate","floor":31.0},{"not_picked":["Glass Knife","A Thousand Cuts"],"picked":"Burst","floor":33.0},{"not_picked":["Flechettes","Terror"],"picked":"Well Laid Plans","floor":35},{"not_picked":["Leg Sweep","Bane+1"],"picked":"Escape Plan","floor":40},{"not_picked":["Prepared","Quick Slash"],"picked":"Cloak And Dagger","floor":41},{"not_picked":["Bouncing Flask+1","Deadly Poison+1"],"picked":"PiercingWail","floor":42},{"not_picked":["Dodge and Roll","All Out Attack","Grand Finale"],"picked":"Singing Bowl","floor":45},{"not_picked":["PiercingWail","Bane","Eviscerate+1"],"picked":"Singing Bowl","floor":47}],"player_experience":271569,"relics_obtained":[{"floor":9.0,"key":"Matryoshka"},{"floor":26.0,"key":"Blood Vial"},{"floor":26.0,"key":"Regal Pillow"},{"floor":29.0,"key":"Bottled Lightning"},{"floor":36,"key":"Turnip"},{"floor":40,"key":"Oddly Smooth Stone"},{"floor":43,"key":"Singing Bowl"},{"floor":43,"key":"Happy Flower"}],"event_choices":[{"event_name":"FaceTrader","player_choice":"Touch","floor":2.0,"damage_taken":0.0},{"event_name":"Liars Game","player_choice":"agreed","floor":4.0,"damage_taken":0.0},{"event_name":"Shining Light","player_choice":"Entered Light","floor":8.0,"damage_taken":0.0},{"event_name":"The Mausoleum","player_choice":"Yes","floor":19.0,"damage_taken":0.0},{"event_name":"Beggar","player_choice":"Ignored","floor":27.0,"damage_taken":0.0},{"event_name":"MindBloom","player_choice":"Fight","floor":36,"damage_taken":0},{"event_name":"Falling","player_choice":"Removed Attack","floor":38,"damage_taken":0},{"event_name":"Upgrade Shrine","player_choice":"Upgraded","floor":39,"damage_taken":0}],"boss_relics":[{"not_picked":["Pandora\u0027s Box","White Beast Statue"],"picked":"Ectoplasm"},{"not_picked":["Velvet Choker","Orrery"],"picked":"Lizard Tail"}],"items_purged_floors":[],"is_endless":false,"potions_floor_spawned":[7,11,13,14,20,21,31,36,42,47],"ascension_level":0}