{"gold_per_floor":[113,126,145,159,11,36,48,48,48,65,65,65,80,106,106,204,254,270,281,196,50,68,95,95,114,114,114,142,142,157,171,171,269,269,281,295,295],"floor_reached":37,"playtime":2029,"items_purged":["Strike_R"],"score":425,"play_id":"f75ded29-c4ea-4e4d-bcdc-e3cc17afda39","local_time":"20190203124512","is_ascension_mode":false,"campfire_choices":[{"data":"Heavy Blade","floor":8.0,"key":"SMITH"},{"data":"Bludgeon","floor":15.0,"key":"SMITH"},{"data":"Immolate","floor":24.0,"key":"SMITH"},{"data":"Hemokinesis","floor":29.0,"key":"SMITH"},{"floor":32.0,"key":"REST"}],"neow_cost":"TEN_PERCENT_HP_LOSS","seed_source_timestamp":0,"circlet_count":0,"master_deck":["Strike_R","Strike_R","Strike_R","Defend_R","Defend_R","Defend_R","Bash+1","Spot Weakness","Heavy Blade+1","Intimidate","Double Tap","Bludgeon+1","Shockwave","Twin Strike","Immolate+1","Ghostly Armor","Bloodletting","Flex","Inflame","Reckless Charge+1","Hemokinesis+1","Armaments","Rupture+1","Anger+1","Power Through+1","Demon Form+1","Heavy Blade+1"],"special_seed":0,"relics":["Burning Blood","Pen Nib","Pantograph","Vajra","Champion Belt","Tiny House","Meat on the Bone","Frozen Egg 2","Question Card","Potion Belt","Darkstone Periapt","Mark of Pain"],"potions_floor_usage":[36,36],"damage_taken":[{"damage":6.0,"enemies":"2 Louse","floor":1.0,"turns":4.0},{"damage":0.0,"enemies":"Small Slimes","floor":2.0,"turns":3.0},{"damage":3.0,"enemies":"Jaw Worm","floor":3.0,"turns":3.0},{"damage":8.0,"enemies":"2 Fungi Beasts","floor":4.0,"turns":3.0},{"damage":28.0,"enemies":"Gremlin Nob","floor":6.0,"turns":4.0},{"damage":4.0,"enemies":"Blue Slaver","floor":7.0,"turns":2.0},{"damage":16.0,"enemies":"Large Slime","floor":10.0,"turns":4.0},{"damage":7.0,"enemies":"Looter","floor":13.0,"turns":3.0},{"damage":16.0,"enemies":"Lagavulin","floor":14.0,"turns":5.0},{"damage":13.0,"enemies":"Slime Boss","floor":16.0,"turns":5.0},{"damage":1.0,"enemies":"Chosen","floor":18.0,"turns":3.0},{"damage":0.0,"enemies":"3 Byrds","floor":19.0,"turns":3.0},{"damage":30.0,"enemies":"Shelled Parasite and Fungi","floor":22.0,"turns":3.0},{"damage":23.0,"enemies":"Slavers","floor":23.0,"turns":2.0},{"damage":15.0,"enemies":"Snake Plant","floor":25.0,"turns":2.0},{"damage":20.0,"enemies":"Gremlin Leader","floor":28.0,"turns":5.0},{"damage":47.0,"enemies":"Sentry and Sphere","floor":30.0,"turns":6.0},{"damage":12.0,"enemies":"Snecko","floor":31.0,"turns":4.0},{"damage":70.0,"enemies":"Automaton","floor":33.0,"turns":10.0},{"damage":22.0,"enemies":"Orb Walker","floor":35.0,"turns":4.0},{"damage":23,"enemies":"3 Darklings","floor":36,"turns":4},{"damage":66,"enemies":"Maw","floor":37,"turns":7}],"seed_played":"-6055615265364826557","potions_obtained":[{"floor":2.0,"key":"Regen Potion"},{"floor":4.0,"key":"Energy Potion"},{"floor":14.0,"key":"Weak Potion"},{"floor":17.0,"key":"Weak Potion"},{"floor":19.0,"key":"FairyPotion"},{"floor":25.0,"key":"Fruit Juice"},{"floor":28.0,"key":"SpeedPotion"},{"floor":33.0,"key":"GamblersBrew"},{"floor":35.0,"key":"Weak Potion"}],"is_trial":false,"path_per_floor":["M","M","M","M","$","E","M","R","T","M","?","?","M","E","R","B",null,"M","M","?","$","M","E","R","M","T","?","E","R","M","M","R","B",null,"M","M","M"],"character_chosen":"IRONCLAD","items_purchased":["Double Tap","Inflame"],"campfire_rested":1,"item_purchase_floors":[5,21],"current_hp_per_floor":[72,72,72,70,70,48,50,50,50,40,28,52,51,41,41,67,77,77,77,77,77,53,48,48,51,51,51,54,54,25,31,55,28,82,66,49,0],"gold":295,"neow_bonus":"REMOVE_TWO","is_prod":false,"is_daily":false,"chose_seed":false,"campfire_upgraded":4,"win_rate":0.0,"timestamp":1549233912,"path_taken":["M","M","M","M","$","E","M","R","T","M","?","?","M","E","R","BOSS","M","M","?","$","M","E","R","M","T","?","E","R","M","M","R","BOSS","M","M","M"],"build_version":"2019-01-23","purchased_purges":1,"victory":false,"max_hp_per_floor":[72,72,72,72,72,72,72,72,72,72,72,72,72,72,72,72,77,77,77,77,77,77,77,77,77,77,77,82,82,82,82,82,82,82,82,82,82],"card_choices":[{"not_picked":["Anger","Body Slam"],"picked":"Spot Weakness","floor":1.0},{"not_picked":["Seeing Red","Headbutt"],"picked":"Heavy Blade","floor":2.0},{"not_picked":["Pommel Strike","Sentinel"],"picked":"Intimidate","floor":3.0},{"not_picked":["Warcry","Sever Soul","Pommel Strike"],"picked":"SKIP","floor":4.0},{"not_picked":["Fiend Fire","Havoc"],"picked":"Bludgeon","floor":6.0},{"not_picked":["Pummel","Clash","Wild Strike"],"picked":"SKIP","floor":7.0},{"not_picked":["Sword Boomerang","Thunderclap","Perfected Strike"],"picked":"SKIP","floor":10.0},{"not_picked":["Feel No Pain","Sentinel"],"picked":"Shockwave","floor":13.0},{"not_picked":["Havoc","Infernal Blade"],"picked":"Twin Strike","floor":14.0},{"not_picked":["Impervious","Double Tap"],"picked":"Immolate","floor":16.0},{"not_picked":["Clothesline","Anger"],"picked":"Ghostly Armor","floor":17.0},{"not_picked":["Uppercut","Shrug It Off"],"picked":"Bloodletting","floor":18.0},{"not_picked":["Pommel Strike","Warcry"],"picked":"Flex","floor":19.0},{"not_picked":["Anger","Pommel Strike+1"],"picked":"Reckless Charge+1","floor":22.0},{"not_picked":["Thunderclap","Havoc"],"picked":"Hemokinesis","floor":23.0},{"not_picked":["Pommel Strike+1","Barricade+1"],"picked":"Armaments","floor":25.0},{"not_picked":["Anger","Rage","Body Slam"],"picked":"Rupture+1","floor":28.0},{"not_picked":["Headbutt","Body Slam","Flex+1"],"picked":"Anger+1","floor":30.0},{"not_picked":["Havoc","Armaments+1","Iron Wave+1"],"picked":"Power Through+1","floor":31.0},{"not_picked":["Double Tap","Immolate","Berserk+1"],"picked":"Demon Form+1","floor":33.0},{"not_picked":["Shrug It Off+1","Headbutt+1","Clash+1","Combust+1"],"picked":"SKIP","floor":35.0},{"not_picked":["Ghostly Armor+1","Sword Boomerang","Rupture+1"],"picked":"Heavy Blade+1","floor":36}],"player_experience":70515,"relics_obtained":[{"floor":6.0,"key":"Pen Nib"},{"floor":9.0,"key":"Pantograph"},{"floor":14.0,"key":"Champion Belt"},{"floor":23.0,"key":"Frozen Egg 2"},{"floor":26.0,"key":"Question Card"},{"floor":28.0,"key":"Darkstone Periapt"}],"event_choices":[{"damage_healed":0.0,"max_hp_gain":0.0,"max_hp_loss":0.0,"gold_gain":0.0,"event_name":"Scrap Ooze","player_choice":"Success","floor":11.0,"gold_loss":0.0,"damage_taken":12.0,"relics_obtained":["Vajra"]},{"damage_healed":24.0,"max_hp_gain":0.0,"max_hp_loss":0.0,"gold_gain":0.0,"event_name":"Big Fish","player_choice":"Banana","floor":12.0,"gold_loss":0.0,"damage_taken":0.0},{"damage_healed":0.0,"max_hp_gain":0.0,"max_hp_loss":0.0,"gold_gain":0.0,"event_name":"Addict","player_choice":"Obtained Relic","floor":20.0,"gold_loss":85.0,"damage_taken":0.0,"relics_obtained":["Meat on the Bone"]},{"damage_healed":0.0,"max_hp_gain":0.0,"max_hp_loss":0.0,"gold_gain":0.0,"event_name":"The Mausoleum","player_choice":"Opened","floor":27.0,"gold_loss":0.0,"damage_taken":0.0,"relics_obtained":["Potion Belt"]}],"is_beta":false,"boss_relics":[{"not_picked":["Runic Pyramid","Runic Dome"],"picked":"Tiny House"},{"not_picked":["Empty Cage","Eternal Feather"],"picked":"Mark of Pain"}],"items_purged_floors":[21],"is_endless":false,"potions_floor_spawned":[2,4,14,19,25,28,33,35],"killed_by":"Maw","ascension_level":0}