{"gold_per_floor":[144,144,144,189,234,234,324,324,374,464,464,509,554,599,599,899,899,944,944,51,51,51,51,96,96,96,186,231,231,276,321,321,621,621,666,43,43,88,88,88,133,133,133,95,95,140,140,185,185,185],"floor_reached":50,"playtime":4929,"items_purged":["Strike_R"],"score":572,"play_id":"5328e96e-23db-4bc0-b5ec-938498558b0d","local_time":"20180926185554","daily_mods":["Brewmaster","Midas","Terminal"],"is_ascension_mode":false,"campfire_choices":[{"floor":6,"key":"REST"},{"floor":11,"key":"REST"},{"floor":15,"key":"REST"},{"floor":23,"key":"REST"},{"data":"Venomology","floor":25,"key":"PURGE"},{"data":"Venomology","floor":29,"key":"PURGE"},{"data":"Defend_R","floor":32,"key":"PURGE"},{"data":"Strike_R","floor":40,"key":"PURGE"},{"data":"Strike_R","floor":42,"key":"PURGE"},{"data":"Venomology","floor":47,"key":"PURGE"},{"data":"Defend_R","floor":49,"key":"PURGE"}],"neow_cost":"","seed_source_timestamp":0,"circlet_count":0,"master_deck":["Strike_R","Strike_R","Defend_R","Defend_R","Bash+1","Venomology","Venomology","Armaments","Heavy Blade","Hemokinesis+1","Warcry","Impervious","Metallicize+1","Fiend Fire","Body Slam","Shockwave","Secret Weapon","Body Slam","Inflame+1","Entrench+1","Headbutt+1","True Grit","Barricade+1","Body Slam+1","Shrug It Off","Madness","Madness","Body Slam+1","Inflame+1","Impervious","Iron Wave+1","Metallicize+1","Rage+1","Feed","Power Through+1"],"special_seed":17800,"relics":["Burning Blood","White Beast Statue","Kunai","Anchor","Frozen Egg 2","Fusion Hammer","Oddly Smooth Stone","Peace Pipe","ClockworkSouvenir","Nilry\u0027s Codex","Mummified Hand","Bag of Marbles","Runic Cube","Sling","Prayer Wheel","Whetstone"],"potions_floor_usage":[1,4,4,4,5,5,5,5,5,5,5,7,7,7,7,7,7,10,10,12,12,12,13,13,16,16,16,16,18,18,24,24,24,27,27,27,27,28,28,28,28,31,31,33,33,33,33,33,38,46,46,46,48,48,50,50,50,50],"damage_taken":[{"damage":5,"enemies":"Small Slimes","floor":1,"turns":4},{"damage":4,"enemies":"Cultist","floor":4,"turns":5},{"damage":0,"enemies":"Jaw Worm","floor":5,"turns":4},{"damage":47,"enemies":"3 Sentries","floor":7,"turns":13},{"damage":33,"enemies":"Lagavulin","floor":10,"turns":8},{"damage":0,"enemies":"Exordium Thugs","floor":12,"turns":3},{"damage":3,"enemies":"Exordium Wildlife","floor":13,"turns":5},{"damage":2,"enemies":"Blue Slaver","floor":14,"turns":3},{"damage":14,"enemies":"Slime Boss","floor":16,"turns":15},{"damage":5,"enemies":"Shell Parasite","floor":18,"turns":5},{"damage":3,"enemies":"2 Thieves","floor":24,"turns":4},{"damage":19,"enemies":"Gremlin Leader","floor":27,"turns":7},{"damage":0,"enemies":"Shelled Parasite and Fungi","floor":28,"turns":3},{"damage":0,"enemies":"Centurion and Healer","floor":30,"turns":5},{"damage":5,"enemies":"Snecko","floor":31,"turns":4},{"damage":55,"enemies":"Automaton","floor":33,"turns":12},{"damage":0,"enemies":"Orb Walker","floor":35,"turns":4},{"damage":5,"enemies":"3 Shapes","floor":38,"turns":4},{"damage":0,"enemies":"Reptomancer","floor":41,"turns":1},{"damage":13,"enemies":"Spire Growth","floor":46,"turns":5},{"damage":9,"enemies":"4 Shapes","floor":48,"turns":3},{"damage":55,"enemies":"Time Eater","floor":50,"turns":7}],"seed_played":"-9213636199092254619","potions_obtained":[{"floor":1,"key":"Energy Potion"},{"floor":4,"key":"Energy Potion"},{"floor":5,"key":"Ancient Potion"},{"floor":7,"key":"Explosive Potion"},{"floor":10,"key":"EssenceOfSteel"},{"floor":12,"key":"BloodPotion"},{"floor":13,"key":"SpeedPotion"},{"floor":14,"key":"Swift Potion"},{"floor":18,"key":"SpeedPotion"},{"floor":24,"key":"LiquidBronze"},{"floor":27,"key":"Swift Potion"},{"floor":28,"key":"SpeedPotion"},{"floor":30,"key":"Energy Potion"},{"floor":31,"key":"Ancient Potion"},{"floor":33,"key":"BloodPotion"},{"floor":35,"key":"SpeedPotion"},{"floor":38,"key":"LiquidBronze"},{"floor":46,"key":"Poison Potion"},{"floor":48,"key":"Weak Potion"}],"is_trial":false,"path_per_floor":["M","$","?","M","M","R","E","?","T","E","R","M","M","M","R","B",null,"M","?","$","?","?","R","M","R","T","E","M","R","M","M","R","B",null,"M","$","?","M","?","R","M","R","T","$","$","M","R","M","R"],"character_chosen":"IRONCLAD","items_purchased":["Oddly Smooth Stone","Peace Pipe","Secret Weapon","ClockworkSouvenir","Body Slam","Sling","Shrug It Off","Prayer Wheel","Metallicize+1"],"campfire_rested":4,"item_purchase_floors":[20,20,20,20,20,36,36,36,44],"current_hp_per_floor":[78,77,81,80,79,78,58,58,58,45,67,72,71,70,69,61,67,66,65,64,48,37,57,65,64,63,62,61,60,59,58,57,8,55,54,53,46,47,47,47,48,47,46,45,44,39,39,43,43,0],"gold":185,"neow_bonus":"","is_prod":false,"is_daily":true,"chose_seed":false,"campfire_upgraded":0,"win_rate":0.0,"timestamp":1538002554,"path_taken":["M","$","?","M","M","R","E","?","T","E","R","M","?","M","R","BOSS","M","?","$","?","?","R","M","R","T","E","M","R","M","M","R","BOSS","M","$","?","M","?","R","M","R","T","?","$","M","R","M","R","BOSS"],"build_version":"2018-09-20","purchased_purges":1,"victory":false,"max_hp_per_floor":[78,77,81,80,79,78,77,76,75,74,73,72,71,70,69,68,67,66,65,64,63,67,66,65,64,63,62,61,60,59,58,57,56,55,54,53,52,51,50,49,48,47,46,45,44,43,42,44,43,43],"card_choices":[{"not_picked":["Iron Wave","Pommel Strike"],"picked":"Armaments","floor":1},{"not_picked":["Evolve","Twin Strike"],"picked":"Heavy Blade","floor":4},{"not_picked":["Feel No Pain","Wild Strike"],"picked":"Hemokinesis","floor":5},{"not_picked":["Blood for Blood","Dropkick"],"picked":"Warcry","floor":7},{"not_picked":["Dual Wield","Iron Wave"],"picked":"Impervious","floor":10},{"not_picked":["Headbutt","Sword Boomerang","Twin Strike"],"picked":"SKIP","floor":12},{"not_picked":["Entrench","Carnage","Pummel"],"picked":"SKIP","floor":13},{"not_picked":["Heavy Blade","Anger"],"picked":"Metallicize+1","floor":14},{"not_picked":["Exhume","Double Tap"],"picked":"Fiend Fire","floor":16},{"not_picked":["Armaments","Flex"],"picked":"Body Slam","floor":18},{"not_picked":["True Grit","Blood for Blood+1"],"picked":"Inflame+1","floor":24},{"not_picked":["Flex","Wild Strike+1","Warcry"],"picked":"SKIP","floor":27},{"not_picked":["Blood for Blood","Dark Embrace+1"],"picked":"Entrench+1","floor":28},{"not_picked":["Wild Strike+1","Armaments+1"],"picked":"Headbutt+1","floor":30},{"not_picked":["Infernal Blade","Thunderclap"],"picked":"True Grit","floor":31},{"not_picked":["Immolate","Bludgeon"],"picked":"Barricade+1","floor":33},{"not_picked":["Cleave+1","Clash+1"],"picked":"Body Slam+1","floor":35},{"not_picked":["Havoc+1","Fire Breathing+1"],"picked":"Body Slam+1","floor":38},{"not_picked":["Clothesline","Clash+1"],"picked":"Inflame+1","floor":38},{"not_picked":["Pommel Strike+1","Sword Boomerang+1"],"picked":"Iron Wave+1","floor":41},{"not_picked":["Sword Boomerang","Headbutt+1","Flex"],"picked":"SKIP","floor":41},{"not_picked":["Intimidate","Twin Strike+1"],"picked":"Rage+1","floor":46},{"not_picked":["Twin Strike+1","Spot Weakness"],"picked":"Feed","floor":46},{"not_picked":["Thunderclap","Heavy Blade+1"],"picked":"Power Through+1","floor":48},{"not_picked":["Twin Strike","Pummel+1","Bloodletting"],"picked":"SKIP","floor":48}],"player_experience":52570,"relics_obtained":[{"floor":7,"key":"Kunai"},{"floor":9,"key":"Anchor"},{"floor":10,"key":"Frozen Egg 2"},{"floor":21,"key":"Nilry\u0027s Codex"},{"floor":26,"key":"Mummified Hand"},{"floor":27,"key":"Bag of Marbles"},{"floor":43,"key":"Whetstone"}],"event_choices":[{"event_name":"Big Fish","player_choice":"Donut","floor":3,"damage_taken":0},{"event_name":"Golden Idol","player_choice":"Ignored","floor":8,"damage_taken":0},{"event_name":"The Library","player_choice":"Read","floor":19,"damage_taken":0},{"event_name":"Cursed Tome","player_choice":"Obtained Book","floor":21,"damage_taken":0},{"event_name":"Forgotten Altar","player_choice":"Shed Blood","floor":22,"damage_taken":0},{"event_name":"Winding Halls","player_choice":"Embrace Madness","floor":37,"damage_taken":0},{"event_name":"Duplicator","player_choice":"One dupe","floor":39,"damage_taken":0}],"is_beta":false,"boss_relics":[{"not_picked":["Astrolabe","Pandora\u0027s Box"],"picked":"Fusion Hammer"},{"not_picked":["Cursed Key","Lizard Tail"],"picked":"Runic Cube"}],"items_purged_floors":[36],"is_endless":false,"potions_floor_spawned":[1,4,5,7,10,12,13,14,16,18,24,27,28,30,31,33,35,38,41,46,48],"killed_by":"Time Eater","ascension_level":0}