{"gold_per_floor":[119,139,139,214,234,265,265,265,290,324,324,337,337,353,353,448,448,462,462,19,36,36,56,56,70,97,109,120,47,76,93,93,197,197,217,317,317,330,330,330,346,346,346,381,401,198,213,0,0,0],"floor_reached":51,"playtime":8310,"items_purged":[],"score":906,"play_id":"27b4c943-3dae-417b-b9b9-f1f330895a58","local_time":"20190120214938","is_ascension_mode":true,"campfire_choices":[{"data":"Neutralize","floor":8.0,"key":"SMITH"},{"floor":11.0,"key":"REST"},{"data":"Skewer","floor":13.0,"key":"SMITH"},{"floor":15.0,"key":"REST"},{"data":"Well Laid Plans","floor":24,"key":"SMITH"},{"data":"Cloak And Dagger","floor":32,"key":"SMITH"},{"data":"Burst","floor":40,"key":"SMITH"},{"data":"Prepared","floor":42,"key":"SMITH"},{"floor":49,"key":"REST"}],"neow_cost":"NONE","seed_source_timestamp":0,"circlet_count":0,"master_deck":["Defend_G","Defend_G","Defend_G+1","Defend_G","Defend_G","Strike_G","Survivor","Neutralize+1","Dagger Throw","Well Laid Plans+1","Slice","Skewer+1","Dagger Spray","Cloak And Dagger+1","Backflip","Burst+1","Leg Sweep","Panache+1","Caltrops+1","Sucker Punch+1","Backflip","Concentrate+1","Caltrops+1","Prepared+1","Dash","Corpse Explosion+1","Dodge and Roll+1","A Thousand Cuts+1","Prepared+1","Infinite Blades+1","Blade Dance+1","Footwork+1","Calculated Gamble+1","Footwork+1","Malaise"],"special_seed":0,"relics":["Ring of the Snake","Bronze Scales","Lantern","Snake Skull","Frozen Egg 2","Empty Cage","Tough Bandages","Mercury Hourglass","Orichalcum","Anchor","WristBlade","Dead Branch","Question Card","Ice Cream","War Paint"],"potions_floor_usage":[25,30,41,44,44,47,50,50],"damage_taken":[{"damage":0.0,"enemies":"Small Slimes","floor":1.0,"turns":3.0},{"damage":7.0,"enemies":"2 Louse","floor":2.0,"turns":2.0},{"damage":2.0,"enemies":"Jaw Worm","floor":5.0,"turns":5.0},{"damage":19.0,"enemies":"3 Sentries","floor":6.0,"turns":9.0},{"damage":12.0,"enemies":"Gremlin Nob","floor":10.0,"turns":4.0},{"damage":8.0,"enemies":"Large Slime","floor":12.0,"turns":3.0},{"damage":10.0,"enemies":"Exordium Thugs","floor":14.0,"turns":4.0},{"damage":0.0,"enemies":"Slime Boss","floor":16.0,"turns":8.0},{"damage":0.0,"enemies":"Chosen","floor":18.0,"turns":4.0},{"damage":1.0,"enemies":"Spheric Guardian","floor":21.0,"turns":3.0},{"damage":0,"enemies":"Chosen and Byrds","floor":23,"turns":5},{"damage":8,"enemies":"Cultist and Chosen","floor":25,"turns":5},{"damage":6,"enemies":"Sentry and Sphere","floor":27,"turns":4},{"damage":0,"enemies":"Snecko","floor":28,"turns":5},{"damage":0,"enemies":"Gremlin Leader","floor":30,"turns":6},{"damage":1,"enemies":"3 Cultists","floor":31,"turns":3},{"damage":48,"enemies":"Collector","floor":33,"turns":10},{"damage":0,"enemies":"3 Shapes","floor":35,"turns":4},{"damage":14,"enemies":"Mind Bloom Boss Battle","floor":36,"turns":9},{"damage":0,"enemies":"Orb Walker","floor":38,"turns":3},{"damage":7,"enemies":"Spire Growth","floor":41,"turns":5},{"damage":31,"enemies":"Giant Head","floor":44,"turns":10},{"damage":2,"enemies":"3 Darklings","floor":45,"turns":2},{"damage":7,"enemies":"Maw","floor":47,"turns":6},{"damage":20,"enemies":"Donu and Deca","floor":50,"turns":9}],"seed_played":"-2593095500690093312","potions_obtained":[{"floor":2.0,"key":"Energy Potion"},{"floor":12.0,"key":"Strength Potion"},{"floor":14.0,"key":"Explosive Potion"},{"floor":16.0,"key":"Ancient Potion"},{"floor":18.0,"key":"EssenceOfSteel"},{"floor":23,"key":"Fruit Juice"},{"floor":33,"key":"Regen Potion"},{"floor":35,"key":"Explosive Potion"},{"floor":41,"key":"Dexterity Potion"},{"floor":45,"key":"GamblersBrew"}],"is_trial":false,"path_per_floor":["M","M","?","?","M","E","?","R","T","E","R","M","R","M","R","B",null,"M","?","$","M","?","M","R","M","T","M","M","$","E","M","R","B",null,"M","?","?","M","T","R","M","R","T","E","M","$","M","$","R","B",null],"character_chosen":"THE_SILENT","items_purchased":["Mercury Hourglass","Panache+1","GhostInAJar","Footwork+1","GhostInAJar","PowerPotion","Footwork+1","Malaise"],"campfire_rested":3,"item_purchase_floors":[20,20,29,46,46,46,48,48],"current_hp_per_floor":[70,63,56,45,43,24,24,24,24,12,33,25,25,15,36,36,70,70,70,70,69,69,69,69,66,66,60,60,60,60,59,59,11,75,75,61,61,61,61,61,54,54,54,23,21,21,14,14,36,16],"gold":0,"neow_bonus":"RANDOM_COMMON_RELIC","is_prod":false,"is_daily":false,"chose_seed":false,"campfire_upgraded":6,"win_rate":0,"timestamp":1548049778,"path_taken":["M","M","?","?","M","E","?","R","T","E","R","M","R","M","R","BOSS","M","?","$","M","?","M","R","M","T","?","M","$","E","M","R","BOSS","M","?","?","M","?","R","?","R","T","E","M","$","M","$","R","BOSS"],"build_version":"2019-01-17v2","purchased_purges":0,"victory":true,"max_hp_per_floor":[70,70,70,70,70,70,70,70,70,70,70,70,70,70,70,70,70,70,70,70,70,70,70,70,75,75,75,75,75,75,75,75,75,75,75,75,75,75,75,75,75,75,75,75,75,75,75,75,75,75],"card_choices":[{"not_picked":["Acrobatics","All Out Attack"],"picked":"Dagger Throw","floor":1.0},{"not_picked":["Eviscerate","PiercingWail"],"picked":"Well Laid Plans","floor":2.0},{"not_picked":["Flying Knee","Underhanded Strike"],"picked":"Slice","floor":5.0},{"not_picked":["Predator","Blur"],"picked":"Skewer","floor":6.0},{"not_picked":["Reflex","Skewer"],"picked":"Dagger Spray","floor":10.0},{"not_picked":["Dagger Throw","Endless Agony"],"picked":"Cloak And Dagger","floor":12.0},{"not_picked":["Blade Dance","Bouncing Flask"],"picked":"Backflip","floor":14.0},{"not_picked":["Unload","Phantasmal Killer"],"picked":"Burst","floor":16.0},{"not_picked":["Catalyst+1","Slice"],"picked":"Leg Sweep","floor":18.0},{"not_picked":["Acrobatics","Blade Dance"],"picked":"Caltrops+1","floor":21.0},{"not_picked":["Deflect","Prepared"],"picked":"Sucker Punch+1","floor":23},{"not_picked":["Terror","Tactician"],"picked":"Backflip","floor":25},{"not_picked":["Deflect","Flying Knee"],"picked":"Concentrate+1","floor":27},{"not_picked":["Escape Plan","Distraction"],"picked":"Caltrops+1","floor":28},{"not_picked":["Cloak And Dagger","Quick Slash"],"picked":"Prepared+1","floor":30},{"not_picked":["Dagger Throw","Cloak And Dagger"],"picked":"Dash","floor":31},{"not_picked":["Phantasmal Killer","Wraith Form v2+1"],"picked":"Corpse Explosion","floor":33},{"not_picked":["Slice","Outmaneuver+1"],"picked":"Dodge and Roll+1","floor":35},{"not_picked":["Cloak And Dagger+1","Dodge and Roll+1"],"picked":"A Thousand Cuts+1","floor":38},{"not_picked":["Poisoned Stab","Choke+1","Blade Dance"],"picked":"Prepared","floor":41},{"not_picked":["Backflip","Heel Hook+1","Deadly Poison"],"picked":"Infinite Blades+1","floor":44},{"not_picked":["Cloak And Dagger+1","Slice+1","Backflip"],"picked":"Blade Dance+1","floor":45},{"not_picked":["Outmaneuver+1","Predator+1","Escape Plan+1"],"picked":"Calculated Gamble+1","floor":47}],"player_experience":296136,"relics_obtained":[{"floor":6.0,"key":"Lantern"},{"floor":9.0,"key":"Snake Skull"},{"floor":10.0,"key":"Frozen Egg 2"},{"floor":26,"key":"Orichalcum"},{"floor":30,"key":"Anchor"},{"floor":36,"key":"Dead Branch"},{"floor":39,"key":"Question Card"},{"floor":43,"key":"Ice Cream"},{"floor":44,"key":"War Paint"}],"event_choices":[{"cards_removed":["Strike_G"],"damage_healed":0.0,"max_hp_gain":0.0,"max_hp_loss":0.0,"gold_gain":0.0,"event_name":"Golden Wing","player_choice":"Card Removal","floor":3.0,"gold_loss":0.0,"damage_taken":7.0},{"damage_healed":0.0,"max_hp_gain":0.0,"max_hp_loss":0.0,"gold_gain":75.0,"event_name":"World of Goop","player_choice":"Gather Gold","floor":4.0,"gold_loss":0.0,"damage_taken":11.0},{"damage_healed":0.0,"max_hp_gain":0.0,"max_hp_loss":0.0,"gold_gain":0.0,"event_name":"Dead Adventurer","player_choice":"Searched \u00271\u0027 times","floor":7.0,"gold_loss":0.0,"damage_taken":0.0},{"damage_healed":0.0,"max_hp_gain":0.0,"max_hp_loss":0.0,"gold_gain":0.0,"event_name":"The Mausoleum","player_choice":"Opened","floor":19.0,"gold_loss":0.0,"damage_taken":0.0,"relics_obtained":["Tough Bandages"]},{"cards_removed":["Strike_G"],"damage_healed":0.0,"max_hp_gain":0.0,"max_hp_loss":0.0,"gold_gain":0.0,"event_name":"Purifier","player_choice":"Purged","floor":22.0,"gold_loss":0.0,"damage_taken":0.0},{"damage_healed":0,"gold_gain":0,"player_choice":"Fight","damage_taken":0,"max_hp_gain":0,"max_hp_loss":0,"event_name":"MindBloom","floor":36,"gold_loss":0},{"damage_healed":0,"gold_gain":0,"player_choice":"Ignored","damage_taken":0,"max_hp_gain":0,"max_hp_loss":0,"event_name":"Tomb of Lord Red Mask","floor":37,"gold_loss":0}],"is_beta":false,"boss_relics":[{"not_picked":["Runic Dome","Lizard Tail"],"picked":"Empty Cage"},{"not_picked":["Astrolabe","Snecko Eye"],"picked":"WristBlade"}],"items_purged_floors":[],"is_endless":false,"potions_floor_spawned":[2,12,14,16,18,23,33,35,41,45],"ascension_level":4}