{"gold_per_floor":[118,38,56,56,56,56,95,95,95,95,111,127,127,167,167,167],"floor_reached":16,"playtime":455,"items_purged":[],"score":216,"play_id":"81c7ff3b-7a48-4093-8396-99290591899a","local_time":"20181103034115","is_ascension_mode":true,"campfire_choices":[{"data":"Skewer","floor":6,"key":"SMITH"},{"data":"Neutralize","floor":8,"key":"SMITH"},{"data":"Dagger Spray","floor":10,"key":"SMITH"},{"floor":15,"key":"REST"}],"neow_cost":"NONE","seed_source_timestamp":119269581657100,"circlet_count":0,"master_deck":["AscendersBane","Defend_G","Defend_G","Defend_G","Defend_G","Defend_G","Strike_G","Strike_G","Strike_G","Strike_G","Strike_G","Survivor","Neutralize+1","Flying Knee","Skewer+1","Dagger Spray+1","Footwork","Backstab+1","Dodge and Roll"],"relics":["White Beast Statue","Golden Idol","Mercury Hourglass","Molten Egg 2","Shovel","Bottled Flame"],"potions_floor_usage":[7,7,14,16,16],"damage_taken":[{"damage":1,"enemies":"Cultist","floor":1,"turns":4},{"damage":2,"enemies":"Jaw Worm","floor":3,"turns":4},{"damage":8,"enemies":"Gremlin Nob","floor":7,"turns":3},{"damage":4,"enemies":"Small Slimes","floor":11,"turns":2},{"damage":1,"enemies":"Exordium Thugs","floor":12,"turns":4},{"damage":20,"enemies":"3 Sentries","floor":14,"turns":5},{"damage":47,"enemies":"Slime Boss","floor":16,"turns":9}],"seed_played":"5426439800661819197","potions_obtained":[{"floor":1,"key":"Fire Potion"},{"floor":3,"key":"Poison Potion"},{"floor":7,"key":"Weak Potion"},{"floor":11,"key":"Ancient Potion"},{"floor":14,"key":"GhostInAJar"}],"is_trial":false,"path_per_floor":["M","$","M","?","$","R","E","R","T","R","M","M","T","E","R","B"],"character_chosen":"THE_SILENT","items_purchased":["Skewer"],"campfire_rested":1,"item_purchase_floors":[2],"current_hp_per_floor":[58,58,56,56,56,56,48,48,48,48,44,43,43,23,41,0],"gold":167,"neow_bonus":"BOSS_RELIC","is_prod":false,"is_daily":false,"chose_seed":false,"campfire_upgraded":3,"win_rate":0,"timestamp":1541230875,"path_taken":["M","?","M","?","$","R","E","R","T","R","M","M","?","E","R","BOSS"],"build_version":"2018-11-01","purchased_purges":0,"victory":false,"max_hp_per_floor":[66,66,66,60,60,60,60,60,60,60,60,60,60,60,60,60],"card_choices":[{"not_picked":["PiercingWail","Outmaneuver"],"picked":"Flying Knee","floor":1},{"not_picked":["Distraction","Finisher"],"picked":"Dagger Spray","floor":3},{"not_picked":["Slice","Dagger Spray","Underhanded Strike"],"picked":"SKIP","floor":7},{"not_picked":["Outmaneuver","Night Terror"],"picked":"Footwork","floor":11},{"not_picked":["Dash+1","Flying Knee+1"],"picked":"Backstab+1","floor":12},{"not_picked":["A Thousand Cuts","Outmaneuver"],"picked":"Dodge and Roll","floor":14}],"player_experience":1609115,"relics_obtained":[{"floor":7,"key":"Mercury Hourglass"},{"floor":9,"key":"Molten Egg 2"},{"floor":13,"key":"Shovel"},{"floor":14,"key":"Bottled Flame"}],"event_choices":[{"damage_healed":0,"gold_gain":0,"player_choice":"Lose Max HP","damage_taken":0,"relics_obtained":["Golden Idol"],"max_hp_gain":0,"max_hp_loss":6,"event_name":"Golden Idol","floor":4,"gold_loss":0}],"is_beta":true,"boss_relics":[],"items_purged_floors":[],"is_endless":false,"potions_floor_spawned":[1,3,7,11,12,14],"killed_by":"Slime Boss","ascension_level":20}