{"gold_per_floor":[118,130,147,72,92,92,110,110,110,110,125,145,145,157,157,253,253,265,265,365,365,375,375,400,400,427,327,327,343,343,218,218,218],"floor_reached":33,"playtime":3108,"items_purged":["Strike_G","Defend_G","Defend_G"],"score":282,"play_id":"af03b838-7b05-4f72-bf8d-daae3d4b667c","local_time":"20190207230325","is_ascension_mode":false,"campfire_choices":[{"data":"Catalyst","floor":6,"key":"SMITH"},{"data":"Calculated Gamble","floor":8,"key":"SMITH"},{"data":"Survivor","floor":10,"key":"SMITH"},{"data":"Neutralize","floor":15,"key":"SMITH"},{"floor":23,"key":"REST"},{"floor":32,"key":"REST"}],"neow_cost":"NONE","seed_source_timestamp":1477148740935230,"circlet_count":0,"master_deck":["Defend_G","Defend_G","Defend_G","Survivor+1","Neutralize+1","Bouncing Flask","Catalyst+1","Calculated Gamble+1","Venomology","Bouncing Flask+1","Flying Knee","Underhanded Strike","Bullet Time+1","Terror+1","Acrobatics+1","Acrobatics+1","Bite","Bite","Bite","Bite","Bite","Backflip+1"],"relics":["Ring of the Snake","Toxic Egg 2","Fusion Hammer","Gremlin Horn","Pocketwatch","Ornamental Fan","PreservedInsect","Bag of Marbles"],"potions_floor_usage":[11,12,14,16,16,18,18,20,20,20,20,24,24,29,33,33],"damage_taken":[{"damage":0,"enemies":"Cultist","floor":1,"turns":5},{"damage":1,"enemies":"Small Slimes","floor":2,"turns":3},{"damage":2,"enemies":"2 Louse","floor":3,"turns":3},{"damage":2,"enemies":"Blue Slaver","floor":5,"turns":3},{"damage":5,"enemies":"Looter","floor":7,"turns":3},{"damage":1,"enemies":"Exordium Wildlife","floor":11,"turns":3},{"damage":4,"enemies":"3 Louse","floor":12,"turns":4},{"damage":10,"enemies":"Large Slime","floor":14,"turns":5},{"damage":3,"enemies":"The Guardian","floor":16,"turns":7},{"damage":17,"enemies":"2 Thieves","floor":18,"turns":4},{"damage":18,"enemies":"Colosseum Slavers","floor":20,"turns":4},{"damage":23,"enemies":"Colosseum Nobs","floor":20,"turns":5},{"damage":0,"enemies":"Spheric Guardian","floor":22,"turns":2},{"damage":32,"enemies":"Slavers","floor":24,"turns":7},{"damage":10,"enemies":"Centurion and Healer","floor":29,"turns":3},{"damage":44,"enemies":"Collector","floor":33,"turns":3}],"seed_played":"718044704685127361","potions_obtained":[{"floor":2,"key":"Dexterity Potion"},{"floor":3,"key":"Poison Potion"},{"floor":7,"key":"GhostInAJar"},{"floor":12,"key":"GhostInAJar"},{"floor":16,"key":"Regen Potion"},{"floor":22,"key":"LiquidBronze"},{"floor":24,"key":"PowerPotion"}],"is_trial":false,"path_per_floor":["M","?","?","?","T","$","?","M","?"],"character_chosen":"THE_SILENT","items_purchased":[],"campfire_rested":2,"item_purchase_floors":[],"current_hp_per_floor":[77,76,74,74,72,72,67,67,67,67,66,62,62,52,52,49,77,60,46,19,19,19,43,11,11,11,11,11,11,11,11,28,0],"gold":218,"neow_bonus":"TEN_PERCENT_HP_BONUS","is_prod":false,"is_daily":false,"chose_seed":false,"campfire_upgraded":4,"win_rate":0.0,"timestamp":1549577005,"path_taken":["M","M","?","$","M","R","M","R","T","R","M","M","?","M","R","BOSS","M","?","?","?","M","R","E","$","T","?","?","?","?","$","R","BOSS"],"build_version":"2019-01-23","purchased_purges":3,"victory":false,"max_hp_per_floor":[77,77,77,77,77,77,77,77,77,77,77,77,77,77,77,77,77,77,82,82,82,82,82,82,82,82,82,57,57,57,57,57,57],"card_choices":[{"not_picked":["Outmaneuver","Poisoned Stab"],"picked":"Bouncing Flask","floor":1},{"not_picked":["Bouncing Flask","Prepared"],"picked":"Catalyst","floor":2},{"not_picked":["Catalyst","Endless Agony"],"picked":"Calculated Gamble","floor":3},{"not_picked":["PiercingWail","Blur"],"picked":"Venomology","floor":5},{"not_picked":["Blade Dance","Underhanded Strike","Bane"],"picked":"SKIP","floor":7},{"not_picked":["Dash","Dodge and Roll+1"],"picked":"Bouncing Flask+1","floor":11},{"not_picked":["Sucker Punch","Masterful Stab"],"picked":"Flying Knee","floor":12},{"not_picked":["Skewer","Choke","Dagger Spray"],"picked":"SKIP","floor":14},{"not_picked":["Envenom","Storm of Steel+1"],"picked":"Bullet Time+1","floor":16},{"not_picked":["Poisoned Stab","Infinite Blades","Calculated Gamble+1"],"picked":"SKIP","floor":18},{"not_picked":["Outmaneuver+1","Underhanded Strike+1"],"picked":"Terror+1","floor":20},{"not_picked":["Masterful Stab","Die Die Die"],"picked":"Acrobatics+1","floor":22},{"not_picked":["All Out Attack","Cloak And Dagger+1"],"picked":"Acrobatics+1","floor":24},{"not_picked":["Flying Knee","Masterful Stab","Riddle With Holes+1"],"picked":"SKIP","floor":29}],"player_experience":77731,"relics_obtained":[{"floor":9,"key":"Toxic Egg 2"},{"floor":20,"key":"Gremlin Horn"},{"floor":20,"key":"Pocketwatch"},{"floor":21,"key":"Ornamental Fan"},{"floor":24,"key":"PreservedInsect"},{"floor":26,"key":"Bag of Marbles"}],"event_choices":[{"damage_healed":0,"gold_gain":0,"cards_transformed":["Strike_G"],"player_choice":"Transformed","damage_taken":0,"max_hp_gain":0,"max_hp_loss":0,"event_name":"Transmorgrifier","floor":13,"gold_loss":0,"cards_obtained":["Underhanded Strike"]},{"damage_healed":0,"gold_gain":0,"player_choice":"Shed Blood","damage_taken":19,"max_hp_gain":5,"max_hp_loss":0,"event_name":"Forgotten Altar","floor":19,"gold_loss":0},{"damage_healed":0,"gold_gain":0,"player_choice":"Fight","damage_taken":0,"max_hp_gain":0,"max_hp_loss":0,"event_name":"Colosseum","floor":20,"gold_loss":0},{"damage_healed":0,"gold_gain":0,"player_choice":"Fought Nobs","damage_taken":0,"max_hp_gain":0,"max_hp_loss":0,"event_name":"Colosseum","floor":20,"gold_loss":0},{"damage_healed":0,"gold_gain":0,"player_choice":"Became a vampire","damage_taken":0,"max_hp_gain":0,"max_hp_loss":25,"event_name":"Vampires","floor":28,"gold_loss":0,"cards_obtained":["Bite","Bite","Bite","Bite","Bite"]},{"damage_healed":0,"gold_gain":0,"player_choice":"Read","damage_taken":0,"max_hp_gain":0,"max_hp_loss":0,"event_name":"The Library","floor":30,"gold_loss":0,"cards_obtained":["Backflip"]}],"is_beta":false,"boss_relics":[{"not_picked":["Runic Dome","WristBlade"],"picked":"Fusion Hammer"}],"items_purged_floors":[4,27,31],"is_endless":false,"potions_floor_spawned":[2,3,7,12,16,22,24],"killed_by":"Collector","ascension_level":0}