{"gold_per_floor":[109,109,120,120,139,164,164,178,178,178,178,194,194,194,194,194],"floor_reached":16,"playtime":803,"items_purged":[],"score":100,"play_id":"27b2da35-0327-4be9-9711-4521fa94f75b","local_time":"20190107150325","is_ascension_mode":false,"campfire_choices":[{"floor":10,"key":"REST"},{"floor":15,"key":"REST"}],"neow_cost":"NONE","seed_source_timestamp":560336078689011,"circlet_count":0,"master_deck":["Strike_R","Strike_R","Strike_R+1","Strike_R","Defend_R","Defend_R","Defend_R","Defend_R","Bash","Evolve+1","Body Slam","Intimidate","Feed","Injury","Armaments"],"relics":["Burning Blood","NeowsBlessing","Juzu Bracelet","Golden Idol","Bag of Marbles","Meat on the Bone"],"potions_floor_usage":[],"damage_taken":[{"damage":0,"enemies":"Small Slimes","floor":1,"turns":1},{"damage":0,"enemies":"Cultist","floor":3,"turns":1},{"damage":0,"enemies":"2 Louse","floor":5,"turns":1},{"damage":41,"enemies":"Gremlin Nob","floor":6,"turns":5},{"damage":32,"enemies":"2 Fungi Beasts","floor":8,"turns":6},{"damage":6,"enemies":"Blue Slaver","floor":12,"turns":6},{"damage":50,"enemies":"Hexaghost","floor":16,"turns":10}],"seed_played":"-1915020305822676528","potions_obtained":[{"floor":1,"key":"Dexterity Potion"},{"floor":4,"key":"EssenceOfSteel"},{"floor":4,"key":"SkillPotion"}],"is_trial":false,"path_per_floor":["M","?","M","?","M","E","?","M","T","R","$","M","?","?","R","B"],"character_chosen":"IRONCLAD","items_purchased":[],"campfire_rested":2,"item_purchase_floors":[],"current_hp_per_floor":[80,80,80,80,80,45,45,22,22,46,46,49,32,25,50,0],"gold":194,"neow_bonus":"THREE_ENEMY_KILL","is_prod":false,"is_daily":false,"chose_seed":false,"campfire_upgraded":0,"win_rate":0.0,"timestamp":1546869805,"path_taken":["M","?","M","?","M","E","?","M","T","R","$","M","?","?","R","BOSS"],"build_version":"2019-01-03v4","purchased_purges":0,"victory":false,"max_hp_per_floor":[80,80,80,80,80,80,80,83,83,83,83,86,86,86,86,86],"card_choices":[{"not_picked":["Anger","Wild Strike"],"picked":"Evolve","floor":1},{"not_picked":["Havoc","Clothesline"],"picked":"Intimidate","floor":3},{"not_picked":["Headbutt","Infernal Blade","True Grit"],"picked":"SKIP","floor":5},{"not_picked":["Ghostly Armor","Iron Wave"],"picked":"Feed","floor":6},{"not_picked":["Twin Strike","Shrug It Off"],"picked":"Armaments","floor":8},{"not_picked":["Perfected Strike","Twin Strike","Shockwave"],"picked":"SKIP","floor":12}],"player_experience":116132,"relics_obtained":[{"floor":6,"key":"Juzu Bracelet"},{"floor":9,"key":"Bag of Marbles"}],"event_choices":[{"damage_healed":0,"gold_gain":0,"cards_transformed":["Strike_R"],"player_choice":"Change","damage_taken":0,"max_hp_gain":0,"max_hp_loss":0,"event_name":"Living Wall","floor":2,"gold_loss":0,"cards_obtained":["Body Slam"]},{"damage_healed":0,"gold_gain":0,"player_choice":"Got Potions","damage_taken":0,"max_hp_gain":0,"max_hp_loss":0,"event_name":"Lab","floor":4,"gold_loss":0},{"damage_healed":0,"gold_gain":0,"player_choice":"Take Wound","damage_taken":0,"relics_obtained":["Golden Idol"],"max_hp_gain":0,"max_hp_loss":0,"event_name":"Golden Idol","floor":7,"gold_loss":0,"cards_obtained":["Injury"]},{"damage_healed":0,"gold_gain":0,"player_choice":"Entered Light","damage_taken":17,"max_hp_gain":0,"max_hp_loss":0,"event_name":"Shining Light","floor":13,"gold_loss":0,"cards_upgraded":["Evolve","Strike_R"]},{"damage_healed":0,"gold_gain":0,"player_choice":"Success","damage_taken":7,"relics_obtained":["Meat on the Bone"],"max_hp_gain":0,"max_hp_loss":0,"event_name":"Scrap Ooze","floor":14,"gold_loss":0}],"is_beta":false,"boss_relics":[],"items_purged_floors":[],"is_endless":false,"potions_floor_spawned":[1,12],"killed_by":"Hexaghost","ascension_level":0}