{"gold_per_floor":[219,61,73,83,158,158,185,185,253,95,95,127,146,159,159,159],"floor_reached":16,"playtime":874,"items_purged":["Strike_R"],"score":220,"play_id":"458d9039-9cda-4adb-80da-1d299c55b4a3","local_time":"20190120192629","is_ascension_mode":true,"campfire_choices":[{"data":"Bash","floor":6.0,"key":"SMITH"},{"floor":8.0,"key":"REST"},{"data":"Searing Blow","floor":11.0,"key":"SMITH"},{"floor":15.0,"key":"REST"}],"neow_cost":"NONE","seed_source_timestamp":620563068602700,"circlet_count":0,"master_deck":["AscendersBane","Strike_R","Strike_R","Strike_R","Strike_R","Defend_R","Defend_R","Defend_R+1","Defend_R+1","Bash+1","Pommel Strike","Pommel Strike","Shrug It Off","Searing Blow+1","Evolve","Armaments","Perfected Strike"],"special_seed":0,"relics":["Burning Blood","Omamori","War Paint","Paper Frog","Smiling Mask"],"potions_floor_usage":[],"damage_taken":[{"damage":9.0,"enemies":"Jaw Worm","floor":1.0,"turns":4.0},{"damage":4.0,"enemies":"Small Slimes","floor":3.0,"turns":4.0},{"damage":5.0,"enemies":"2 Louse","floor":4.0,"turns":3.0},{"damage":35.0,"enemies":"Lagavulin","floor":7.0,"turns":5.0},{"damage":30.0,"enemies":"3 Sentries","floor":12.0,"turns":8.0},{"damage":23.0,"enemies":"Gremlin Gang","floor":13.0,"turns":5.0},{"damage":4.0,"enemies":"Exordium Wildlife","floor":14.0,"turns":6.0},{"damage":34,"enemies":"Hexaghost","floor":16,"turns":5}],"seed_played":"4745301468402812274","potions_obtained":[{"floor":3.0,"key":"Energy Potion"},{"floor":7.0,"key":"Fire Potion"},{"floor":13.0,"key":"GamblersBrew"}],"is_trial":false,"path_per_floor":["M","$","M","M","?","R","E","R","T","$","R","E","M","M","R","B"],"character_chosen":"IRONCLAD","items_purchased":["Omamori","Searing Blow"],"campfire_rested":2,"item_purchase_floors":[2,10],"current_hp_per_floor":[65,65,67,68,57,57,28,50,50,50,50,26,9,11,33,0],"gold":159,"neow_bonus":"HUNDRED_GOLD","is_prod":false,"is_daily":false,"chose_seed":false,"campfire_upgraded":2,"win_rate":0,"timestamp":1548030389,"path_taken":["M","$","M","M","?","R","E","R","T","?","R","E","M","M","R","BOSS"],"build_version":"2019-01-17v2","purchased_purges":1,"victory":false,"max_hp_per_floor":[75,75,75,75,75,75,75,75,75,75,75,75,75,75,75,75],"card_choices":[{"not_picked":["Havoc","Warcry"],"picked":"Pommel Strike","floor":1.0},{"not_picked":["Pommel Strike","Flex","Havoc"],"picked":"SKIP","floor":3.0},{"not_picked":["Anger","Combust"],"picked":"Pommel Strike","floor":4.0},{"not_picked":["Sever Soul","Pommel Strike"],"picked":"Shrug It Off","floor":7.0},{"not_picked":["Flex","Pommel Strike"],"picked":"Evolve","floor":12.0},{"not_picked":["Cleave","Inflame"],"picked":"Armaments","floor":13.0},{"not_picked":["Sword Boomerang","Fiend Fire"],"picked":"Perfected Strike","floor":14.0}],"player_experience":499955,"relics_obtained":[{"floor":7.0,"key":"War Paint"},{"floor":9.0,"key":"Paper Frog"},{"floor":12.0,"key":"Smiling Mask"}],"event_choices":[{"damage_healed":0.0,"max_hp_gain":0.0,"max_hp_loss":0.0,"gold_gain":75.0,"event_name":"World of Goop","player_choice":"Gather Gold","floor":5.0,"gold_loss":0.0,"damage_taken":11.0}],"is_beta":false,"boss_relics":[],"items_purged_floors":[10],"is_endless":false,"potions_floor_spawned":[3,7,13],"killed_by":"Hexaghost","ascension_level":20}