{"gold_per_floor":[114,429,444,459,65,80,110,125,150,165,165,165,180,195,195,295,295,310,325,340,340,355,355,370,385,385,385,400,430,445,145,145,245,245,260,275,22,37,52,52,52,52,52,67,82,97,112,112,112,112],"floor_reached":51,"playtime":5208,"items_purged":[],"score":860,"play_id":"e87c491c-8732-4768-91ae-b7dea3924dbe","local_time":"20190107213718","daily_mods":["Insanity","Vintage","Night Terrors"],"is_ascension_mode":false,"campfire_choices":[{"data":"Dropkick","floor":15,"key":"SMITH"},{"floor":23,"key":"REST"},{"data":"Metallicize","floor":32,"key":"SMITH"},{"data":"Barricade","floor":40,"key":"SMITH"},{"data":"Feed","floor":42,"key":"SMITH"},{"data":"Intimidate","floor":49,"key":"SMITH"}],"neow_cost":"","seed_source_timestamp":1425058291600677,"circlet_count":0,"master_deck":["Heavy Blade","Wild Strike","Intimidate+1","Perfected Strike","Bloodletting","True Grit","True Grit","Warcry","Shockwave","Twin Strike","Dual Wield","Flex","Iron Wave","Flame Barrier","Iron Wave","True Grit","Combust","Perfected Strike","Body Slam","Flex","Body Slam","Uppercut","Dropkick+1","Heavy Blade","Uppercut","Spot Weakness","Armaments","Wild Strike","Rampage","Twin Strike","Thunderclap","Perfected Strike","Warcry","Disarm","Body Slam","Body Slam","Burning Pact","Heavy Blade","Headbutt","Armaments","Entrench","Rampage","Iron Wave","Wild Strike","Rampage","Havoc","Blood for Blood","Metallicize+1","Thunderclap","Iron Wave","Flame Barrier","Feel No Pain","Infernal Blade","Armaments","Barricade+1","Necronomicurse","Uppercut","Anger","Feed+1","Feel No Pain"],"special_seed":17904,"relics":["Black Blood","Nunchaku","Old Coin","Bottled Tornado","Strawberry","Membership Card","Ornamental Fan","Orichalcum","Bottled Flame","Pen Nib","Ancient Tea Set","Vajra","Calipers","Philosopher\u0027s Stone","Kunai","Regal Pillow","Blood Vial","Necronomicon","Letter Opener","Boot","Pear","PreservedInsect","Bag of Preparation","Red Skull","Question Card","Mummified Hand","Juzu Bracelet","Lee\u0027s Waffle","Lantern","MawBank","Ice Cream","Anchor","Self Forming Clay","Pantograph","Potion Belt","Gremlin Horn","Molten Egg 2","Sundial","Meat on the Bone","StoneCalendar","Mercury Hourglass"],"potions_floor_usage":[29,29,29],"damage_taken":[{"damage":4,"enemies":"Jaw Worm","floor":1,"turns":3},{"damage":0,"enemies":"Small Slimes","floor":2,"turns":4},{"damage":4,"enemies":"Cultist","floor":3,"turns":3},{"damage":12,"enemies":"2 Fungi Beasts","floor":4,"turns":3},{"damage":2,"enemies":"3 Louse","floor":6,"turns":3},{"damage":20,"enemies":"Gremlin Nob","floor":7,"turns":4},{"damage":5,"enemies":"Red Slaver","floor":8,"turns":3},{"damage":0,"enemies":"Gremlin Gang","floor":10,"turns":5},{"damage":0,"enemies":"3 Louse","floor":13,"turns":3},{"damage":12,"enemies":"Exordium Wildlife","floor":14,"turns":4},{"damage":8,"enemies":"Slime Boss","floor":16,"turns":10},{"damage":14,"enemies":"2 Thieves","floor":18,"turns":2},{"damage":11,"enemies":"Shell Parasite","floor":19,"turns":4},{"damage":5,"enemies":"Centurion and Healer","floor":20,"turns":4},{"damage":32,"enemies":"Snake Plant","floor":22,"turns":3},{"damage":3,"enemies":"Snecko","floor":24,"turns":3},{"damage":15,"enemies":"Chosen and Byrds","floor":25,"turns":3},{"damage":0,"enemies":"3 Cultists","floor":28,"turns":4},{"damage":21,"enemies":"Gremlin Leader","floor":29,"turns":4},{"damage":12,"enemies":"Centurion and Healer","floor":30,"turns":5},{"damage":28,"enemies":"Champ","floor":33,"turns":6},{"damage":3,"enemies":"Orb Walker","floor":35,"turns":2},{"damage":0,"enemies":"3 Shapes","floor":36,"turns":2},{"damage":0,"enemies":"Transient","floor":38,"turns":5},{"damage":9,"enemies":"Spire Growth","floor":39,"turns":3},{"damage":10,"enemies":"4 Shapes","floor":44,"turns":3},{"damage":0,"enemies":"Writhing Mass","floor":45,"turns":4},{"damage":0,"enemies":"Sphere and 2 Shapes","floor":46,"turns":3},{"damage":3,"enemies":"Maw","floor":47,"turns":5},{"damage":43,"enemies":"Time Eater","floor":50,"turns":8}],"seed_played":"-1546988897683153099","potions_obtained":[{"floor":2,"key":"SkillPotion"},{"floor":3,"key":"LiquidBronze"},{"floor":4,"key":"Ancient Potion"},{"floor":16,"key":"BloodPotion"},{"floor":22,"key":"SteroidPotion"},{"floor":25,"key":"EntropicBrew"},{"floor":35,"key":"Swift Potion"},{"floor":39,"key":"AttackPotion"},{"floor":47,"key":"Block Potion"}],"is_trial":false,"path_per_floor":["M","M","M","M","$","M","E","M","T","M","?","?","M","M","R","B",null,"M","M","M","?","M","R","M","M","T","?","M","E","M","$","R","B",null,"M","M","$","M","M","R","?","R","T","M","M","M","M","T","R","B",null],"character_chosen":"IRONCLAD","items_purchased":["Flame Barrier","Feel No Pain","Infernal Blade","Membership Card","Mummified Hand","Juzu Bracelet","Lee\u0027s Waffle","Ice Cream","Anchor","Feel No Pain"],"campfire_rested":1,"item_purchase_floors":[5,5,5,5,31,31,31,37,37,37],"current_hp_per_floor":[80,80,80,81,81,85,71,72,72,78,83,83,89,83,83,81,92,84,79,80,64,40,87,87,88,88,88,96,91,87,104,104,82,104,104,104,104,104,104,104,104,104,104,104,104,104,104,104,104,71],"gold":112,"neow_bonus":"","is_prod":false,"is_daily":true,"chose_seed":false,"campfire_upgraded":5,"win_rate":0.0,"timestamp":1546915038,"path_taken":["M","M","M","M","$","M","E","M","T","M","?","?","M","?","R","BOSS","M","M","M","?","M","R","M","M","T","?","?","E","M","$","R","BOSS","M","M","$","M","M","R","?","R","T","M","M","M","M","?","R","BOSS"],"build_version":"2019-01-03v4","purchased_purges":0,"victory":true,"max_hp_per_floor":[80,80,80,87,87,87,87,87,87,87,92,92,92,92,92,92,92,92,92,92,92,92,87,87,97,97,97,97,97,97,104,104,104,104,104,104,104,104,104,104,104,104,104,104,104,104,104,104,104,104],"card_choices":[{"not_picked":["Bloodletting","Wild Strike"],"picked":"Armaments","floor":7},{"not_picked":["Fiend Fire","Berserk"],"picked":"Barricade","floor":16},{"not_picked":["Metallicize","Armaments"],"picked":"Anger","floor":29},{"not_picked":["Double Tap","Berserk","Exhume"],"picked":"Feed","floor":33}],"player_experience":52015,"relics_obtained":[{"floor":1,"key":"Nunchaku"},{"floor":2,"key":"Old Coin"},{"floor":3,"key":"Bottled Tornado"},{"floor":4,"key":"Strawberry"},{"floor":6,"key":"Ornamental Fan"},{"floor":7,"key":"Orichalcum"},{"floor":8,"key":"Bottled Flame"},{"floor":9,"key":"Pen Nib"},{"floor":10,"key":"Ancient Tea Set"},{"floor":13,"key":"Vajra"},{"floor":14,"key":"Calipers"},{"floor":18,"key":"Kunai"},{"floor":19,"key":"Regal Pillow"},{"floor":20,"key":"Blood Vial"},{"floor":21,"key":"Necronomicon"},{"floor":22,"key":"Letter Opener"},{"floor":24,"key":"Boot"},{"floor":25,"key":"Pear"},{"floor":26,"key":"PreservedInsect"},{"floor":28,"key":"Bag of Preparation"},{"floor":29,"key":"Red Skull"},{"floor":30,"key":"Question Card"},{"floor":35,"key":"Lantern"},{"floor":36,"key":"MawBank"},{"floor":38,"key":"Self Forming Clay"},{"floor":39,"key":"Pantograph"},{"floor":43,"key":"Gremlin Horn"},{"floor":44,"key":"Molten Egg 2"},{"floor":45,"key":"Sundial"},{"floor":46,"key":"Meat on the Bone"},{"floor":47,"key":"StoneCalendar"},{"floor":48,"key":"Mercury Hourglass"}],"event_choices":[{"damage_healed":0,"gold_gain":0,"player_choice":"Donut","damage_taken":0,"max_hp_gain":5,"max_hp_loss":0,"event_name":"Big Fish","floor":11,"gold_loss":0},{"damage_healed":0,"gold_gain":0,"player_choice":"Got Potions","damage_taken":0,"max_hp_gain":0,"max_hp_loss":0,"event_name":"Lab","floor":12,"gold_loss":0},{"damage_healed":0,"gold_gain":0,"player_choice":"Obtained Book","damage_taken":16,"max_hp_gain":0,"max_hp_loss":0,"event_name":"Cursed Tome","floor":21,"gold_loss":0},{"damage_healed":0,"gold_gain":0,"player_choice":"Copied","damage_taken":0,"max_hp_gain":0,"max_hp_loss":0,"event_name":"Duplicator","floor":27,"gold_loss":0,"cards_obtained":["Uppercut"]},{"damage_healed":0,"gold_gain":0,"player_choice":"Gave Potion","damage_taken":0,"relics_obtained":["Potion Belt"],"max_hp_gain":0,"max_hp_loss":0,"event_name":"WeMeetAgain","floor":41,"gold_loss":0}],"is_beta":false,"boss_relics":[{"not_picked":["Runic Cube","Velvet Choker"],"picked":"Philosopher\u0027s Stone"},{"not_picked":["Snecko Eye","Empty Cage"],"picked":"Black Blood"}],"items_purged_floors":[],"is_endless":false,"potions_floor_spawned":[2,3,4,8,16,19,22,25,29,35,36,38,39,47],"ascension_level":0}