{"gold_per_floor":[112,130,143,161,161,191,191,205,232,232,232,232,246,93,93,197,197,211,211,211,224,224,224,224,23,50,50,63,63,63,77,77,77],"floor_reached":33,"playtime":1939,"items_purged":[],"score":245,"play_id":"7c6beb44-28ba-4842-8435-d7691db041b8","local_time":"20190107160506","is_ascension_mode":false,"campfire_choices":[{"data":"Bash","floor":7,"key":"SMITH"},{"floor":12,"key":"REST"},{"data":"Headbutt","floor":15,"key":"SMITH"},{"data":"RitualDagger","floor":23,"key":"SMITH"},{"data":"Rage","floor":27,"key":"SMITH"},{"floor":29,"key":"REST"},{"floor":32,"key":"REST"}],"neow_cost":"NONE","seed_source_timestamp":562900805492475,"circlet_count":0,"master_deck":["Strike_R","Strike_R","Strike_R","Defend_R","Defend_R+1","Defend_R","Defend_R+1","Bash+1","True Grit","Searing Blow","Headbutt+1","Cleave","Sentinel","Barricade+1","Dropkick","Intimidate","RitualDagger+1","Rage+1","Injury","Shame"],"relics":["Burning Blood","NeowsBlessing","WarpedTongs","Frozen Egg 2","Blood Vial","War Paint","Bronze Scales","Cursed Key","Nilry\u0027s Codex","Pen Nib","Toy Ornithopter","Ancient Tea Set","Oddly Smooth Stone"],"potions_floor_usage":[33],"damage_taken":[{"damage":0,"enemies":"Cultist","floor":1,"turns":1},{"damage":0,"enemies":"Small Slimes","floor":2,"turns":1},{"damage":0,"enemies":"2 Louse","floor":3,"turns":1},{"damage":0,"enemies":"Large Slime","floor":4,"turns":5},{"damage":39,"enemies":"3 Sentries","floor":6,"turns":9},{"damage":15,"enemies":"Red Slaver","floor":8,"turns":3},{"damage":5,"enemies":"2 Fungi Beasts","floor":13,"turns":3},{"damage":54,"enemies":"Hexaghost","floor":16,"turns":8},{"damage":19,"enemies":"Shell Parasite","floor":18,"turns":7},{"damage":10,"enemies":"Chosen","floor":21,"turns":3},{"damage":20,"enemies":"Snake Plant","floor":28,"turns":4},{"damage":10,"enemies":"Centurion and Healer","floor":31,"turns":12},{"damage":84,"enemies":"Champ","floor":33,"turns":12}],"seed_played":"-6906791068558002132","potions_obtained":[{"floor":2,"key":"Strength Potion"},{"floor":3,"key":"Fire Potion"},{"floor":4,"key":"Dexterity Potion"},{"floor":16,"key":"Poison Potion"},{"floor":28,"key":"AttackPotion"}],"is_trial":false,"path_per_floor":["M","M","M","M","?","E","R","M","T","?","?","R","M","$","R","B",null,"M","?","?","M","?","R","?","$","T","R","M","R","?","M","R","B"],"character_chosen":"IRONCLAD","items_purchased":["Bronze Scales","Toy Ornithopter"],"campfire_rested":3,"item_purchase_floors":[14,25],"current_hp_per_floor":[80,80,80,80,80,47,47,38,38,31,31,55,58,58,58,12,80,67,67,61,59,43,43,43,43,43,43,31,55,55,53,77,0],"gold":77,"neow_bonus":"THREE_ENEMY_KILL","is_prod":false,"is_daily":false,"chose_seed":false,"campfire_upgraded":4,"win_rate":0.0,"timestamp":1546873506,"path_taken":["M","M","?","M","?","E","R","?","T","?","?","R","M","$","R","BOSS","M","?","?","M","?","R","?","$","T","R","M","R","?","M","R","BOSS"],"build_version":"2019-01-03v4","purchased_purges":0,"victory":false,"max_hp_per_floor":[80,80,80,80,80,80,80,80,80,80,80,80,80,80,80,80,80,80,80,80,80,80,80,80,80,80,80,80,80,80,80,80,80],"card_choices":[{"not_picked":["Rage","Bloodletting"],"picked":"True Grit","floor":1},{"not_picked":["Hemokinesis","Second Wind"],"picked":"Searing Blow","floor":2},{"not_picked":["Wild Strike","Carnage"],"picked":"Headbutt","floor":3},{"not_picked":["Body Slam","Searing Blow"],"picked":"Cleave","floor":4},{"not_picked":["Corruption","Cleave"],"picked":"Sentinel","floor":6},{"not_picked":["Wild Strike","Cleave","Hemokinesis"],"picked":"SKIP","floor":8},{"not_picked":["Perfected Strike","Burning Pact","Corruption+1"],"picked":"SKIP","floor":13},{"not_picked":["Dark Embrace+1","Fiend Fire"],"picked":"Barricade+1","floor":16},{"not_picked":["Clash","Wild Strike","Flex"],"picked":"SKIP","floor":18},{"not_picked":["Armaments","Twin Strike+1"],"picked":"Rage","floor":21},{"not_picked":["Blood for Blood","Anger","Perfected Strike+1"],"picked":"SKIP","floor":28},{"not_picked":["Perfected Strike+1","Heavy Blade","True Grit"],"picked":"SKIP","floor":31}],"player_experience":117625,"relics_obtained":[{"floor":6,"key":"Frozen Egg 2"},{"floor":9,"key":"Blood Vial"},{"floor":22,"key":"Nilry\u0027s Codex"},{"floor":26,"key":"Ancient Tea Set"}],"event_choices":[{"damage_healed":0,"gold_gain":0,"player_choice":"Rummage","damage_taken":0,"relics_obtained":["WarpedTongs"],"max_hp_gain":0,"max_hp_loss":0,"event_name":"Accursed Blacksmith","floor":5,"gold_loss":0,"cards_obtained":["Pain"]},{"cards_removed":["Pain"],"damage_healed":0,"gold_gain":0,"player_choice":"Card Removal","damage_taken":7,"max_hp_gain":0,"max_hp_loss":0,"event_name":"Golden Wing","floor":10,"gold_loss":0},{"damage_healed":0,"gold_gain":0,"player_choice":"Gave Potion","damage_taken":0,"relics_obtained":["War Paint"],"max_hp_gain":0,"max_hp_loss":0,"event_name":"WeMeetAgain","floor":11,"gold_loss":0},{"damage_healed":0,"gold_gain":0,"cards_transformed":["Strike_R","Strike_R"],"player_choice":"Became Test Subject","damage_taken":0,"max_hp_gain":0,"max_hp_loss":0,"event_name":"Drug Dealer","floor":19,"gold_loss":0,"cards_obtained":["Dropkick","Intimidate"]},{"damage_healed":0,"gold_gain":0,"player_choice":"Joined the Cult","damage_taken":6,"max_hp_gain":0,"max_hp_loss":0,"event_name":"Nest","floor":20,"gold_loss":0,"cards_obtained":["RitualDagger"]},{"damage_healed":0,"gold_gain":0,"player_choice":"Obtained Book","damage_taken":16,"max_hp_gain":0,"max_hp_loss":0,"event_name":"Cursed Tome","floor":22,"gold_loss":0},{"damage_healed":0,"gold_gain":0,"player_choice":"Opened","damage_taken":0,"relics_obtained":["Pen Nib"],"max_hp_gain":0,"max_hp_loss":0,"event_name":"The Mausoleum","floor":24,"gold_loss":0},{"damage_healed":0,"gold_gain":0,"player_choice":"Stole Relic","damage_taken":0,"relics_obtained":["Oddly Smooth Stone"],"max_hp_gain":0,"max_hp_loss":0,"event_name":"Addict","floor":30,"gold_loss":0,"cards_obtained":["Shame"]}],"is_beta":false,"boss_relics":[{"not_picked":["Empty Cage","Velvet Choker"],"picked":"Cursed Key"}],"items_purged_floors":[],"is_endless":false,"potions_floor_spawned":[2,3,4,16,28],"killed_by":"Champ","ascension_level":0}