{"gold_per_floor":[115,42,60,210,210,236,236,254,303,313,313,313,238,238,238,327,327,351,351,276,142,211,211,225,225,276,276,300,320,335,360,360,453,453,474,495,513,513,513,513,526,526,581,593,67,81,81,0,0,0],"floor_reached":51,"playtime":1814,"items_purged":["Doubt","Defend_B","Writhe"],"score":1204,"play_id":"9a0ee4a0-5e04-484b-9321-108194ccab53","local_time":"20190102172255","is_ascension_mode":true,"campfire_choices":[{"data":"Defragment","floor":7,"key":"SMITH"},{"data":"Zap","floor":15,"key":"SMITH"},{"data":"Self Repair","floor":23,"key":"SMITH"},{"data":"Consume","floor":25,"key":"SMITH"},{"data":"Multi-Cast","floor":27,"key":"SMITH"},{"data":"Capacitor","floor":32,"key":"SMITH"},{"data":"Glacier","floor":40,"key":"SMITH"},{"floor":42,"key":"REST"},{"floor":47,"key":"REST"},{"data":"Dualcast","floor":49,"key":"SMITH"}],"neow_cost":"NONE","seed_source_timestamp":1382393719184415,"circlet_count":0,"master_deck":["AscendersBane","Defend_B","Defend_B","Zap+1","Dualcast+1","Auto Shields","Capacitor+1","Glacier+1","Defragment+1","Cold Snap+1","Conserve Battery","Multi-Cast+1","Self Repair+1","Consume+1","Cold Snap+1","Electrodynamics","Echo Form","Chaos+1","Static Discharge+1","Turbo+1","FTL","Parasite"],"relics":["Cracked Core","NeowsBlessing","NlothsMask","Orichalcum","Golden Idol","Inserter","Bottled Tornado","Bag of Preparation","Astrolabe","MawBank","Ancient Tea Set","Whetstone","Red Mask"],"potions_floor_usage":[24,28,29,41],"damage_taken":[{"damage":0,"enemies":"Cultist","floor":1,"turns":1},{"damage":0,"enemies":"Jaw Worm","floor":3,"turns":1},{"damage":0,"enemies":"Lagavulin","floor":6,"turns":1},{"damage":4,"enemies":"Small Slimes","floor":8,"turns":4},{"damage":12,"enemies":"Red Slaver","floor":10,"turns":5},{"damage":25,"enemies":"The Guardian","floor":16,"turns":17},{"damage":0,"enemies":"Spheric Guardian","floor":18,"turns":8},{"damage":25,"enemies":"2 Thieves","floor":24,"turns":5},{"damage":15,"enemies":"Cultist and Chosen","floor":28,"turns":9},{"damage":3,"enemies":"Chosen and Byrds","floor":29,"turns":9},{"damage":8,"enemies":"Centurion and Healer","floor":30,"turns":6},{"damage":0,"enemies":"Snecko","floor":31,"turns":4},{"damage":39,"enemies":"Collector","floor":33,"turns":9},{"damage":30,"enemies":"3 Darklings","floor":35,"turns":3},{"damage":5,"enemies":"3 Shapes","floor":36,"turns":5},{"damage":8,"enemies":"Sphere and 2 Shapes","floor":37,"turns":4},{"damage":39,"enemies":"Jaw Worm Horde","floor":41,"turns":4},{"damage":16,"enemies":"Writhing Mass","floor":46,"turns":5},{"damage":14,"enemies":"Time Eater","floor":50,"turns":11}],"seed_played":"-5412983953829610758","potions_obtained":[{"floor":1,"key":"Poison Potion"},{"floor":8,"key":"Fire Potion"},{"floor":24,"key":"AttackPotion"},{"floor":28,"key":"Regen Potion"},{"floor":35,"key":"GamblersBrew"},{"floor":41,"key":"Fruit Juice"}],"is_trial":false,"path_per_floor":["M","$","M","?","?","E","R","M","T","M","?","?","$","?","R","B",null,"M","?","?","$","T","R","M","R","T","R","M","M","M","M","R","B",null,"M","M","M","?","?","R","M","R","T","?","$","M","R","?","R","B",null],"character_chosen":"DEFECT","items_purchased":["Capacitor","Self Repair","Ancient Tea Set","Whetstone","Weak Potion","FTL"],"campfire_rested":2,"item_purchase_floors":[2,21,45,45,45,45],"current_hp_per_floor":[64,64,64,64,64,64,64,60,60,48,48,48,48,41,41,16,52,52,52,52,52,52,52,37,37,37,37,32,54,56,64,64,35,57,37,32,34,47,47,47,23,43,43,43,43,37,57,57,57,53],"gold":0,"neow_bonus":"THREE_ENEMY_KILL","is_prod":false,"is_daily":false,"chose_seed":false,"campfire_upgraded":8,"win_rate":0,"timestamp":1546417375,"path_taken":["M","$","?","?","?","E","R","M","T","?","?","?","?","?","R","BOSS","M","?","?","$","?","R","?","R","T","R","M","M","M","M","R","BOSS","M","M","M","?","?","R","M","R","T","?","$","M","R","?","R","BOSS"],"build_version":"2018-12-20","purchased_purges":3,"victory":true,"max_hp_per_floor":[71,71,71,71,71,71,71,71,71,71,71,64,64,64,64,64,64,64,64,64,64,64,64,64,64,64,64,64,64,64,64,64,64,64,64,64,64,64,64,64,69,69,69,69,69,69,69,69,69,69],"card_choices":[{"not_picked":["Barrage","Hologram"],"picked":"Auto Shields","floor":1},{"not_picked":["Genetic Algorithm","Scrape"],"picked":"Glacier","floor":3},{"not_picked":["Stack","Loop"],"picked":"Defragment","floor":6},{"not_picked":["FTL","Beam Cell"],"picked":"Cold Snap","floor":8},{"not_picked":["Barrage","Stack"],"picked":"Conserve Battery","floor":10},{"not_picked":["Meteor Strike","Thunder Strike"],"picked":"Multi-Cast","floor":16},{"not_picked":["Barrage","Go for the Eyes","Steam"],"picked":"SKIP","floor":18},{"not_picked":["Stack","Rebound"],"picked":"Consume","floor":24},{"not_picked":["Leap","Stack"],"picked":"Cold Snap","floor":28},{"not_picked":["Doom and Gloom","Coolheaded"],"picked":"Electrodynamics","floor":29},{"not_picked":["Leap+1","Reinforced Body+1","Darkness"],"picked":"SKIP","floor":30},{"not_picked":["Stack","Steam+1","Fusion"],"picked":"SKIP","floor":31},{"not_picked":["Biased Cognition","Seek"],"picked":"Echo Form","floor":33},{"not_picked":["Hologram","Turbo+1","Ball Lightning"],"picked":"SKIP","floor":35},{"not_picked":["Hologram","Ball Lightning"],"picked":"Turbo+1","floor":35},{"not_picked":["Genetic Algorithm","Steam","All For One"],"picked":"SKIP","floor":36},{"not_picked":["Sweeping Beam","Leap+1","Rip and Tear"],"picked":"SKIP","floor":37},{"not_picked":["Redo","Capacitor+1","Genetic Algorithm+1"],"picked":"SKIP","floor":41},{"not_picked":["Chill","Leap","Redo"],"picked":"SKIP","floor":46}],"player_experience":706187,"relics_obtained":[{"floor":6,"key":"Orichalcum"},{"floor":22,"key":"Bottled Tornado"},{"floor":26,"key":"Bag of Preparation"},{"floor":43,"key":"MawBank"}],"event_choices":[{"damage_healed":0,"gold_gain":150,"player_choice":"AGREE","damage_taken":0,"max_hp_gain":0,"max_hp_loss":0,"event_name":"Liars Game","floor":4,"gold_loss":0,"cards_obtained":["Doubt"]},{"damage_healed":0,"gold_gain":0,"player_choice":"Trade","damage_taken":0,"relics_obtained":["NlothsMask"],"max_hp_gain":0,"max_hp_loss":0,"event_name":"FaceTrader","floor":5,"gold_loss":0},{"damage_healed":0,"gold_gain":0,"player_choice":"Searched \u00270\u0027 times","damage_taken":0,"max_hp_gain":0,"max_hp_loss":0,"event_name":"Dead Adventurer","floor":11,"gold_loss":0},{"damage_healed":0,"gold_gain":0,"player_choice":"Lose Max HP","damage_taken":0,"relics_obtained":["Golden Idol"],"max_hp_gain":0,"max_hp_loss":7,"event_name":"Golden Idol","floor":12,"gold_loss":0},{"cards_removed":["Strike_B"],"damage_healed":0,"gold_gain":0,"player_choice":"Card Removal","damage_taken":7,"max_hp_gain":0,"max_hp_loss":0,"event_name":"Golden Wing","floor":14,"gold_loss":0},{"damage_healed":0,"gold_gain":0,"player_choice":"Ignored","damage_taken":0,"max_hp_gain":0,"max_hp_loss":0,"event_name":"Vampires","floor":19,"gold_loss":0},{"cards_removed":["Strike_B"],"damage_healed":0,"gold_gain":0,"player_choice":"Gave Gold","damage_taken":0,"max_hp_gain":0,"max_hp_loss":0,"event_name":"Beggar","floor":20,"gold_loss":75},{"damage_healed":13,"gold_gain":0,"player_choice":"Writhe","damage_taken":0,"max_hp_gain":0,"max_hp_loss":0,"event_name":"Winding Halls","floor":38,"gold_loss":0,"cards_obtained":["Writhe"]},{"cards_removed":["Amplify"],"damage_healed":0,"gold_gain":0,"player_choice":"Removed Skill","damage_taken":0,"max_hp_gain":0,"max_hp_loss":0,"event_name":"Falling","floor":39,"gold_loss":0},{"damage_healed":0,"gold_gain":0,"player_choice":"Ignored","damage_taken":0,"max_hp_gain":0,"max_hp_loss":0,"event_name":"Mysterious Sphere","floor":44,"gold_loss":0},{"damage_healed":0,"gold_gain":0,"player_choice":"Paid","damage_taken":0,"relics_obtained":["Red Mask"],"max_hp_gain":0,"max_hp_loss":0,"event_name":"Tomb of Lord Red Mask","floor":48,"gold_loss":81}],"is_beta":false,"boss_relics":[{"not_picked":["Empty Cage","Philosopher\u0027s Stone"],"picked":"Inserter"},{"not_picked":["Eternal Feather","Tiny House"],"picked":"Astrolabe"}],"items_purged_floors":[13,21,45],"is_endless":false,"potions_floor_spawned":[1,8,16,24,28,35,41],"ascension_level":15}