{"gold_per_floor":[119,119,136,156,76,76,151,180,206,206,236,236,236,253,253,353,353,368,395,395],"floor_reached":20,"playtime":1568,"items_purged":[],"score":252,"play_id":"2e56701e-676e-4f5b-9cf6-952f20ba7db2","local_time":"20190203204150","is_ascension_mode":true,"campfire_choices":[{"data":"Phantasmal Killer","floor":6,"key":"SMITH"},{"floor":12,"key":"REST"},{"data":"Dagger Spray","floor":15,"key":"SMITH"}],"neow_cost":"NONE","seed_source_timestamp":260648328603382,"circlet_count":0,"master_deck":["Defend_G","Defend_G","Defend_G","Defend_G","Defend_G","Strike_G","Survivor","Neutralize+1","Well Laid Plans","Backstab+1","Bullet Time","Phantasmal Killer+1","Cloak And Dagger","Dagger Spray+1","Flechettes","Night Terror","Flying Knee+1","After Image+1","Bouncing Flask+1","Slice+1","Caltrops"],"relics":["Ring of the Snake","Regal Pillow","Snake Skull","Juzu Bracelet","Astrolabe","Red Mask"],"potions_floor_usage":[8,11,16],"damage_taken":[{"damage":4,"enemies":"Small Slimes","floor":1,"turns":5},{"damage":0,"enemies":"Cultist","floor":3,"turns":5},{"damage":1,"enemies":"Jaw Worm","floor":4,"turns":4},{"damage":19,"enemies":"Lagavulin","floor":8,"turns":10},{"damage":19,"enemies":"Gremlin Nob","floor":11,"turns":4},{"damage":0,"enemies":"3 Louse","floor":14,"turns":2},{"damage":18,"enemies":"Slime Boss","floor":16,"turns":9},{"damage":24,"enemies":"Chosen","floor":18,"turns":6},{"damage":37,"enemies":"Masked Bandits","floor":19,"turns":5},{"damage":3,"enemies":"Shell Parasite","floor":20,"turns":2}],"seed_played":"2974211962769958166","potions_obtained":[{"floor":3,"key":"Explosive Potion"},{"floor":4,"key":"Poison Potion"},{"floor":11,"key":"PowerPotion"}],"is_trial":false,"path_per_floor":["M","?","M","M","$","R","?","E","T","?","E","R","?","M","R","B",null,"M","?","M"],"character_chosen":"THE_SILENT","items_purchased":["Phantasmal Killer"],"campfire_rested":1,"item_purchase_floors":[5],"current_hp_per_floor":[59,59,59,58,58,58,47,28,28,28,9,45,50,50,50,32,64,40,3,0],"gold":395,"neow_bonus":"UPGRADE_CARD","is_prod":false,"is_daily":false,"chose_seed":false,"campfire_upgraded":2,"win_rate":0,"timestamp":1549255310,"path_taken":["M","?","M","M","?","R","?","E","T","?","E","R","?","M","R","BOSS","M","?","M"],"build_version":"2019-01-23","purchased_purges":0,"victory":false,"max_hp_per_floor":[70,70,70,70,70,70,70,70,70,70,70,70,75,75,75,75,75,75,75,75],"card_choices":[{"not_picked":["Outmaneuver","Bouncing Flask"],"picked":"Well Laid Plans","floor":1},{"not_picked":["Flying Knee","Bane"],"picked":"Backstab","floor":3},{"not_picked":["Terror","Bane"],"picked":"Bullet Time","floor":4},{"not_picked":["Backflip","Acrobatics"],"picked":"Cloak And Dagger","floor":8},{"not_picked":["Tactician","Bullet Time"],"picked":"Dagger Spray","floor":11},{"not_picked":["Reflex","Accuracy"],"picked":"Flechettes","floor":14},{"not_picked":["Die Die Die","Envenom"],"picked":"Night Terror","floor":16},{"not_picked":["Cloak And Dagger","Distraction"],"picked":"Slice+1","floor":18},{"not_picked":["Expertise","Sucker Punch+1"],"picked":"Caltrops","floor":19}],"player_experience":460272,"relics_obtained":[{"floor":8,"key":"Regal Pillow"},{"floor":9,"key":"Snake Skull"},{"floor":11,"key":"Juzu Bracelet"},{"floor":19,"key":"Red Mask"}],"event_choices":[{"cards_removed":["Strike_G"],"damage_healed":0,"gold_gain":0,"player_choice":"Offered Basic","damage_taken":0,"max_hp_gain":0,"max_hp_loss":0,"event_name":"Bonfire Elementals","floor":2,"gold_loss":0},{"damage_healed":0,"gold_gain":75,"player_choice":"Gather Gold","damage_taken":11,"max_hp_gain":0,"max_hp_loss":0,"event_name":"World of Goop","floor":7,"gold_loss":0},{"damage_healed":0,"gold_gain":0,"player_choice":"Grow","damage_taken":0,"max_hp_gain":0,"max_hp_loss":0,"event_name":"Living Wall","floor":10,"gold_loss":0,"cards_upgraded":["Backstab"]},{"damage_healed":0,"gold_gain":0,"player_choice":"Donut","damage_taken":0,"max_hp_gain":5,"max_hp_loss":0,"event_name":"Big Fish","floor":13,"gold_loss":0},{"damage_healed":0,"gold_gain":0,"player_choice":"Fought Bandits","damage_taken":0,"max_hp_gain":0,"max_hp_loss":0,"event_name":"Masked Bandits","floor":19,"gold_loss":0}],"is_beta":false,"boss_relics":[{"not_picked":["Black Star","Ectoplasm"],"picked":"Astrolabe"}],"items_purged_floors":[],"is_endless":false,"potions_floor_spawned":[3,4,11],"killed_by":"Shell Parasite","ascension_level":8}