{"gold_per_floor":[113,113,123,23,23,23,54,64,89,116,27,43,56,116,116,116],"floor_reached":16,"playtime":387,"items_purged":["Decay"],"score":270,"play_id":"98a7bd5f-6dcf-4d4c-8a8a-c645674b9591","local_time":"20190125184728","is_ascension_mode":true,"campfire_choices":[{"data":"Defragment","floor":6,"key":"SMITH"},{"data":"Defragment","floor":15,"key":"SMITH"}],"neow_cost":"NONE","seed_source_timestamp":30732224505572,"circlet_count":0,"master_deck":["AscendersBane","Strike_B","Strike_B","Strike_B","Defend_B","Defend_B","Defend_B","Defend_B","Zap","Dualcast","Capacitor","Defragment+1","Tempest","Conserve Battery","Core Surge","Biased Cognition","Static Discharge","Rainbow","Defragment+1","Sunder","Conserve Battery"],"special_seed":0,"relics":["Cracked Core","NeowsBlessing","Art of War","DataDisk","Meat on the Bone","Bottled Lightning"],"potions_floor_usage":[14,16],"damage_taken":[{"damage":0.0,"enemies":"Small Slimes","floor":1.0,"turns":1.0},{"damage":0,"enemies":"Cultist","floor":3,"turns":1},{"damage":0,"enemies":"3 Sentries","floor":7,"turns":1},{"damage":4,"enemies":"Jaw Worm","floor":8,"turns":3},{"damage":20,"enemies":"Lagavulin","floor":10,"turns":5},{"damage":2,"enemies":"2 Fungi Beasts","floor":12,"turns":2},{"damage":6,"enemies":"Looter","floor":13,"turns":2},{"damage":28,"enemies":"3 Sentries","floor":14,"turns":5},{"damage":33,"enemies":"Slime Boss","floor":16,"turns":3}],"seed_played":"8949301205230747503","potions_obtained":[{"floor":8,"key":"SteroidPotion"},{"floor":10,"key":"FearPotion"},{"floor":13,"key":"Swift Potion"},{"floor":14,"key":"SkillPotion"}],"is_trial":false,"path_per_floor":["M","?","M","$","?","R","E","M","T","E","$","M","M","?","R","B"],"character_chosen":"DEFECT","items_purchased":["Conserve Battery","Defragment"],"campfire_rested":0,"item_purchase_floors":[4,11],"current_hp_per_floor":[64,64,64,64,64,64,64,60,60,40,40,38,44,28,28,0],"gold":116,"neow_bonus":"THREE_ENEMY_KILL","is_prod":false,"is_daily":false,"chose_seed":false,"campfire_upgraded":2,"win_rate":0,"timestamp":1548409648,"path_taken":["M","?","?","?","?","R","E","?","T","E","$","M","M","?","R","BOSS"],"build_version":"2019-01-23","purchased_purges":1,"victory":false,"max_hp_per_floor":[71,71,71,71,71,71,71,71,71,71,71,71,71,71,71,71],"card_choices":[{"not_picked":["Streamline","Redo"],"picked":"Capacitor","floor":1},{"not_picked":["Darkness","Rebound"],"picked":"Tempest","floor":3},{"not_picked":["Go for the Eyes","Sweeping Beam"],"picked":"Biased Cognition","floor":7},{"not_picked":["Skim","Turbo"],"picked":"Static Discharge","floor":8},{"not_picked":["Streamline","Chaos"],"picked":"Rainbow","floor":10},{"not_picked":["Compile Driver","Doom and Gloom"],"picked":"Sunder","floor":12},{"not_picked":["Gash","Turbo","Hello World"],"picked":"SKIP","floor":13},{"not_picked":["White Noise","Compile Driver"],"picked":"Conserve Battery","floor":14}],"player_experience":840832,"relics_obtained":[{"floor":7,"key":"Art of War"},{"floor":9,"key":"DataDisk"},{"floor":10,"key":"Meat on the Bone"},{"floor":14,"key":"Bottled Lightning"}],"event_choices":[{"damage_healed":0,"gold_gain":0,"player_choice":"2 cards matched","damage_taken":0,"max_hp_gain":0,"max_hp_loss":0,"event_name":"Match and Keep!","floor":2,"gold_loss":0,"cards_obtained":["Decay","Defragment"]},{"damage_healed":0,"gold_gain":0,"cards_transformed":["Strike_B"],"player_choice":"Change","damage_taken":0,"max_hp_gain":0,"max_hp_loss":0,"event_name":"Living Wall","floor":5,"gold_loss":0,"cards_obtained":["Core Surge"]},{"damage_healed":0,"gold_gain":0,"player_choice":"Searched \u00271\u0027 times","damage_taken":0,"max_hp_gain":0,"max_hp_loss":0,"event_name":"Dead Adventurer","floor":14,"gold_loss":0}],"is_beta":false,"boss_relics":[],"items_purged_floors":[4],"is_endless":false,"potions_floor_spawned":[8,10,13,14],"killed_by":"Slime Boss","ascension_level":20}