{"gold_per_floor":[110,125,50,125,98,98,108,121,121,141,166,131,131],"floor_reached":13,"playtime":654,"items_purged":["Strike_R"],"score":79,"play_id":"b5bbe88a-5374-4a60-aafe-f6a6da988cbf","local_time":"20181215134716","is_ascension_mode":true,"campfire_choices":[{"data":"Bash","floor":6,"key":"SMITH"}],"neow_cost":"PERCENT_DAMAGE","seed_source_timestamp":307348840696098,"circlet_count":0,"master_deck":["Strike_R","Strike_R","Strike_R","Strike_R","Defend_R","Defend_R","Defend_R","Defend_R","Bash+1","Inflame","Body Slam","Reaper","Armaments","Shrug It Off","Iron Wave"],"relics":["Burning Blood","Calipers","Odd Mushroom"],"potions_floor_usage":[2,13],"damage_taken":[{"damage":5,"enemies":"Cultist","floor":1,"turns":4},{"damage":2,"enemies":"Jaw Worm","floor":2,"turns":3},{"damage":0,"enemies":"Small Slimes","floor":7,"turns":4},{"damage":20,"enemies":"Looter","floor":8,"turns":3},{"damage":14,"enemies":"Blue Slaver","floor":10,"turns":4},{"damage":38,"enemies":"The Mushroom Lair","floor":11,"turns":6},{"damage":39,"enemies":"Gremlin Nob","floor":13,"turns":5}],"seed_played":"-4260390945498552598","potions_obtained":[{"floor":1,"key":"PowerPotion"},{"floor":11,"key":"SkillPotion"}],"is_trial":false,"path_per_floor":["M","M","$","?","$","R","M","M","T","M","?","?","E"],"character_chosen":"IRONCLAD","items_purchased":["Body Slam"],"campfire_rested":0,"item_purchase_floors":[5],"current_hp_per_floor":[57,61,61,50,50,50,56,42,42,34,14,34,0],"gold":131,"neow_bonus":"ONE_RARE_RELIC","is_prod":false,"is_daily":false,"chose_seed":false,"campfire_upgraded":1,"win_rate":0,"timestamp":1544899636,"path_taken":["M","?","$","?","$","R","M","M","T","M","?","?","E"],"build_version":"2018-12-13","purchased_purges":1,"victory":false,"max_hp_per_floor":[80,80,80,80,80,80,80,80,80,80,80,80,80],"card_choices":[{"not_picked":["Headbutt","Shockwave"],"picked":"Inflame","floor":1},{"not_picked":["Twin Strike","Second Wind","Clash"],"picked":"SKIP","floor":2},{"not_picked":["Thunderclap","Iron Wave"],"picked":"Reaper","floor":7},{"not_picked":["Heavy Blade","Combust"],"picked":"Armaments","floor":8},{"not_picked":["Warcry","Dropkick"],"picked":"Shrug It Off","floor":10},{"not_picked":["Thunderclap","Headbutt"],"picked":"Iron Wave","floor":11}],"player_experience":719317,"relics_obtained":[{"floor":11,"key":"Odd Mushroom"}],"event_choices":[{"damage_healed":0,"gold_gain":75,"player_choice":"Gather Gold","damage_taken":11,"max_hp_gain":0,"max_hp_loss":0,"event_name":"World of Goop","floor":4,"gold_loss":0},{"damage_healed":0,"gold_gain":0,"player_choice":"Fought Mushrooms","damage_taken":0,"max_hp_gain":0,"max_hp_loss":0,"event_name":"Mushrooms","floor":11,"gold_loss":0},{"damage_healed":20,"gold_gain":0,"player_choice":"Healed","damage_taken":0,"max_hp_gain":0,"max_hp_loss":0,"event_name":"The Cleric","floor":12,"gold_loss":35}],"is_beta":false,"boss_relics":[],"items_purged_floors":[3],"is_endless":false,"potions_floor_spawned":[1,11],"killed_by":"Gremlin Nob","ascension_level":1}