{"gold_per_floor":[14,24,24,24,34,59,73,73,142,67,67,82,112,123,123,218,218,236,236,252,57,57,90,90,122,148,164,164,174,204,219,219,315,315,331,350,370,470,486,512,531,531],"floor_reached":42,"playtime":3382,"items_purged":["Defend_B"],"score":578,"play_id":"ad492156-ee69-463f-8c6c-152e66c4e49a","local_time":"20181115204834","is_ascension_mode":true,"campfire_choices":[{"data":"Electrodynamics","floor":8,"key":"SMITH"},{"data":"Darkness","floor":11,"key":"SMITH"},{"data":"Zap","floor":15,"key":"SMITH"},{"floor":24,"key":"REST"},{"data":"Double Energy","floor":28,"key":"SMITH"},{"floor":32,"key":"REST"}],"neow_cost":"NO_GOLD","seed_source_timestamp":100455260601073,"circlet_count":0,"master_deck":["Strike_B","Strike_B","Defend_B","Defend_B","Defend_B+1","Zap+1","Dualcast+1","Electrodynamics+1","Genetic Algorithm","Darkness+1","Tempest","Coolheaded","Conserve Battery","Thunder Strike","Double Energy+1","Biased Cognition","Barrage","PiercingWail","Warcry","Compile Driver","Corpse Explosion","Steam Power","Redo+1","PanicButton+1"],"relics":["Cracked Core","Thread and Needle","Singing Bowl","Omamori","Inserter","Nloth\u0027s Gift","PrismaticShard","Cables","Orichalcum","War Paint","Happy Flower","Cursed Key","Bag of Preparation"],"potions_floor_usage":[25,30,30,40,42],"damage_taken":[{"damage":8,"enemies":"Small Slimes","floor":1,"turns":3},{"damage":9,"enemies":"2 Louse","floor":2,"turns":2},{"damage":0,"enemies":"Cultist","floor":5,"turns":3},{"damage":14,"enemies":"Gremlin Nob","floor":6,"turns":4},{"damage":0,"enemies":"Large Slime","floor":7,"turns":4},{"damage":0,"enemies":"Red Slaver","floor":12,"turns":2},{"damage":0,"enemies":"Lagavulin","floor":13,"turns":5},{"damage":0,"enemies":"Gremlin Gang","floor":14,"turns":1},{"damage":18,"enemies":"The Guardian","floor":16,"turns":12},{"damage":21,"enemies":"3 Byrds","floor":18,"turns":3},{"damage":22,"enemies":"Shell Parasite","floor":20,"turns":5},{"damage":23,"enemies":"Gremlin Leader","floor":23,"turns":5},{"damage":28,"enemies":"Book of Stabbing","floor":25,"turns":6},{"damage":1,"enemies":"Snecko","floor":27,"turns":4},{"damage":0,"enemies":"3 Cultists","floor":29,"turns":4},{"damage":3,"enemies":"Gremlin Leader","floor":30,"turns":4},{"damage":0,"enemies":"Snake Plant","floor":31,"turns":2},{"damage":3,"enemies":"Collector","floor":33,"turns":6},{"damage":25,"enemies":"3 Shapes","floor":35,"turns":4},{"damage":0,"enemies":"Orb Walker","floor":36,"turns":3},{"damage":36,"enemies":"Transient","floor":37,"turns":5},{"damage":5,"enemies":"4 Shapes","floor":39,"turns":4},{"damage":3,"enemies":"Reptomancer","floor":40,"turns":6},{"damage":20,"enemies":"Spire Growth","floor":41,"turns":4},{"damage":17,"enemies":"Giant Head","floor":42,"turns":6}],"seed_played":"1106348140221944526","potions_obtained":[{"floor":2,"key":"Weak Potion"},{"floor":6,"key":"Weak Potion"},{"floor":7,"key":"SkillPotion"},{"floor":29,"key":"Energy Potion"},{"floor":30,"key":"SpeedPotion"},{"floor":39,"key":"GamblersBrew"},{"floor":40,"key":"Ancient Potion"}],"is_trial":false,"path_per_floor":["M","M","?","?","M","E","M","R","T","$","R","M","E","M","R","B",null,"M","?","M","$","?","E","R","E","T","M","R","M","E","M","R","B",null,"M","M","M","?","M","E","M","E"],"character_chosen":"DEFECT","items_purchased":["PrismaticShard"],"campfire_rested":2,"item_purchase_floors":[21],"current_hp_per_floor":[67,58,51,33,33,19,19,19,19,19,19,21,23,25,25,7,81,60,60,38,38,38,15,39,11,11,12,12,12,11,13,39,36,87,62,64,30,30,25,22,4,0],"gold":531,"neow_bonus":"THREE_RARE_CARDS","is_prod":false,"is_daily":false,"chose_seed":false,"campfire_upgraded":4,"win_rate":0,"timestamp":1542332914,"path_taken":["M","M","?","?","M","E","M","R","T","$","R","M","E","M","R","BOSS","M","?","?","$","?","E","R","E","T","M","R","?","E","M","R","BOSS","M","?","?","?","M","E","M","E"],"build_version":"2018-11-08","purchased_purges":1,"victory":false,"max_hp_per_floor":[75,75,75,75,75,75,75,75,75,75,75,77,79,81,81,81,81,81,81,81,81,81,81,81,81,81,83,83,83,85,87,87,87,87,87,89,91,91,91,91,93,93],"card_choices":[{"not_picked":["Reboot","Fission"],"picked":"Electrodynamics","floor":0},{"not_picked":["Coolheaded","Streamline"],"picked":"Genetic Algorithm","floor":1},{"not_picked":["Sweeping Beam","Reinforced Body"],"picked":"Darkness","floor":2},{"not_picked":["Go for the Eyes","Gash"],"picked":"Tempest","floor":5},{"not_picked":["Reinforced Body","Electrodynamics"],"picked":"Coolheaded","floor":6},{"not_picked":["Fusion","Sweeping Beam"],"picked":"Conserve Battery","floor":7},{"not_picked":["Coolheaded","Sunder","Conserve Battery"],"picked":"Singing Bowl","floor":12},{"not_picked":["Hologram","Streamline","Cold Snap"],"picked":"Singing Bowl","floor":13},{"not_picked":["Barrage","Conserve Battery","Rebound"],"picked":"Singing Bowl","floor":14},{"not_picked":["Amplify","Buffer"],"picked":"Thunder Strike","floor":16},{"not_picked":["Sunder","Leap"],"picked":"Double Energy","floor":18},{"not_picked":["Steam","Gash+1"],"picked":"Biased Cognition","floor":20},{"not_picked":["All For One","Anger"],"picked":"PiercingWail","floor":23},{"not_picked":["Conserve Battery","Blade Dance"],"picked":"Warcry","floor":25},{"not_picked":["Force Field","Clash","Violence"],"picked":"Singing Bowl","floor":27},{"not_picked":["Footwork+1","Outmaneuver+1"],"picked":"Compile Driver","floor":29},{"not_picked":["BootSequence","Uppercut","Heavy Blade"],"picked":"Singing Bowl","floor":30},{"not_picked":["Havoc","Barrage","Poisoned Stab"],"picked":"Singing Bowl","floor":31},{"not_picked":["Buffer","Limit Break"],"picked":"Corpse Explosion","floor":33},{"not_picked":["Force Field","Genetic Algorithm"],"picked":"Steam Power","floor":35},{"not_picked":["Dagger Throw+1","Rebound","Rebound"],"picked":"Singing Bowl","floor":36},{"not_picked":["Cold Snap+1","Anger","Heavy Blade+1"],"picked":"Singing Bowl","floor":37},{"not_picked":["Flechettes+1","Cleave+1"],"picked":"Redo+1","floor":39},{"not_picked":["Thunderclap","Thunderclap+1"],"picked":"PanicButton+1","floor":40},{"not_picked":["Swift Strike+1","FTL+1","Bane"],"picked":"Singing Bowl","floor":41}],"player_experience":108318,"relics_obtained":[{"floor":6,"key":"Anchor"},{"floor":9,"key":"Singing Bowl"},{"floor":13,"key":"Omamori"},{"floor":23,"key":"Cables"},{"floor":25,"key":"Orichalcum"},{"floor":26,"key":"War Paint"},{"floor":30,"key":"Happy Flower"},{"floor":40,"key":"Bag of Preparation"}],"event_choices":[{"cards_removed":["Strike_B"],"damage_healed":0,"gold_gain":0,"player_choice":"Card Removal","damage_taken":7,"max_hp_gain":0,"max_hp_loss":0,"event_name":"Golden Wing","floor":3,"gold_loss":0},{"damage_healed":0,"gold_gain":0,"player_choice":"Success","damage_taken":18,"relics_obtained":["Thread and Needle"],"max_hp_gain":0,"max_hp_loss":0,"event_name":"Scrap Ooze","floor":4,"gold_loss":0},{"damage_healed":0,"gold_gain":0,"player_choice":"Traded Relic","damage_taken":0,"relics_obtained":["Nloth\u0027s Gift"],"max_hp_gain":0,"max_hp_loss":0,"event_name":"N\u0027loth","floor":19,"relics_lost":["Anchor"],"gold_loss":0},{"damage_healed":0,"gold_gain":0,"cards_transformed":["Strike_B"],"player_choice":"Transformed","damage_taken":0,"max_hp_gain":0,"max_hp_loss":0,"event_name":"Transmorgrifier","floor":22,"gold_loss":0,"cards_obtained":["Barrage"]},{"damage_healed":0,"gold_gain":100,"player_choice":"Pray","damage_taken":0,"max_hp_gain":0,"max_hp_loss":0,"event_name":"Golden Shrine","floor":38,"gold_loss":0}],"is_beta":false,"boss_relics":[{"not_picked":["Coffee Dripper","Tiny House"],"picked":"Inserter"},{"not_picked":["Snecko Eye","Calling Bell"],"picked":"Cursed Key"}],"items_purged_floors":[10],"is_endless":false,"potions_floor_spawned":[2,6,7,20,23,29,30,39,40,41],"killed_by":"Giant Head","ascension_level":1}