{"path_per_floor":["M","?","M","M","M","E","R","M","T","$","R","M","?","E","R"],"character_chosen":"THE_SILENT","items_purchased":[],"gold_per_floor":[16,91,109,127,146,172,172,182,182,107,107,127,127,170,170,170],"floor_reached":16,"campfire_rested":0,"playtime":1283,"current_hp_per_floor":[70,59,59,59,59,23,23,17,17,17,17,17,17,11,11,0],"items_purged":["Strike_G"],"gold":170,"score":112,"play_id":"f92f1ae6-7614-4d3a-a70b-981e2736ddf1","local_time":"20180414093443","is_prod":false,"is_daily":false,"chose_seed":false,"is_ascension_mode":false,"campfire_upgraded":3,"timestamp":1523666083,"path_taken":["M","?","M","M","M","E","R","M","T","$","R","M","?","E","R","BOSS"],"build_version":"2018-04-12","seed_source_timestamp":261751076195032,"purchased_purges":1,"victory":false,"master_deck":["Defend_G","Defend_G","Defend_G","Defend_G","Defend_G","Strike_G","Strike_G","Strike_G","Strike_G","Survivor","Neutralize","Flying Knee","Cloak And Dagger+1","Outmaneuver","Cloak And Dagger+1","Backflip","Blade Dance+1","Bullet Time"],"max_hp_per_floor":[70,70,70,70,70,70,70,70,70,70,70,70,65,65,65,65],"relics":["Ring of the Snake","Calipers","Ancient Tea Set","Pantograph","Golden Idol","Vajra"],"card_choices":[{"not_picked":["Deflect","Deadly Poison"],"picked":"Flying Knee","floor":1},{"not_picked":["Finisher","Dagger Throw"],"picked":"Cloak And Dagger","floor":3},{"not_picked":["Poisoned Stab","Deadly Poison"],"picked":"Outmaneuver","floor":4},{"not_picked":["Blur","Slice"],"picked":"Cloak And Dagger","floor":6},{"not_picked":["Poisoned Stab","Deadly Poison"],"picked":"Backflip","floor":8},{"not_picked":["Dagger Throw","Glass Knife"],"picked":"Blade Dance","floor":12},{"not_picked":["Sucker Punch","Deadly Poison"],"picked":"Bullet Time","floor":14}],"player_experience":37293,"potions_floor_usage":[14,14],"damage_taken":[{"damage":0,"enemies":"Jaw Worm","floor":1,"turns":3},{"damage":0,"enemies":"2 Louse","floor":3,"turns":3},{"damage":0,"enemies":"Small Slimes","floor":4,"turns":3},{"damage":0,"enemies":"2 Fungi Beasts","floor":5,"turns":4},{"damage":36,"enemies":"Gremlin Nob","floor":6,"turns":6},{"damage":6,"enemies":"Red Slaver","floor":8,"turns":4},{"damage":0,"enemies":"Gremlin Gang","floor":12,"turns":5},{"damage":6,"enemies":"Lagavulin","floor":14,"turns":9},{"damage":42,"enemies":"Slime Boss","floor":16,"turns":8}],"event_choices":[{"event_name":"World of Goop","player_choice":"Gather Gold","floor":2,"damage_taken":0},{"event_name":"Golden Idol","player_choice":"Lose Max HP","floor":13,"damage_taken":0}],"boss_relics":[],"potions_floor_spawned":[4,6,8],"seed_played":"6003797766098443247","killed_by":"Slime Boss","ascension_level":0,"is_trial":false}