{"gold_per_floor":[113,127,142,71,71,71,91,110,157,37,62,81,98,25,25,122,122,135,135],"floor_reached":19,"playtime":764,"items_purged":["Strike_R"],"score":180,"play_id":"c0fc03e0-231a-41bb-b5ff-eabb988107aa","local_time":"20190206151444","is_ascension_mode":true,"campfire_choices":[{"data":"Perfected Strike","floor":6.0,"key":"SMITH"},{"data":"Armaments","floor":15.0,"key":"SMITH"}],"neow_cost":"TEN_PERCENT_HP_LOSS","seed_source_timestamp":2472270441944534,"circlet_count":0,"master_deck":["Strike_R","Strike_R","Defend_R","Defend_R","Defend_R","Defend_R","Bash","Perfected Strike+1","Twin Strike","Whirlwind+1","Armaments+1","Double Tap","Wild Strike","Impervious","Rampage","Demon Form","Thunderclap"],"special_seed":0,"relics":["Burning Blood","Juzu Bracelet","Ornamental Fan","Black Star"],"potions_floor_usage":[16,16],"damage_taken":[{"damage":5.0,"enemies":"Jaw Worm","floor":1.0,"turns":4.0},{"damage":2.0,"enemies":"Small Slimes","floor":2.0,"turns":5.0},{"damage":1.0,"enemies":"Cultist","floor":3.0,"turns":3.0},{"damage":9.0,"enemies":"2 Fungi Beasts","floor":7.0,"turns":2.0},{"damage":8.0,"enemies":"Exordium Thugs","floor":8.0,"turns":4.0},{"damage":23.0,"enemies":"Lagavulin","floor":11.0,"turns":5.0},{"damage":9.0,"enemies":"Blue Slaver","floor":12.0,"turns":4.0},{"damage":6.0,"enemies":"Large Slime","floor":13.0,"turns":4.0},{"damage":43,"enemies":"Hexaghost","floor":16,"turns":8},{"damage":52,"enemies":"Shell Parasite","floor":18,"turns":10},{"damage":27,"enemies":"Colosseum Slavers","floor":19,"turns":4}],"seed_played":"2394518826451630775","potions_obtained":[{"floor":3.0,"key":"SteroidPotion"},{"floor":7.0,"key":"Ancient Potion"},{"floor":11.0,"key":"PowerPotion"}],"is_trial":false,"path_per_floor":["M","M","M","$","?","R","M","M","T","$","E","M","M","$","R","B",null,"M","?"],"character_chosen":"IRONCLAD","items_purchased":["Whirlwind","Wild Strike","Rampage"],"campfire_rested":0,"item_purchase_floors":[4,10,14],"current_hp_per_floor":[72,72,72,72,72,72,69,67,67,67,50,47,47,47,47,10,72,26,0],"gold":135,"neow_bonus":"REMOVE_TWO","is_prod":false,"is_daily":false,"chose_seed":false,"campfire_upgraded":2,"win_rate":0,"timestamp":1549502084,"path_taken":["M","M","M","$","?","R","M","M","T","$","E","M","M","?","R","BOSS","M","?"],"build_version":"2019-01-23","purchased_purges":1,"victory":false,"max_hp_per_floor":[72,72,72,72,72,72,72,72,72,72,72,72,72,72,72,72,72,72,72],"card_choices":[{"not_picked":["Warcry","Metallicize","Clothesline"],"picked":"SKIP","floor":1.0},{"not_picked":["Wild Strike","Second Wind"],"picked":"Perfected Strike","floor":2.0},{"not_picked":["Clash","Anger"],"picked":"Twin Strike","floor":3.0},{"not_picked":["Flex","Shrug It Off"],"picked":"Armaments","floor":7.0},{"not_picked":["Anger","Shrug It Off"],"picked":"Double Tap","floor":8.0},{"not_picked":["Bloodletting","Feel No Pain"],"picked":"Impervious","floor":11.0},{"not_picked":["Combust","Headbutt","Blood for Blood"],"picked":"SKIP","floor":12.0},{"not_picked":["Second Wind","Heavy Blade","Headbutt"],"picked":"SKIP","floor":13.0},{"not_picked":["Bludgeon","Dark Embrace"],"picked":"Demon Form","floor":16},{"not_picked":["Feel No Pain+1","Iron Wave"],"picked":"Thunderclap","floor":18}],"player_experience":113944,"relics_obtained":[{"floor":9.0,"key":"Juzu Bracelet"},{"floor":11.0,"key":"Ornamental Fan"}],"event_choices":[{"damage_healed":0.0,"max_hp_gain":0.0,"max_hp_loss":0.0,"gold_gain":0.0,"event_name":"Living Wall","player_choice":"Grow","floor":5.0,"gold_loss":0.0,"damage_taken":0.0,"cards_upgraded":["Whirlwind"]},{"damage_healed":0,"gold_gain":0,"player_choice":"Fight","damage_taken":0,"max_hp_gain":0,"max_hp_loss":0,"event_name":"Colosseum","floor":19,"gold_loss":0}],"is_beta":false,"boss_relics":[{"not_picked":["White Beast Statue","Orrery"],"picked":"Black Star"}],"items_purged_floors":[10],"is_endless":false,"potions_floor_spawned":[3,7,11,13],"killed_by":"Colosseum Slavers","ascension_level":1}