{"path_per_floor":["M","?","?","M","M","E","R","M","T","M","?","E","M","E","R","B",null,"M","?","?","M","M","R","$","E","T","E","M","?","M","T","R","B",null,"M","?","M","M","T","E","R","E","T","$","E","M","M","M","R","B"],"character_chosen":"IRONCLAD","items_purchased":["Hemokinesis","Frozen Egg 2","Bottled Tornado","Gremlin Horn"],"gold_per_floor":[115,115,115,129,149,178,178,193,216,233,233,273,289,325,325,451,451,467,467,392,417,435,435,39,83,83,126,141,141,165,165,165,291,291,314,314,334,347,347,382,382,420,498,60,94,119,143,164,164,164],"floor_reached":51,"campfire_rested":3,"playtime":4366,"current_hp_per_floor":[66,66,66,71,80,66,66,65,65,73,53,27,33,25,25,12,80,79,79,79,58,36,62,62,45,45,16,28,18,34,34,79,58,103,96,83,107,96,96,66,110,90,90,90,69,90,101,114,114,72],"items_purged":["Strike_R","Strike_R"],"gold":164,"score":936,"play_id":"47dc2dd0-d78d-45f6-aa40-777ec310cb9e","local_time":"20180430125909","is_prod":false,"is_daily":false,"chose_seed":false,"is_ascension_mode":true,"campfire_upgraded":3,"timestamp":1525060749,"path_taken":["M","?","?","M","?","E","R","M","T","?","?","E","M","E","R","BOSS","M","?","?","M","M","R","$","E","T","E","M","?","M","?","R","BOSS","M","?","M","?","?","E","R","E","T","?","E","M","M","M","R","BOSS"],"build_version":"2018-04-28v2","seed_source_timestamp":54986062825946,"purchased_purges":2,"victory":true,"master_deck":["Strike_R","Strike_R","Defend_R","Defend_R","Defend_R","Defend_R","Bash","Seeing Red","Reaper","Cleave","Heavy Blade+1","Havoc+1","Metallicize","Armaments+1","Feel No Pain","Inflame","Feed","Infernal Blade+1","Rupture","Metallicize","Havoc+1","Hemokinesis","Reaper","Exhume","Blood for Blood","Necronomicurse","Shockwave","Berserk+1","Bloodletting","Madness","Madness","Heavy Blade+1","Rupture+1","Armaments+1","Inflame+1"],"max_hp_per_floor":[80,80,80,80,80,80,80,80,80,80,80,80,80,80,80,80,80,83,83,83,87,87,87,87,90,90,90,93,99,103,103,103,103,103,103,103,107,110,110,110,110,110,110,110,110,110,110,114,114,114],"relics":["Burning Blood","Bronze Scales","Ancient Tea Set","Golden Idol","Orichalcum","Toolbox","Black Star","Frozen Egg 2","Vajra","Regal Pillow","The Courier","Darkstone Periapt","Meat on the Bone","Necronomicon","Centennial Puzzle","Philosopher\u0027s Stone","Ornamental Fan","Du-Vu Doll","Champion Belt","Mummified Hand","Shuriken","Smiling Mask","Bottled Tornado","Gremlin Horn","Charon\u0027s Ashes","Ginger"],"card_choices":[{"not_picked":["Carnage","Sword Boomerang"],"picked":"Seeing Red","floor":1},{"not_picked":["Entrench","Pommel Strike"],"picked":"Heavy Blade","floor":4},{"not_picked":["Disarm","Shockwave"],"picked":"Havoc","floor":6},{"not_picked":["Anger","Sentinel"],"picked":"Metallicize","floor":8},{"not_picked":["Pummel","Cleave"],"picked":"Armaments","floor":12},{"not_picked":["Wild Strike","Dropkick"],"picked":"Feel No Pain","floor":13},{"not_picked":["Spot Weakness","Pommel Strike"],"picked":"Inflame","floor":14},{"not_picked":["Exhume","Offering"],"picked":"Feed","floor":16},{"not_picked":["Reckless Charge","Disarm"],"picked":"Infernal Blade","floor":18},{"not_picked":["Heavy Blade","Thunderclap"],"picked":"Metallicize","floor":21},{"not_picked":["Twin Strike","Perfected Strike"],"picked":"Havoc","floor":22},{"not_picked":["Clash","Fire Breathing"],"picked":"Reaper","floor":25},{"not_picked":["Disarm","Searing Blow"],"picked":"Exhume","floor":27},{"not_picked":["Wild Strike","Cleave"],"picked":"Blood for Blood","floor":28},{"not_picked":["Headbutt","Havoc"],"picked":"Shockwave","floor":30},{"not_picked":["Limit Break","Impervious"],"picked":"Berserk","floor":33},{"not_picked":["Dual Wield","Twin Strike"],"picked":"Bloodletting","floor":35},{"not_picked":["Shrug It Off","Iron Wave"],"picked":"Heavy Blade","floor":38},{"not_picked":["Inflame","Sentinel"],"picked":"Rupture","floor":40},{"not_picked":["Cleave","Clash"],"picked":"Armaments","floor":42},{"not_picked":["Flex","Warcry"],"picked":"Inflame","floor":46}],"player_experience":114640,"potions_floor_usage":[6,14,16,16,25,27,37,40,50],"damage_taken":[{"damage":20,"enemies":"Jaw Worm","floor":1,"turns":4},{"damage":5,"enemies":"Cultist","floor":4,"turns":4},{"damage":5,"enemies":"Small Slimes","floor":5,"turns":5},{"damage":20,"enemies":"Gremlin Nob","floor":6,"turns":4},{"damage":11,"enemies":"Red Slaver","floor":8,"turns":4},{"damage":3,"enemies":"Gremlin Gang","floor":10,"turns":4},{"damage":38,"enemies":"Lagavulin","floor":12,"turns":7},{"damage":0,"enemies":"Looter","floor":13,"turns":4},{"damage":20,"enemies":"Gremlin Nob","floor":14,"turns":4},{"damage":31,"enemies":"Slime Boss","floor":16,"turns":11},{"damage":14,"enemies":"3 Byrds","floor":18,"turns":3},{"damage":35,"enemies":"2 Thieves","floor":21,"turns":5},{"damage":32,"enemies":"Snecko","floor":22,"turns":7},{"damage":40,"enemies":"Slavers","floor":25,"turns":7},{"damage":54,"enemies":"Book of Stabbing","floor":27,"turns":6},{"damage":20,"enemies":"Snake Plant","floor":28,"turns":4},{"damage":32,"enemies":"Chosen and Byrds","floor":30,"turns":8},{"damage":77,"enemies":"Collector","floor":33,"turns":9},{"damage":29,"enemies":"3 Darklings","floor":35,"turns":5},{"damage":13,"enemies":"3 Shapes","floor":37,"turns":4},{"damage":27,"enemies":"Sphere and 2 Shapes","floor":38,"turns":4},{"damage":68,"enemies":"Giant Head","floor":40,"turns":8},{"damage":30,"enemies":"Nemesis","floor":42,"turns":7},{"damage":56,"enemies":"2 Orb Walkers","floor":45,"turns":4},{"damage":10,"enemies":"4 Shapes","floor":46,"turns":2},{"damage":13,"enemies":"3 Darklings","floor":47,"turns":2},{"damage":20,"enemies":"Maw","floor":48,"turns":6},{"damage":75,"enemies":"Time Eater","floor":50,"turns":7}],"event_choices":[{"event_name":"The Lab","player_choice":"Got Potions","floor":2,"damage_taken":0},{"event_name":"Match and Keep!","player_choice":"2 cards matched","floor":3,"damage_taken":0},{"event_name":"Golden Idol","player_choice":"Take Damage","floor":11,"damage_taken":0},{"event_name":"The Library","player_choice":"Read","floor":19,"damage_taken":0},{"event_name":"Beggar","player_choice":"Gave Gold","floor":20,"damage_taken":0},{"event_name":"Cursed Tome","player_choice":"Obtained Book","floor":29,"damage_taken":0},{"event_name":"Winding Halls","player_choice":"Embrace Madness","floor":36,"damage_taken":0}],"boss_relics":[{"not_picked":["Black Blood","Orrery"],"picked":"Black Star"},{"not_picked":["Runic Dome","Lizard Tail"],"picked":"Philosopher\u0027s Stone"}],"potions_floor_spawned":[1,4,14,18,22,25,33,35,37,42,45],"seed_played":"-9021717884245843409","ascension_level":1,"is_trial":false}