{"gold_per_floor":[110,110,110,86,96,127,141,141,213,67,86,86,103,113,113,211,211,225,238,238,249,339,368,368,386,386,386,405,425,425,348,348,449,449,466,73,85,96,96,96,108,108,161,173,173,28,61,80,80,80],"floor_reached":51,"playtime":2546,"items_purged":["Strike_G","Strike_G"],"score":753,"play_id":"71c0f648-6ab3-457b-bfc7-309a9acd1259","local_time":"20190123202647","is_ascension_mode":false,"campfire_choices":[{"data":"Noxious Fumes","floor":12,"key":"SMITH"},{"data":"Survivor","floor":15,"key":"SMITH"},{"floor":24,"key":"REST"},{"floor":30,"key":"REST"},{"floor":32,"key":"REST"},{"floor":40,"key":"REST"},{"floor":45,"key":"REST"},{"floor":49,"key":"REST"}],"neow_cost":"NONE","seed_source_timestamp":13885237907364,"circlet_count":0,"master_deck":["Defend_G","Defend_G","Defend_G","Defend_G","Defend_G","Strike_G","Strike_G","Strike_G","Survivor+1","Neutralize","Deadly Poison","Poisoned Stab","Poisoned Stab","Noxious Fumes+1","Bane","Bouncing Flask","Deadly Poison","Noxious Fumes","Dodge and Roll","After Image","Blur","Catalyst+1","Footwork","Noxious Fumes+1","Footwork","Deadly Poison+1","Parasite"],"relics":["Ring of the Snake","Blood Vial","CultistMask","Pocketwatch","Gremlin Horn","Velvet Choker","Bag of Marbles","Lantern","Eternal Feather","Mango","Pen Nib","Snake Skull","Regal Pillow"],"potions_floor_usage":[23,33,39],"damage_taken":[{"damage":1,"enemies":"Jaw Worm","floor":1,"turns":5},{"damage":0,"enemies":"Small Slimes","floor":5,"turns":3},{"damage":21,"enemies":"3 Sentries","floor":6,"turns":10},{"damage":0,"enemies":"Cultist","floor":7,"turns":3},{"damage":10,"enemies":"2 Fungi Beasts","floor":11,"turns":3},{"damage":1,"enemies":"Red Slaver","floor":13,"turns":3},{"damage":10,"enemies":"Exordium Wildlife","floor":14,"turns":3},{"damage":28,"enemies":"Hexaghost","floor":16,"turns":6},{"damage":10,"enemies":"3 Byrds","floor":18,"turns":4},{"damage":13,"enemies":"2 Thieves","floor":19,"turns":5},{"damage":9,"enemies":"Chosen and Byrds","floor":21,"turns":6},{"damage":1,"enemies":"Gremlin Leader","floor":23,"turns":6},{"damage":14,"enemies":"Snake Plant","floor":25,"turns":4},{"damage":27,"enemies":"Centurion and Healer","floor":28,"turns":6},{"damage":4,"enemies":"Cultist and Chosen","floor":29,"turns":5},{"damage":41,"enemies":"Automaton","floor":33,"turns":8},{"damage":40,"enemies":"3 Darklings","floor":35,"turns":5},{"damage":3,"enemies":"3 Shapes","floor":37,"turns":6},{"damage":40,"enemies":"3 Darklings","floor":38,"turns":7},{"damage":0,"enemies":"Transient","floor":39,"turns":2},{"damage":16,"enemies":"Writhing Mass","floor":41,"turns":6},{"damage":10,"enemies":"4 Shapes","floor":44,"turns":5},{"damage":61,"enemies":"Giant Head","floor":47,"turns":8},{"damage":17,"enemies":"3 Darklings","floor":48,"turns":6},{"damage":58,"enemies":"Donu and Deca","floor":50,"turns":8}],"seed_played":"-4445817911960136800","potions_obtained":[{"floor":5,"key":"FearPotion"},{"floor":6,"key":"GhostInAJar"},{"floor":11,"key":"LiquidBronze"},{"floor":25,"key":"Ancient Potion"},{"floor":33,"key":"SpeedPotion"},{"floor":35,"key":"SmokeBomb"}],"is_trial":false,"path_per_floor":["M","?","?","$","M","E","M","?","T","$","M","R","M","M","R","B",null,"M","M","$","M","?","E","R","M","T","?","M","M","R","$","R","B",null,"M","$","M","M","M","R","M","$","T","M","R","$","E","M","R","B",null],"character_chosen":"THE_SILENT","items_purchased":["Poisoned Stab","Bouncing Flask","Footwork","Mango","Snake Skull"],"campfire_rested":6,"item_purchase_floors":[4,10,31,36,46],"current_hp_per_floor":[76,69,69,69,71,52,54,77,77,77,67,67,68,60,60,34,77,67,56,56,49,35,36,59,47,47,47,22,20,43,43,66,27,77,37,51,50,12,14,56,42,42,42,34,76,76,17,2,59,3],"gold":80,"neow_bonus":"TEN_PERCENT_HP_BONUS","is_prod":false,"is_daily":false,"chose_seed":false,"campfire_upgraded":2,"win_rate":0.0,"timestamp":1548293207,"path_taken":["M","?","?","$","M","E","?","?","T","$","M","R","M","M","R","BOSS","M","M","$","M","?","E","R","?","T","?","M","M","R","$","R","BOSS","M","?","M","M","M","R","M","$","T","M","R","$","E","M","R","BOSS"],"build_version":"2019-01-23","purchased_purges":2,"victory":true,"max_hp_per_floor":[77,77,77,77,77,77,77,77,77,77,77,77,77,77,77,77,77,77,77,77,77,77,77,77,77,77,77,77,77,77,77,77,77,77,77,91,91,91,91,91,91,91,91,91,91,91,91,91,91,91],"card_choices":[{"not_picked":["Flying Knee","Masterful Stab"],"picked":"Deadly Poison","floor":1},{"not_picked":["Prepared","Eviscerate"],"picked":"Poisoned Stab","floor":5},{"not_picked":["Sucker Punch","Prepared"],"picked":"Noxious Fumes","floor":6},{"not_picked":["All Out Attack","Quick Slash"],"picked":"Bane","floor":7},{"not_picked":["Dodge and Roll","Burst"],"picked":"Deadly Poison","floor":11},{"not_picked":["Deflect","Poisoned Stab"],"picked":"Noxious Fumes","floor":13},{"not_picked":["Flying Knee","Riddle With Holes"],"picked":"Dodge and Roll","floor":14},{"not_picked":["Venomology","Die Die Die"],"picked":"After Image","floor":16},{"not_picked":["All Out Attack","Distraction"],"picked":"Blur","floor":18},{"not_picked":["Expertise+1","Blade Dance","Dodge and Roll"],"picked":"SKIP","floor":19},{"not_picked":["Dagger Spray","Dagger Throw"],"picked":"Catalyst+1","floor":21},{"not_picked":["Well Laid Plans+1","Deflect"],"picked":"Footwork","floor":23},{"not_picked":["Tactician","Adrenaline","Caltrops+1"],"picked":"SKIP","floor":25},{"not_picked":["Backstab","Dagger Spray","Dagger Throw"],"picked":"SKIP","floor":28},{"not_picked":["Predator","Skewer","Crippling Poison"],"picked":"SKIP","floor":29},{"not_picked":["Dash","Underhanded Strike+1"],"picked":"Deadly Poison+1","floor":35},{"not_picked":["All Out Attack","Backflip+1","Predator+1"],"picked":"SKIP","floor":37},{"not_picked":["Backflip","Blade Dance+1","Sucker Punch+1"],"picked":"SKIP","floor":38},{"not_picked":["Bane","Dodge and Roll","Quick Slash+1"],"picked":"SKIP","floor":41},{"not_picked":["Dagger Throw+1","Bane","Flying Knee+1"],"picked":"SKIP","floor":44},{"not_picked":["Masterful Stab","Slice","Underhanded Strike"],"picked":"SKIP","floor":47},{"not_picked":["Dagger Throw+1","Terror","Accuracy+1"],"picked":"SKIP","floor":48}],"player_experience":95108,"relics_obtained":[{"floor":6,"key":"Pocketwatch"},{"floor":9,"key":"Gremlin Horn"},{"floor":23,"key":"Bag of Marbles"},{"floor":26,"key":"Lantern"},{"floor":43,"key":"Pen Nib"},{"floor":47,"key":"Regal Pillow"}],"event_choices":[{"damage_healed":0,"gold_gain":0,"player_choice":"Success","damage_taken":7,"relics_obtained":["Blood Vial"],"max_hp_gain":0,"max_hp_loss":0,"event_name":"Scrap Ooze","floor":2,"gold_loss":0},{"damage_healed":0,"gold_gain":0,"player_choice":"Trade","damage_taken":0,"relics_obtained":["CultistMask"],"max_hp_gain":0,"max_hp_loss":0,"event_name":"FaceTrader","floor":3,"gold_loss":0},{"damage_healed":25,"gold_gain":0,"player_choice":"Banana","damage_taken":0,"max_hp_gain":0,"max_hp_loss":0,"event_name":"Big Fish","floor":8,"gold_loss":0},{"damage_healed":0,"gold_gain":90,"player_choice":"GOLD ","damage_taken":14,"max_hp_gain":0,"max_hp_loss":0,"event_name":"Knowing Skull","floor":22,"potions_obtained":[],"gold_loss":0,"cards_obtained":[]},{"damage_healed":0,"gold_gain":0,"player_choice":"Copied","damage_taken":0,"max_hp_gain":0,"max_hp_loss":0,"event_name":"Duplicator","floor":27,"gold_loss":0,"cards_obtained":["Noxious Fumes"]}],"is_beta":false,"boss_relics":[{"not_picked":["Tiny House","Lizard Tail"],"picked":"Velvet Choker"},{"not_picked":["Black Star","Astrolabe"],"picked":"Eternal Feather"}],"items_purged_floors":[10,36],"is_endless":false,"potions_floor_spawned":[5,6,11,13,18,25,29,33,35,38,39,41],"ascension_level":0}