{"gold_per_floor":[111,122,122,17,17,50,61,71,95,169,179,194,208,218,218,321,321,333,333,212,232,247,247,272,285,285,296,308,155,155,81,81,81],"floor_reached":33,"playtime":1952,"items_purged":[],"score":273,"play_id":"46d9685c-05e1-42ae-ad03-bd66ed81b949","local_time":"20190205102228","is_ascension_mode":false,"campfire_choices":[{"data":"Blur","floor":15,"key":"SMITH"},{"data":"Acrobatics","floor":23,"key":"SMITH"},{"floor":30,"key":"REST"},{"floor":32,"key":"REST"}],"neow_cost":"NONE","seed_source_timestamp":438885515288104,"circlet_count":0,"master_deck":["Defend_G+1","Defend_G","Defend_G","Defend_G","Defend_G","Strike_G","Strike_G+1","Strike_G","Strike_G","Strike_G","Survivor","Neutralize+1","Dash","Outmaneuver+1","Dagger Spray+1","Burst+1","Quick Slash","Deadly Poison","PiercingWail","Dodge and Roll","Dagger Spray+1","Blur+1","Glass Knife","Cloak And Dagger+1","Footwork","Acrobatics+1","Bullet Time","Footwork","Doubt","Deflect+1","Leg Sweep","Flying Knee","Dagger Spray"],"relics":["Ring of the Snake","Bronze Scales","Bottled Lightning","Cursed Key","Nloth\u0027s Gift","Whetstone","The Courier","War Paint"],"potions_floor_usage":[6,6,16,16,16,16,24,24,33,33,33],"damage_taken":[{"damage":0,"enemies":"Small Slimes","floor":1,"turns":3},{"damage":0,"enemies":"Jaw Worm","floor":2,"turns":5},{"damage":9,"enemies":"Lagavulin","floor":6,"turns":8},{"damage":0,"enemies":"Cultist","floor":7,"turns":5},{"damage":0,"enemies":"Exordium Thugs","floor":8,"turns":4},{"damage":0,"enemies":"Lots of Slimes","floor":11,"turns":3},{"damage":4,"enemies":"Blue Slaver","floor":12,"turns":3},{"damage":0,"enemies":"Looter","floor":13,"turns":3},{"damage":0,"enemies":"Large Slime","floor":14,"turns":5},{"damage":28,"enemies":"Slime Boss","floor":16,"turns":11},{"damage":11,"enemies":"Spheric Guardian","floor":18,"turns":5},{"damage":0,"enemies":"Chosen","floor":21,"turns":5},{"damage":2,"enemies":"Centurion and Healer","floor":22,"turns":10},{"damage":34,"enemies":"Slavers","floor":24,"turns":9},{"damage":11,"enemies":"Snake Plant","floor":25,"turns":4},{"damage":0,"enemies":"3 Cultists","floor":27,"turns":6},{"damage":0,"enemies":"Centurion and Healer","floor":28,"turns":8},{"damage":55,"enemies":"Automaton","floor":33,"turns":18}],"seed_played":"-8763427294880126475","potions_obtained":[{"floor":0,"key":"Block Potion"},{"floor":0,"key":"FairyPotion"},{"floor":0,"key":"Energy Potion"},{"floor":11,"key":"LiquidBronze"},{"floor":12,"key":"EntropicBrew"},{"floor":14,"key":"GamblersBrew"},{"floor":25,"key":"FearPotion"},{"floor":27,"key":"Weak Potion"},{"floor":28,"key":"PowerPotion"}],"is_trial":false,"path_per_floor":["M","M","?","$","?","E","M","M","T","T","M","M","M","M","R","B",null,"M","?","$","M","M","R","E","M","T","M","M","$","R","$","R","B"],"character_chosen":"THE_SILENT","items_purchased":["Dagger Spray","PowerPotion","Footwork","Block Potion","Leg Sweep","War Paint","Flying Knee","Dagger Spray"],"campfire_rested":2,"item_purchase_floors":[4,4,20,20,29,29,31,31],"current_hp_per_floor":[70,70,70,70,56,47,47,47,47,47,49,47,49,51,51,25,70,59,59,59,59,57,57,23,12,12,12,12,12,33,33,54,0],"gold":81,"neow_bonus":"THREE_SMALL_POTIONS","is_prod":false,"is_daily":false,"chose_seed":false,"campfire_upgraded":2,"win_rate":0,"timestamp":1549380148,"path_taken":["M","M","?","$","?","E","M","M","T","?","M","M","?","M","R","BOSS","M","?","$","M","?","R","E","M","T","M","M","?","R","?","R","BOSS"],"build_version":"2019-01-23","purchased_purges":0,"victory":false,"max_hp_per_floor":[70,70,70,70,70,70,70,70,70,70,70,70,70,70,70,70,70,70,70,70,70,70,70,70,70,70,70,70,70,70,70,70,70],"card_choices":[{"not_picked":["Sucker Punch","Backflip"],"picked":"Dash","floor":1},{"not_picked":["Dodge and Roll","Cloak And Dagger"],"picked":"Outmaneuver","floor":2},{"not_picked":["Deadly Poison","Phantasmal Killer"],"picked":"Burst","floor":6},{"not_picked":["Deflect","Accuracy"],"picked":"Quick Slash","floor":7},{"not_picked":["Dash","Catalyst"],"picked":"Deadly Poison","floor":8},{"not_picked":["Dagger Throw","Terror"],"picked":"PiercingWail","floor":11},{"not_picked":["Calculated Gamble","Eviscerate"],"picked":"Dodge and Roll","floor":12},{"not_picked":["Tactician","Prepared"],"picked":"Dagger Spray","floor":13},{"not_picked":["Deflect","Slice"],"picked":"Blur","floor":14},{"not_picked":["Venomology","Phantasmal Killer"],"picked":"Glass Knife","floor":16},{"not_picked":["Outmaneuver","Tactician+1"],"picked":"Cloak And Dagger+1","floor":18},{"not_picked":["Flying Knee+1","Poisoned Stab"],"picked":"Acrobatics","floor":21},{"not_picked":["Blade Dance","PiercingWail","Dodge and Roll"],"picked":"SKIP","floor":22},{"not_picked":["Slice","Bane"],"picked":"Bullet Time","floor":24},{"not_picked":["Flying Knee","Blur"],"picked":"Footwork","floor":25},{"not_picked":["Flying Knee+1","Bane"],"picked":"Deflect+1","floor":27},{"not_picked":["Accuracy+1","Dodge and Roll","Flechettes"],"picked":"SKIP","floor":28}],"player_experience":159065,"relics_obtained":[{"floor":6,"key":"Bronze Scales"},{"floor":9,"key":"Blood Vial"},{"floor":10,"key":"Bottled Lightning"},{"floor":24,"key":"Whetstone"},{"floor":26,"key":"The Courier"}],"event_choices":[{"damage_healed":0,"gold_gain":0,"player_choice":"Grow","damage_taken":0,"max_hp_gain":0,"max_hp_loss":0,"event_name":"Living Wall","floor":3,"gold_loss":0,"cards_upgraded":["Neutralize"]},{"damage_healed":0,"gold_gain":0,"player_choice":"Entered Light","damage_taken":14,"max_hp_gain":0,"max_hp_loss":0,"event_name":"Shining Light","floor":5,"gold_loss":0,"cards_upgraded":["Strike_G","Defend_G"]},{"damage_healed":0,"gold_gain":0,"player_choice":"Traded Relic","damage_taken":0,"relics_obtained":["Nloth\u0027s Gift"],"max_hp_gain":0,"max_hp_loss":0,"event_name":"N\u0027loth","floor":19,"relics_lost":["Blood Vial"],"gold_loss":0}],"is_beta":false,"boss_relics":[{"not_picked":["Busted Crown","Velvet Choker"],"picked":"Cursed Key"}],"items_purged_floors":[],"is_endless":false,"potions_floor_spawned":[1,11,12,14,25,27,28],"killed_by":"Automaton","ascension_level":0}