{"gold_per_floor":[112,131,131,143,93,93,103,123,176,191,191,191,207,132,132,228,228,242,254,75,95,95,120,134,134,159,175,107,117,117,46,46,46],"floor_reached":33,"playtime":1660,"items_purged":["Regret","Strike_R"],"score":261,"play_id":"6ef7938d-101a-48b8-a96b-3f96f7a47259","local_time":"20181224180607","is_ascension_mode":false,"campfire_choices":[{"data":"Bash","floor":6,"key":"SMITH"},{"floor":12,"key":"RECALL"},{"data":"True Grit","floor":15,"key":"SMITH"},{"data":"Uppercut","floor":25,"key":"SMITH"},{"floor":30,"key":"REST"},{"data":"Entrench","floor":32,"key":"SMITH"}],"neow_cost":"PERCENT_DAMAGE","seed_source_timestamp":607562512362275,"circlet_count":0,"master_deck":["Strike_R","Strike_R","Strike_R","Defend_R","Defend_R","Defend_R","Defend_R","Bash+1","Reaper","Uppercut+1","Spot Weakness","Shrug It Off","True Grit+1","Immolate","Battle Trance","Ghostly Armor+1","Rage","Uppercut+1","Limit Break","Inflame","Entrench+1"],"relics":["Burning Blood","Gremlin Horn","Mark of Pain","Boot","PreservedInsect","Oddly Smooth Stone"],"potions_floor_usage":[18,24,27],"damage_taken":[{"damage":10,"enemies":"Small Slimes","floor":1,"turns":5},{"damage":10,"enemies":"Cultist","floor":2,"turns":4},{"damage":6,"enemies":"Jaw Worm","floor":4,"turns":5},{"damage":14,"enemies":"3 Louse","floor":7,"turns":4},{"damage":19,"enemies":"Exordium Wildlife","floor":8,"turns":6},{"damage":9,"enemies":"Blue Slaver","floor":10,"turns":4},{"damage":24,"enemies":"Gremlin Gang","floor":13,"turns":4},{"damage":41,"enemies":"The Guardian","floor":16,"turns":15},{"damage":5,"enemies":"2 Thieves","floor":18,"turns":3},{"damage":0,"enemies":"Chosen","floor":19,"turns":4},{"damage":10,"enemies":"Snecko","floor":21,"turns":5},{"damage":92,"enemies":"Slavers","floor":23,"turns":8},{"damage":4,"enemies":"Shelled Parasite and Fungi","floor":24,"turns":10},{"damage":11,"enemies":"Snake Plant","floor":27,"turns":4},{"damage":21,"enemies":"Chosen and Byrds","floor":29,"turns":6},{"damage":55,"enemies":"Champ","floor":33,"turns":14}],"seed_played":"-5398615113332703948","potions_obtained":[{"floor":7,"key":"FearPotion"},{"floor":8,"key":"Explosive Potion"},{"floor":13,"key":"Fire Potion"},{"floor":23,"key":"SteroidPotion"},{"floor":24,"key":"Weak Potion"}],"is_trial":false,"path_per_floor":["M","M","?","M","?","R","M","M","T","M","?","R","M","$","R","B",null,"M","M","$","M","?","E","M","R","T","M","$","M","R","$","R","B"],"character_chosen":"IRONCLAD","items_purchased":["Battle Trance","Inflame","Entrench"],"campfire_rested":1,"item_purchase_floors":[20,28,31],"current_hp_per_floor":[56,56,56,56,56,56,60,57,57,62,62,62,62,62,62,31,80,80,80,80,80,80,8,20,20,20,25,25,17,41,41,41,0],"gold":46,"neow_bonus":"THREE_RARE_CARDS","is_prod":false,"is_daily":false,"chose_seed":false,"campfire_upgraded":4,"win_rate":0,"timestamp":1545642367,"path_taken":["M","M","?","?","?","R","M","M","T","M","?","R","M","$","R","BOSS","M","M","$","M","?","E","M","R","T","M","$","M","R","?","R","BOSS"],"build_version":"2018-12-20","purchased_purges":2,"victory":false,"max_hp_per_floor":[80,80,80,80,80,80,80,80,80,80,80,80,80,80,80,80,80,80,80,80,80,80,80,80,80,80,80,80,80,80,80,80,80],"card_choices":[{"not_picked":["Brutality","Exhume"],"picked":"Reaper","floor":0},{"not_picked":["Wild Strike","Clash","Anger"],"picked":"SKIP","floor":1},{"not_picked":["Warcry","Armaments"],"picked":"Uppercut","floor":2},{"not_picked":["Havoc","Infernal Blade","Sever Soul"],"picked":"SKIP","floor":4},{"not_picked":["Thunderclap","Sword Boomerang","Twin Strike"],"picked":"SKIP","floor":7},{"not_picked":["Second Wind","Heavy Blade"],"picked":"Spot Weakness","floor":8},{"not_picked":["Warcry","Carnage"],"picked":"Shrug It Off","floor":10},{"not_picked":["Sentinel","Body Slam"],"picked":"True Grit","floor":13},{"not_picked":["Bludgeon","Berserk"],"picked":"Immolate","floor":16},{"not_picked":["Body Slam","Feel No Pain+1","Perfected Strike"],"picked":"SKIP","floor":18},{"not_picked":["Dropkick","Burning Pact+1","Flex+1"],"picked":"SKIP","floor":19},{"not_picked":["Headbutt","Battle Trance"],"picked":"Ghostly Armor+1","floor":21},{"not_picked":["Anger","Carnage+1"],"picked":"Rage","floor":23},{"not_picked":["Iron Wave","Anger"],"picked":"Uppercut","floor":24},{"not_picked":["Havoc","Rampage"],"picked":"Limit Break","floor":27},{"not_picked":["Thunderclap","Carnage","Havoc"],"picked":"SKIP","floor":29}],"player_experience":670020,"relics_obtained":[{"floor":23,"key":"PreservedInsect"},{"floor":26,"key":"Oddly Smooth Stone"}],"event_choices":[{"damage_healed":0,"gold_gain":0,"player_choice":"Forge","damage_taken":0,"max_hp_gain":0,"max_hp_loss":0,"event_name":"Accursed Blacksmith","floor":3,"gold_loss":0,"cards_upgraded":["Uppercut"]},{"cards_removed":["Strike_R"],"damage_healed":0,"gold_gain":0,"player_choice":"Card Removal","damage_taken":0,"max_hp_gain":0,"max_hp_loss":0,"event_name":"The Cleric","floor":5,"gold_loss":50},{"damage_healed":0,"gold_gain":0,"player_choice":"Box","damage_taken":0,"relics_obtained":["Gremlin Horn"],"max_hp_gain":0,"max_hp_loss":0,"event_name":"Big Fish","floor":11,"gold_loss":0,"cards_obtained":["Regret"]},{"damage_healed":0,"gold_gain":0,"player_choice":"Gave Potion","damage_taken":0,"relics_obtained":["Boot"],"max_hp_gain":0,"max_hp_loss":0,"event_name":"WeMeetAgain","floor":22,"gold_loss":0}],"is_beta":false,"boss_relics":[{"not_picked":["Fusion Hammer","Pandora\u0027s Box"],"picked":"Mark of Pain"}],"items_purged_floors":[14,20],"is_endless":false,"potions_floor_spawned":[7,8,13,16,23,24],"killed_by":"Champ","ascension_level":0}