{"gold_per_floor":[213,213,51,76,76,76,76,100,123,159,159,175,175,191,191,280,280,294,294,330,350,365,365,365,365,365,365,378,414,5,48,48,144,144,159,34,34,54,68,68,68,68,94,94,134,134,134,150,150,150,150],"floor_reached":51,"playtime":5320,"items_purged":["Injury","Eviscerate","Infinite Blades"],"score":1372,"play_id":"74030e82-889c-4b6c-9434-41d8c2b92f27","local_time":"20181017205453","is_ascension_mode":true,"campfire_choices":[{"data":"Flechettes","floor":6,"key":"SMITH"},{"data":"Footwork","floor":11,"key":"SMITH"},{"floor":15,"key":"REST"},{"floor":23,"key":"REST"},{"floor":25,"key":"REST"},{"floor":27,"key":"REST"},{"floor":32,"key":"REST"},{"data":"Malaise","floor":40,"key":"SMITH"},{"data":"Concentrate","floor":42,"key":"SMITH"},{"floor":44,"key":"REST"},{"floor":47,"key":"REST"},{"floor":49,"key":"REST"}],"neow_cost":"NONE","seed_source_timestamp":45665100664300,"circlet_count":0,"master_deck":["Survivor","Neutralize","AscendersBane","Footwork+1","Backflip+1","Flechettes+1","Backflip","Skewer+1","PiercingWail","Cloak And Dagger","Malaise+1","Concentrate+1","Deflect+1","Deadly Poison","Predator","Bane","Acrobatics","Prepared","Deflect","Deadly Poison","PiercingWail","Cloak And Dagger+1","Backflip+1","Adrenaline","Footwork+1","Cloak And Dagger","Terror","Dark Shackles","Violence"],"relics":["Ring of the Snake","Golden Idol","Strawberry","PreservedInsect","Whetstone","Pandora\u0027s Box","MutagenicStrength","Red Mask","Nilry\u0027s Codex","Turnip","War Paint","DollysMirror","Gremlin Horn","Sozu","Lantern","Singing Bowl"],"potions_floor_usage":[10,14,16,22,29,33,33,45],"damage_taken":[{"damage":1,"enemies":"Small Slimes","floor":1,"turns":5},{"damage":0,"enemies":"2 Louse","floor":4,"turns":4},{"damage":1,"enemies":"Cultist","floor":8,"turns":4},{"damage":3,"enemies":"3 Sentries","floor":10,"turns":8},{"damage":0,"enemies":"Blue Slaver","floor":12,"turns":5},{"damage":9,"enemies":"Gremlin Gang","floor":14,"turns":7},{"damage":33,"enemies":"Slime Boss","floor":16,"turns":11},{"damage":0,"enemies":"Chosen","floor":18,"turns":6},{"damage":18,"enemies":"Masked Bandits","floor":20,"turns":4},{"damage":13,"enemies":"Shell Parasite","floor":21,"turns":3},{"damage":16,"enemies":"Snecko","floor":22,"turns":4},{"damage":38,"enemies":"Sentry and Sphere","floor":28,"turns":9},{"damage":9,"enemies":"Book of Stabbing","floor":29,"turns":6},{"damage":0,"enemies":"Slavers","floor":31,"turns":6},{"damage":7,"enemies":"Automaton","floor":33,"turns":16},{"damage":0,"enemies":"Orb Walker","floor":35,"turns":2},{"damage":11,"enemies":"3 Darklings","floor":38,"turns":6},{"damage":0,"enemies":"4 Shapes","floor":39,"turns":7},{"damage":25,"enemies":"Giant Head","floor":45,"turns":7},{"damage":9,"enemies":"Spire Growth","floor":48,"turns":6},{"damage":4,"enemies":"Awakened One","floor":50,"turns":31},{"damage":85,"enemies":"Donu and Deca","floor":51,"turns":10}],"seed_played":"-2424070991960169715","potions_obtained":[{"floor":1,"key":"Block Potion"},{"floor":10,"key":"Strength Potion"},{"floor":14,"key":"Poison Potion"},{"floor":21,"key":"Regen Potion"},{"floor":31,"key":"SkillPotion"},{"floor":33,"key":"GamblersBrew"}],"is_trial":false,"path_per_floor":["M","?","$","M","?","R","T","M","T","E","R","M","?","M","R","B",null,"M","?","?","M","M","R","?","R","T","R","M","E","$","E","R","B",null,"M","$","?","M","M","R","?","R","T","R","E","$","R","M","R","B"],"character_chosen":"THE_SILENT","items_purchased":["Backflip","Fire Potion","DollysMirror","GhostInAJar"],"campfire_rested":8,"item_purchase_floors":[3,3,30,30],"current_hp_per_floor":[58,58,58,58,63,63,70,69,69,66,66,66,43,34,57,24,65,65,65,47,34,30,53,32,55,55,78,40,31,31,31,54,47,70,70,70,70,59,59,59,49,49,49,71,48,48,70,63,78,74,0],"gold":150,"neow_bonus":"HUNDRED_GOLD","is_prod":false,"is_daily":false,"chose_seed":false,"campfire_upgraded":4,"win_rate":0,"timestamp":1539824093,"path_taken":["M","?","$","M","?","R","?","M","T","E","R","?","?","M","R","BOSS","M","?","?","?","?","R","?","R","T","R","M","E","$","E","R","BOSS","M","$","?","M","M","R","?","R","T","R","E","$","R","M","R","BOSS","BOSS"],"build_version":"2018-10-17","purchased_purges":3,"victory":false,"max_hp_per_floor":[66,66,66,66,71,71,78,78,78,78,78,78,78,78,78,78,78,78,78,78,78,78,78,78,78,78,78,78,78,78,78,78,78,78,78,78,74,74,74,74,74,74,74,74,76,76,76,78,78,78,78],"card_choices":[{"not_picked":["Predator","Underhanded Strike"],"picked":"Footwork","floor":1},{"not_picked":["Escape Plan","Tactician"],"picked":"Flechettes","floor":4},{"not_picked":["Underhanded Strike","Quick Slash"],"picked":"Backflip","floor":8},{"not_picked":["All Out Attack","Outmaneuver"],"picked":"Skewer","floor":10},{"not_picked":["Dodge and Roll","Deflect"],"picked":"PiercingWail","floor":12},{"not_picked":["Sucker Punch","PiercingWail"],"picked":"Cloak And Dagger","floor":14},{"not_picked":["Venomology","Burst"],"picked":"Malaise","floor":16},{"not_picked":["Underhanded Strike","Flechettes"],"picked":"PiercingWail","floor":18},{"not_picked":["Blade Dance","Poisoned Stab+1"],"picked":"Infinite Blades","floor":20},{"not_picked":["Quick Slash","Deadly Poison"],"picked":"Cloak And Dagger+1","floor":21},{"not_picked":["Dodge and Roll","Underhanded Strike+1"],"picked":"Backflip","floor":22},{"not_picked":["Flechettes","Slice","Eviscerate"],"picked":"SKIP","floor":28},{"not_picked":["PiercingWail","Deadly Poison"],"picked":"Adrenaline","floor":29},{"not_picked":["Reflex","All Out Attack"],"picked":"Cloak And Dagger","floor":31},{"not_picked":["Outmaneuver","Flechettes","Concentrate"],"picked":"SKIP","floor":35},{"not_picked":["Bane","Cloak And Dagger","All Out Attack"],"picked":"SKIP","floor":38},{"not_picked":["Dagger Spray","Deflect"],"picked":"Terror","floor":39},{"not_picked":["Mind Blast","HandOfGreed"],"picked":"Dark Shackles","floor":41},{"not_picked":["Panache","PanicButton"],"picked":"Violence","floor":41},{"not_picked":["Heel Hook+1","Deadly Poison+1","Underhanded Strike+1"],"picked":"Singing Bowl","floor":45},{"not_picked":["Masterful Stab+1","Choke","Flying Knee"],"picked":"Singing Bowl","floor":48}],"player_experience":1422906,"relics_obtained":[{"floor":7,"key":"Strawberry"},{"floor":9,"key":"PreservedInsect"},{"floor":10,"key":"Whetstone"},{"floor":20,"key":"Red Mask"},{"floor":24,"key":"Nilry\u0027s Codex"},{"floor":26,"key":"Turnip"},{"floor":29,"key":"War Paint"},{"floor":31,"key":"Gremlin Horn"},{"floor":43,"key":"Lantern"},{"floor":45,"key":"Singing Bowl"}],"event_choices":[{"damage_healed":0,"gold_gain":0,"player_choice":"Take Wound","damage_taken":0,"relics_obtained":["Golden Idol"],"max_hp_gain":0,"max_hp_loss":0,"event_name":"Golden Idol","floor":2,"gold_loss":0,"cards_obtained":["Injury"]},{"damage_healed":0,"gold_gain":0,"player_choice":"Donut","damage_taken":0,"max_hp_gain":5,"max_hp_loss":0,"event_name":"Big Fish","floor":5,"gold_loss":0},{"damage_healed":0,"gold_gain":0,"player_choice":"Entered Light","damage_taken":23,"max_hp_gain":0,"max_hp_loss":0,"event_name":"Shining Light","floor":13,"gold_loss":0,"cards_upgraded":["Strike_G","Backflip"]},{"damage_healed":0,"gold_gain":0,"player_choice":"Inject Mutagens","damage_taken":0,"relics_obtained":["MutagenicStrength"],"max_hp_gain":0,"max_hp_loss":0,"event_name":"Drug Dealer","floor":19,"gold_loss":0},{"damage_healed":0,"gold_gain":0,"player_choice":"Fought Bandits","damage_taken":0,"max_hp_gain":0,"max_hp_loss":0,"event_name":"Masked Bandits","floor":20,"gold_loss":0},{"damage_healed":0,"gold_gain":0,"player_choice":"Obtained Book","damage_taken":21,"max_hp_gain":0,"max_hp_loss":0,"event_name":"Cursed Tome","floor":24,"gold_loss":0},{"damage_healed":0,"gold_gain":0,"player_choice":"Max HP","damage_taken":0,"max_hp_gain":0,"max_hp_loss":4,"event_name":"Winding Halls","floor":37,"gold_loss":0},{"damage_healed":0,"gold_gain":0,"player_choice":"Memory 3","damage_taken":10,"max_hp_gain":0,"max_hp_loss":0,"event_name":"SensoryStone","floor":41,"gold_loss":0}],"is_beta":true,"boss_relics":[{"not_picked":["White Beast Statue","Orrery"],"picked":"Pandora\u0027s Box"},{"not_picked":["Busted Crown","WristBlade"],"picked":"Sozu"}],"items_purged_floors":[3,30,36],"is_endless":false,"potions_floor_spawned":[1,10,12,14,21,31,33,35,45],"killed_by":"Donu and Deca","ascension_level":20}