{"gold_per_floor":[119,131,206,206,229,259,279,279,359,359,385,385,385,403,403,403],"floor_reached":16,"playtime":891,"items_purged":[],"score":133,"play_id":"a9f658c8-617c-4baa-9a83-f2152fbefb94","local_time":"20190109235328","is_ascension_mode":false,"campfire_choices":[{"data":"Escape Plan","floor":8,"key":"SMITH"},{"data":"Tactician","floor":12,"key":"SMITH"},{"floor":15,"key":"REST"}],"neow_cost":"NONE","seed_source_timestamp":764851485507598,"circlet_count":0,"master_deck":["Defend_G","Defend_G","Defend_G","Defend_G","Defend_G","Strike_G","Strike_G","Strike_G","Strike_G","Strike_G","Survivor","Escape Plan","Flying Knee","Noxious Fumes","Escape Plan+1","Tactician+1","Armaments","Well Laid Plans","Outmaneuver"],"relics":["Ring of the Snake","NeowsBlessing","Dream Catcher","Pen Nib","Meat on the Bone","Sundial"],"potions_floor_usage":[],"damage_taken":[{"damage":0,"enemies":"Jaw Worm","floor":1,"turns":1},{"damage":0,"enemies":"Small Slimes","floor":2,"turns":1},{"damage":0,"enemies":"Gremlin Nob","floor":6,"turns":1},{"damage":9,"enemies":"2 Louse","floor":7,"turns":3},{"damage":19,"enemies":"Lagavulin","floor":11,"turns":8},{"damage":8,"enemies":"Lots of Slimes","floor":14,"turns":5},{"damage":64,"enemies":"Hexaghost","floor":16,"turns":14}],"seed_played":"7073736047229477024","potions_obtained":[{"floor":1,"key":"SteroidPotion"},{"floor":2,"key":"FearPotion"},{"floor":7,"key":"Explosive Potion"}],"is_trial":false,"path_per_floor":["M","M","?","?","T","E","M","R","T","$","E","R","?","M","R","B"],"character_chosen":"THE_SILENT","items_purchased":[],"campfire_rested":1,"item_purchase_floors":[],"current_hp_per_floor":[70,70,59,64,64,64,55,55,55,55,48,48,48,40,62,0],"gold":403,"neow_bonus":"THREE_ENEMY_KILL","is_prod":false,"is_daily":false,"chose_seed":false,"campfire_upgraded":2,"win_rate":0.0,"timestamp":1547074408,"path_taken":["M","M","?","?","?","E","M","R","T","$","E","R","?","M","R","BOSS"],"build_version":"2019-01-03v4","purchased_purges":0,"victory":false,"max_hp_per_floor":[70,70,70,75,75,75,75,75,75,75,75,75,75,75,75,75],"card_choices":[{"not_picked":["Dash","Riddle With Holes"],"picked":"Escape Plan","floor":1},{"not_picked":["Blade Dance","Deadly Poison"],"picked":"Flying Knee","floor":2},{"not_picked":["Prepared","Expertise"],"picked":"Noxious Fumes","floor":6},{"not_picked":["Deflect","Acrobatics"],"picked":"Escape Plan","floor":7},{"not_picked":["Bouncing Flask","Night Terror"],"picked":"Tactician","floor":11},{"not_picked":["Infinite Blades","Deflect"],"picked":"Well Laid Plans","floor":14},{"not_picked":["Deflect","Eviscerate"],"picked":"Outmaneuver","floor":15}],"player_experience":141282,"relics_obtained":[{"floor":5,"key":"Dream Catcher"},{"floor":6,"key":"Pen Nib"},{"floor":9,"key":"Meat on the Bone"},{"floor":11,"key":"Sundial"}],"event_choices":[{"damage_healed":0,"gold_gain":75,"player_choice":"Gather Gold","damage_taken":11,"max_hp_gain":0,"max_hp_loss":0,"event_name":"World of Goop","floor":3,"gold_loss":0},{"damage_healed":0,"gold_gain":0,"player_choice":"Donut","damage_taken":0,"max_hp_gain":5,"max_hp_loss":0,"event_name":"Big Fish","floor":4,"gold_loss":0},{"cards_removed":["Neutralize"],"damage_healed":0,"gold_gain":0,"player_choice":"Took Card","damage_taken":0,"max_hp_gain":0,"max_hp_loss":0,"event_name":"NoteForYourself","floor":13,"gold_loss":0,"cards_obtained":["Armaments"]}],"is_beta":false,"boss_relics":[],"items_purged_floors":[],"is_endless":false,"potions_floor_spawned":[1,2,7,11],"killed_by":"Hexaghost","ascension_level":0}