{"gold_per_floor":[114,114,127,127,144,144,178,195,220,220,238,238,262,272,272,346,346,363,5,5,5,25,25,75,90,90,90,90],"floor_reached":28,"playtime":1159,"items_purged":["Strike_G"],"score":436,"play_id":"45d1462d-61b5-44e6-9888-67f5b06af120","local_time":"20181103033327","is_ascension_mode":true,"campfire_choices":[{"data":"Footwork","floor":6.0,"key":"SMITH"},{"floor":12.0,"key":"REST"},{"floor":15.0,"key":"REST"},{"data":"Footwork","floor":23,"key":"SMITH"},{"floor":27,"key":"REST"}],"neow_cost":"NONE","seed_source_timestamp":118013308096100,"circlet_count":0,"master_deck":["AscendersBane","Defend_G","Defend_G","Defend_G","Defend_G","Defend_G","Strike_G","Strike_G","Strike_G","Survivor","Neutralize+1","Footwork+1","Dodge and Roll","Dodge and Roll","Quick Slash","Dagger Throw","Footwork+1","Quick Slash","Poisoned Stab","Dash","Infinite Blades","Footwork","Dagger Spray","Corpse Explosion","PiercingWail+1","Corpse Explosion","Noxious Fumes","Cloak And Dagger"],"special_seed":0,"relics":["Orrery","Lantern","Art of War","Orichalcum","Snecko Eye","Paper Crane","Mummified Hand"],"potions_floor_usage":[22,28],"damage_taken":[{"damage":0.0,"enemies":"Cultist","floor":1.0,"turns":5.0},{"damage":0.0,"enemies":"Small Slimes","floor":3.0,"turns":4.0},{"damage":6.0,"enemies":"2 Louse","floor":5.0,"turns":3.0},{"damage":42.0,"enemies":"Gremlin Nob","floor":7.0,"turns":5.0},{"damage":0.0,"enemies":"2 Fungi Beasts","floor":8.0,"turns":4.0},{"damage":4.0,"enemies":"Red Slaver","floor":11.0,"turns":5.0},{"damage":1.0,"enemies":"Blue Slaver","floor":14.0,"turns":6.0},{"damage":23.0,"enemies":"Slime Boss","floor":16.0,"turns":12.0},{"damage":17,"enemies":"2 Thieves","floor":18,"turns":3},{"damage":0,"enemies":"3 Byrds","floor":22,"turns":2},{"damage":17,"enemies":"Shelled Parasite and Fungi","floor":25,"turns":4},{"damage":42,"enemies":"Book of Stabbing","floor":28,"turns":7}],"seed_played":"5752661249884911064","potions_obtained":[{"floor":1.0,"key":"Swift Potion"},{"floor":8.0,"key":"FearPotion"},{"floor":11.0,"key":"Dexterity Potion"},{"floor":18,"key":"Energy Potion"}],"is_trial":false,"path_per_floor":["M","$","M","?","M","R","E","M","T","?","M","R","T","M","R","B",null,"M","$","?","?","M","R","?","M","T","R","E"],"character_chosen":"THE_SILENT","items_purchased":["Paper Crane"],"campfire_rested":3,"item_purchase_floors":[19],"current_hp_per_floor":[59,59,59,59,53,53,11,11,11,11,7,26,26,25,44,21,55,38,38,38,38,38,38,38,21,21,40,0],"gold":90,"neow_bonus":"BOSS_RELIC","is_prod":false,"is_daily":false,"chose_seed":false,"campfire_upgraded":2,"win_rate":0,"timestamp":1541230407,"path_taken":["M","$","M","?","M","R","E","M","T","?","?","R","?","M","R","BOSS","M","$","?","?","?","R","?","M","T","R","E"],"build_version":"2018-11-01","purchased_purges":1,"victory":false,"max_hp_per_floor":[66,66,66,66,66,66,66,66,66,66,66,66,66,66,66,66,66,66,66,66,66,66,66,66,66,66,66,66],"card_choices":[{"not_picked":["Poisoned Stab","Reflex"],"picked":"Footwork","floor":0.0},{"not_picked":["PiercingWail","Blade Dance"],"picked":"Dodge and Roll","floor":0.0},{"not_picked":["Blade Dance","Acrobatics"],"picked":"Dodge and Roll","floor":0.0},{"not_picked":["Calculated Gamble","Deflect"],"picked":"Quick Slash","floor":0.0},{"not_picked":["Deadly Poison","Burst"],"picked":"Dagger Throw","floor":0.0},{"not_picked":["Prepared","Bane","Masterful Stab"],"picked":"SKIP","floor":1.0},{"not_picked":["Poisoned Stab","Dodge and Roll"],"picked":"Footwork","floor":3.0},{"not_picked":["Outmaneuver","Acrobatics"],"picked":"Quick Slash","floor":5.0},{"not_picked":["Sucker Punch","Heel Hook"],"picked":"Poisoned Stab","floor":7.0},{"not_picked":["Bane","Outmaneuver"],"picked":"Dash","floor":8.0},{"not_picked":["Calculated Gamble","Flechettes"],"picked":"Footwork","floor":11.0},{"not_picked":["Leg Sweep","Finisher"],"picked":"Dagger Spray","floor":14.0},{"not_picked":["Unload","Bullet Time"],"picked":"Corpse Explosion","floor":16.0},{"not_picked":["Blade Dance","Catalyst"],"picked":"PiercingWail+1","floor":18},{"not_picked":["Dagger Spray","Distraction"],"picked":"Noxious Fumes","floor":22},{"not_picked":["Prepared+1","Dagger Spray"],"picked":"Cloak And Dagger","floor":25}],"player_experience":1607956,"relics_obtained":[{"floor":7.0,"key":"Lantern"},{"floor":9.0,"key":"Art of War"},{"floor":13.0,"key":"Orichalcum"},{"floor":26,"key":"Mummified Hand"}],"event_choices":[{"damage_healed":0.0,"max_hp_gain":0.0,"max_hp_loss":0.0,"gold_gain":0.0,"event_name":"Living Wall","player_choice":"Grow","floor":4.0,"gold_loss":0.0,"damage_taken":0.0,"cards_upgraded":["Neutralize"]},{"damage_healed":0.0,"max_hp_gain":0.0,"max_hp_loss":0.0,"gold_gain":0.0,"cards_transformed":["Strike_G"],"event_name":"Transmorgrifier","player_choice":"Transformed","floor":10.0,"gold_loss":0.0,"damage_taken":0.0,"cards_obtained":["Infinite Blades"]},{"damage_healed":0,"gold_gain":0,"player_choice":"Ignored","damage_taken":0,"max_hp_gain":0,"max_hp_loss":0,"event_name":"Vampires","floor":20,"gold_loss":0},{"damage_healed":0,"gold_gain":0,"player_choice":"Copied","damage_taken":0,"max_hp_gain":0,"max_hp_loss":0,"event_name":"Duplicator","floor":21,"gold_loss":0,"cards_obtained":["Corpse Explosion"]},{"damage_healed":0,"gold_gain":50,"player_choice":"Stole From Cult","damage_taken":0,"max_hp_gain":0,"max_hp_loss":0,"event_name":"Nest","floor":24,"gold_loss":0}],"is_beta":true,"boss_relics":[{"not_picked":["Sozu","WristBlade"],"picked":"Snecko Eye"}],"items_purged_floors":[19],"is_endless":false,"potions_floor_spawned":[1,8,11,18],"killed_by":"Book of Stabbing","ascension_level":20}