{"gold_per_floor":[111,111,111,5,16,16,51,51,51,51,65,84,95,125,125,199,199,211,243,260,260,54,80,99,156,156,190,202,231,231,246,246,325,325,345,355,371,261,273,299,310,336,362,362,13,23,23,58,58,58,58],"floor_reached":52,"playtime":3620,"items_purged":["Strike_G","Strike_G"],"score":2114,"play_id":"5a2acc2f-175b-4795-8e39-7a5052414591","local_time":"20190131232643","is_ascension_mode":true,"campfire_choices":[{"data":"Underhanded Strike","floor":6,"key":"SMITH"},{"data":"Choke","floor":8,"key":"SMITH"},{"floor":10,"key":"REST"},{"data":"A Thousand Cuts","floor":15,"key":"SMITH"},{"floor":30,"key":"REST"},{"floor":32,"key":"REST"},{"floor":44,"key":"REST"},{"floor":47,"key":"REST"},{"floor":49,"key":"REST"}],"neow_cost":"NONE","seed_source_timestamp":19582747467300,"circlet_count":0,"master_deck":["AscendersBane","Defend_G","Defend_G+1","Defend_G","Defend_G","Defend_G","Strike_G","Survivor","Neutralize","Underhanded Strike+1","Footwork+1","Choke+1","Eviscerate","Underhanded Strike+1","Dodge and Roll","A Thousand Cuts+1","Bullet Time+1","Crippling Poison","Cloak And Dagger+1","Footwork","Choke","PiercingWail+1","Bullet Time","Malaise+1","Dodge and Roll+1","Predator","Malaise+1","Catalyst+1","Bouncing Flask+1"],"relics":["Snecko Eye","Blood Vial","Ancient Tea Set","Shuriken","Bag of Preparation","Fusion Hammer","Red Mask","Mummified Hand","Tiny Chest","Toxic Egg 2","Kunai","Potion Belt","Busted Crown","Paper Crane","Dream Catcher","Oddly Smooth Stone","War Paint","Strawberry"],"potions_floor_usage":[27,40,50,50,51,51],"damage_taken":[{"damage":1,"enemies":"2 Louse","floor":1,"turns":4},{"damage":3,"enemies":"Small Slimes","floor":5,"turns":4},{"damage":40,"enemies":"Lagavulin","floor":7,"turns":10},{"damage":0,"enemies":"Cultist","floor":11,"turns":2},{"damage":0,"enemies":"Looter","floor":12,"turns":2},{"damage":0,"enemies":"2 Fungi Beasts","floor":13,"turns":2},{"damage":6,"enemies":"3 Sentries","floor":14,"turns":6},{"damage":10,"enemies":"The Guardian","floor":16,"turns":6},{"damage":0,"enemies":"3 Byrds","floor":18,"turns":3},{"damage":2,"enemies":"Masked Bandits","floor":19,"turns":3},{"damage":0,"enemies":"Chosen","floor":20,"turns":2},{"damage":0,"enemies":"Slavers","floor":23,"turns":4},{"damage":0,"enemies":"Sentry and Sphere","floor":24,"turns":4},{"damage":11,"enemies":"Book of Stabbing","floor":25,"turns":5},{"damage":30,"enemies":"Gremlin Leader","floor":27,"turns":5},{"damage":0,"enemies":"3 Cultists","floor":28,"turns":3},{"damage":5,"enemies":"Book of Stabbing","floor":29,"turns":4},{"damage":15,"enemies":"Cultist and Chosen","floor":31,"turns":4},{"damage":10,"enemies":"Automaton","floor":33,"turns":7},{"damage":8,"enemies":"Orb Walker","floor":35,"turns":4},{"damage":0,"enemies":"3 Darklings","floor":36,"turns":2},{"damage":6,"enemies":"Sphere and 2 Shapes","floor":37,"turns":5},{"damage":1,"enemies":"4 Shapes","floor":39,"turns":4},{"damage":6,"enemies":"Reptomancer","floor":40,"turns":9},{"damage":8,"enemies":"Spire Growth","floor":41,"turns":5},{"damage":0,"enemies":"Giant Head","floor":42,"turns":7},{"damage":1,"enemies":"3 Darklings","floor":46,"turns":3},{"damage":0,"enemies":"Nemesis","floor":48,"turns":7},{"damage":18,"enemies":"Donu and Deca","floor":50,"turns":11},{"damage":9,"enemies":"Time Eater","floor":51,"turns":16}],"seed_played":"-3455429430383426132","potions_obtained":[{"floor":5,"key":"LiquidBronze"},{"floor":7,"key":"Poison Potion"},{"floor":12,"key":"Dexterity Potion"},{"floor":14,"key":"Regen Potion"},{"floor":28,"key":"GamblersBrew"},{"floor":29,"key":"PowerPotion"},{"floor":31,"key":"Regen Potion"},{"floor":36,"key":"Dexterity Potion"},{"floor":40,"key":"Regen Potion"}],"is_trial":false,"path_per_floor":["M","?","?","?","M","R","E","R","T","R","M","M","M","E","R","B",null,"M","?","M","?","$","E","M","E","T","E","M","E","R","M","R","B",null,"M","M","M","?","M","E","M","E","T","R","$","M","R","E","R","B","B",null],"character_chosen":"THE_SILENT","items_purchased":["Footwork","Choke","Bouncing Flask+1","War Paint"],"campfire_rested":6,"item_purchase_floors":[22,22,45,45],"current_hp_per_floor":[58,63,56,56,55,55,17,17,17,38,40,42,44,40,40,32,61,63,63,65,65,65,67,69,60,60,41,43,40,61,48,69,61,69,63,65,61,61,62,71,63,65,65,71,71,70,71,78,78,75,68],"gold":58,"neow_bonus":"BOSS_RELIC","is_prod":false,"is_daily":false,"chose_seed":false,"campfire_upgraded":3,"win_rate":0,"timestamp":1548995203,"path_taken":["M","?","?","?","?","R","E","R","T","R","M","M","M","E","R","BOSS","M","?","M","?","$","E","M","E","T","E","M","E","R","M","R","BOSS","M","M","?","?","M","E","?","E","T","R","$","M","R","E","R","BOSS","BOSS"],"build_version":"2019-01-23","purchased_purges":2,"victory":true,"max_hp_per_floor":[66,71,71,71,71,71,71,71,71,71,71,71,71,71,71,71,71,71,71,71,71,71,71,71,71,71,71,71,71,71,71,71,71,71,71,71,71,71,71,71,71,71,71,71,71,71,71,78,78,78,78],"card_choices":[{"not_picked":["Dagger Throw","Outmaneuver"],"picked":"Underhanded Strike","floor":1},{"not_picked":["Sucker Punch","Distraction"],"picked":"Footwork","floor":5},{"not_picked":["Tools of the Trade","Blade Dance"],"picked":"Choke","floor":7},{"not_picked":["Poisoned Stab","Dodge and Roll"],"picked":"Eviscerate","floor":11},{"not_picked":["Quick Slash","Blade Dance"],"picked":"Underhanded Strike","floor":12},{"not_picked":["Dagger Spray","Well Laid Plans"],"picked":"Dodge and Roll","floor":13},{"not_picked":["Flying Knee","Blade Dance"],"picked":"A Thousand Cuts","floor":14},{"not_picked":["Burst","Corpse Explosion"],"picked":"Bullet Time","floor":16},{"not_picked":["Blur","All Out Attack"],"picked":"Crippling Poison","floor":18},{"not_picked":["Dagger Throw","Blade Dance+1"],"picked":"Cloak And Dagger+1","floor":20},{"not_picked":["Flechettes+1","Heel Hook+1"],"picked":"PiercingWail+1","floor":23},{"not_picked":["All Out Attack","Slice+1","Bane+1"],"picked":"SKIP","floor":24},{"not_picked":["Footwork+1","Cloak And Dagger"],"picked":"Bullet Time","floor":25},{"not_picked":["Flying Knee","Cloak And Dagger+1"],"picked":"Malaise+1","floor":27},{"not_picked":["Blade Dance+1","Poisoned Stab"],"picked":"Dodge and Roll+1","floor":28},{"not_picked":["Terror+1","Well Laid Plans"],"picked":"Predator","floor":29},{"not_picked":["Sucker Punch","Tactician+1","Poisoned Stab"],"picked":"SKIP","floor":31},{"not_picked":["After Image","Die Die Die"],"picked":"Malaise+1","floor":33},{"not_picked":["Underhanded Strike"],"picked":"SKIP","floor":35},{"not_picked":["Poisoned Stab"],"picked":"SKIP","floor":36},{"not_picked":["Masterful Stab"],"picked":"SKIP","floor":37},{"not_picked":["Prepared+1"],"picked":"SKIP","floor":39},{"not_picked":["Quick Slash"],"picked":"SKIP","floor":40},{"not_picked":["Flying Knee"],"picked":"SKIP","floor":41},{"not_picked":[],"picked":"Catalyst+1","floor":42},{"not_picked":["Tactician+1"],"picked":"SKIP","floor":46},{"not_picked":["Endless Agony"],"picked":"SKIP","floor":48}],"player_experience":1987462,"relics_obtained":[{"floor":7,"key":"Ancient Tea Set"},{"floor":9,"key":"Shuriken"},{"floor":14,"key":"Bag of Preparation"},{"floor":19,"key":"Red Mask"},{"floor":23,"key":"Mummified Hand"},{"floor":25,"key":"Tiny Chest"},{"floor":26,"key":"Toxic Egg 2"},{"floor":27,"key":"Kunai"},{"floor":29,"key":"Potion Belt"},{"floor":40,"key":"Paper Crane"},{"floor":42,"key":"Dream Catcher"},{"floor":43,"key":"Oddly Smooth Stone"},{"floor":48,"key":"Strawberry"}],"event_choices":[{"damage_healed":0,"gold_gain":0,"player_choice":"Donut","damage_taken":0,"max_hp_gain":5,"max_hp_loss":0,"event_name":"Big Fish","floor":2,"gold_loss":0},{"cards_removed":["Strike_G"],"damage_healed":0,"gold_gain":0,"player_choice":"Card Removal","damage_taken":7,"max_hp_gain":0,"max_hp_loss":0,"event_name":"Golden Wing","floor":3,"gold_loss":0},{"damage_healed":0,"gold_gain":0,"player_choice":"Paid Gold","damage_taken":0,"relics_obtained":["Blood Vial"],"max_hp_gain":0,"max_hp_loss":0,"event_name":"WeMeetAgain","floor":4,"gold_loss":106},{"damage_healed":0,"gold_gain":0,"player_choice":"Fought Bandits","damage_taken":0,"max_hp_gain":0,"max_hp_loss":0,"event_name":"Masked Bandits","floor":19,"gold_loss":0},{"damage_healed":0,"gold_gain":0,"player_choice":"Upgraded","damage_taken":0,"max_hp_gain":0,"max_hp_loss":0,"event_name":"Upgrade Shrine","floor":21,"gold_loss":0,"cards_upgraded":["Footwork"]},{"cards_removed":["Strike_G"],"damage_healed":0,"gold_gain":0,"player_choice":"Upgrade and Remove","damage_taken":0,"max_hp_gain":0,"max_hp_loss":0,"event_name":"Designer","floor":38,"gold_loss":110,"cards_upgraded":["Underhanded Strike"]}],"is_beta":true,"boss_relics":[{"not_picked":["Eternal Feather","White Beast Statue"],"picked":"Fusion Hammer"},{"not_picked":["Runic Dome","Sozu"],"picked":"Busted Crown"}],"items_purged_floors":[22,45],"is_endless":false,"potions_floor_spawned":[5,7,11,12,14,18,24,28,29,31,36,40,46,48],"ascension_level":20}