{"gold_per_floor":[114,114,127,127,151,190,190,190,190,190,204,204,218,218,218,339,339,324,340,340],"floor_reached":20,"playtime":1270,"items_purged":[],"score":174,"play_id":"0c469d49-875d-4c78-a4ba-419be3026c4c","local_time":"20190108174545","is_ascension_mode":false,"campfire_choices":[{"data":"Uppercut","floor":7,"key":"SMITH"},{"data":"Shrug It Off","floor":10,"key":"SMITH"},{"data":"Bash","floor":12,"key":"SMITH"},{"data":"Carnage","floor":15,"key":"SMITH"}],"neow_cost":"NONE","seed_source_timestamp":656008859775593,"circlet_count":0,"master_deck":["Strike_R","Strike_R","Strike_R","Strike_R","Defend_R","Defend_R","Defend_R","Defend_R","Bash+1","Madness","Shrug It Off+1","Uppercut+1","Clothesline","Carnage+1","Reaper","True Grit+1","Warcry+1"],"relics":["Burning Blood","Golden Idol","Letter Opener","Kunai","Thread and Needle","Lizard Tail"],"potions_floor_usage":[],"damage_taken":[{"damage":13,"enemies":"Jaw Worm","floor":1,"turns":5},{"damage":0,"enemies":"2 Louse","floor":3,"turns":4},{"damage":6,"enemies":"Cultist","floor":5,"turns":4},{"damage":29,"enemies":"3 Sentries","floor":6,"turns":11},{"damage":8,"enemies":"Gremlin Gang","floor":11,"turns":5},{"damage":2,"enemies":"2 Fungi Beasts","floor":13,"turns":3},{"damage":41,"enemies":"The Guardian","floor":16,"turns":10},{"damage":4,"enemies":"2 Thieves","floor":18,"turns":4},{"damage":16,"enemies":"Spheric Guardian","floor":19,"turns":6},{"damage":143,"enemies":"3 Cultists","floor":20,"turns":11}],"seed_played":"7645266092492366827","potions_obtained":[{"floor":3,"key":"Poison Potion"},{"floor":16,"key":"Fire Potion"},{"floor":19,"key":"Regen Potion"}],"is_trial":false,"path_per_floor":["M","?","M","?","M","E","R","?","T","R","M","R","M","?","R","B",null,"M","M","M"],"character_chosen":"IRONCLAD","items_purchased":[],"campfire_rested":0,"item_purchase_floors":[],"current_hp_per_floor":[73,66,72,72,72,49,49,54,54,54,52,52,56,56,56,21,79,79,69,0],"gold":340,"neow_bonus":"RANDOM_COLORLESS","is_prod":false,"is_daily":false,"chose_seed":false,"campfire_upgraded":4,"win_rate":0.0,"timestamp":1546965945,"path_taken":["M","?","M","?","M","E","R","?","T","R","M","R","?","?","R","BOSS","M","?","M"],"build_version":"2019-01-03v4","purchased_purges":0,"victory":false,"max_hp_per_floor":[80,80,80,74,74,74,74,79,79,79,79,79,79,79,79,79,79,79,79,79],"card_choices":[{"not_picked":["Body Slam","Flame Barrier"],"picked":"Shrug It Off","floor":1},{"not_picked":["Body Slam","Sword Boomerang"],"picked":"Uppercut","floor":3},{"not_picked":["Hemokinesis","Thunderclap"],"picked":"Clothesline","floor":5},{"not_picked":["Anger","Heavy Blade","Intimidate"],"picked":"SKIP","floor":6},{"not_picked":["Sever Soul","Twin Strike"],"picked":"Carnage","floor":11},{"not_picked":["Flex","Power Through","Anger"],"picked":"SKIP","floor":13},{"not_picked":["Offering","Bludgeon"],"picked":"Reaper","floor":16},{"not_picked":["Heavy Blade","Perfected Strike"],"picked":"True Grit+1","floor":18},{"not_picked":["Reckless Charge","Burning Pact+1"],"picked":"Warcry+1","floor":19}],"player_experience":128964,"relics_obtained":[{"floor":6,"key":"Letter Opener"},{"floor":9,"key":"Kunai"}],"event_choices":[{"cards_removed":["Strike_R"],"damage_healed":0,"gold_gain":0,"player_choice":"Card Removal","damage_taken":7,"max_hp_gain":0,"max_hp_loss":0,"event_name":"Golden Wing","floor":2,"gold_loss":0},{"damage_healed":0,"gold_gain":0,"player_choice":"Lose Max HP","damage_taken":0,"relics_obtained":["Golden Idol"],"max_hp_gain":0,"max_hp_loss":6,"event_name":"Golden Idol","floor":4,"gold_loss":0},{"damage_healed":0,"gold_gain":0,"player_choice":"Donut","damage_taken":0,"max_hp_gain":5,"max_hp_loss":0,"event_name":"Big Fish","floor":8,"gold_loss":0},{"damage_healed":0,"gold_gain":0,"player_choice":"Gave Potion","damage_taken":0,"relics_obtained":["Thread and Needle"],"max_hp_gain":0,"max_hp_loss":0,"event_name":"WeMeetAgain","floor":14,"gold_loss":0}],"is_beta":false,"boss_relics":[{"not_picked":["Velvet Choker","Runic Dome"],"picked":"Lizard Tail"}],"items_purged_floors":[],"is_endless":false,"potions_floor_spawned":[3,16,19],"killed_by":"3 Cultists","ascension_level":0}