{"gold_per_floor":[117,117,132,132,145,161,173,173,198,216,232,232,252,285,285,359,359,371,371,389,419,432,432,442,442,520,555,555,575,592,592,592,668,668,688,702,702,924,940,940,940,956,956,973,991,991,1091,1091,1091,1091],"floor_reached":51,"playtime":2519,"items_purged":[],"score":1131,"play_id":"5129fb81-a3d8-475f-8267-db4ae5048f60","local_time":"20181229184833","is_ascension_mode":true,"campfire_choices":[{"data":"Dualcast","floor":8,"key":"SMITH"},{"data":"Consume","floor":15,"key":"SMITH"},{"data":"Defragment","floor":23,"key":"SMITH"},{"floor":25,"key":"REST"},{"floor":28,"key":"REST"},{"data":"Capacitor","floor":32,"key":"SMITH"},{"data":"Seek","floor":40,"key":"SMITH"},{"floor":49,"key":"REST"}],"neow_cost":"NONE","seed_source_timestamp":1041224665806684,"circlet_count":0,"master_deck":["AscendersBane","Strike_B","Strike_B","Strike_B","Defend_B","Defend_B","Defend_B","Defend_B","Zap","Dualcast+1","Capacitor+1","Self Repair","Capacitor","FTL","Coolheaded","FTL","Chill","Defragment+1","Consume+1","Electrodynamics","Seek+1","Ball Lightning","Machine Learning+1","Loop+1","Seek+1","Capacitor+1","Bandage Up","Coolheaded","Writhe"],"relics":["Cracked Core","Pen Nib","Ancient Tea Set","Bronze Scales","Sozu","MutagenicStrength","Red Mask","Frozen Egg 2","Strawberry","Lizard Tail","Bottled Lightning","Nunchaku"],"potions_floor_usage":[14,14,22],"damage_taken":[{"damage":0,"enemies":"2 Louse","floor":1,"turns":3},{"damage":6,"enemies":"Cultist","floor":3,"turns":4},{"damage":3,"enemies":"Small Slimes","floor":5,"turns":6},{"damage":7,"enemies":"2 Fungi Beasts","floor":6,"turns":5},{"damage":11,"enemies":"Blue Slaver","floor":7,"turns":4},{"damage":13,"enemies":"Exordium Wildlife","floor":10,"turns":4},{"damage":7,"enemies":"Looter","floor":11,"turns":3},{"damage":21,"enemies":"Exordium Thugs","floor":13,"turns":5},{"damage":12,"enemies":"Gremlin Nob","floor":14,"turns":3},{"damage":35,"enemies":"The Guardian","floor":16,"turns":9},{"damage":13,"enemies":"Shell Parasite","floor":18,"turns":6},{"damage":12,"enemies":"Chosen","floor":20,"turns":3},{"damage":14,"enemies":"Masked Bandits","floor":21,"turns":2},{"damage":12,"enemies":"Snake Plant","floor":22,"turns":3},{"damage":0,"enemies":"Chosen and Byrds","floor":24,"turns":3},{"damage":46,"enemies":"Book of Stabbing","floor":27,"turns":5},{"damage":4,"enemies":"Cultist and Chosen","floor":29,"turns":3},{"damage":16,"enemies":"Sentry and Sphere","floor":30,"turns":4},{"damage":27,"enemies":"Champ","floor":33,"turns":9},{"damage":21,"enemies":"Orb Walker","floor":35,"turns":4},{"damage":6,"enemies":"3 Shapes","floor":36,"turns":4},{"damage":37,"enemies":"3 Darklings","floor":39,"turns":3},{"damage":14,"enemies":"Spire Growth","floor":42,"turns":6},{"damage":6,"enemies":"4 Shapes","floor":44,"turns":5},{"damage":1,"enemies":"3 Darklings","floor":45,"turns":3},{"damage":0,"enemies":"Mind Bloom Boss Battle","floor":47,"turns":5},{"damage":37,"enemies":"Awakened One","floor":50,"turns":22}],"seed_played":"6696610154540134228","potions_obtained":[{"floor":3,"key":"Weak Potion"},{"floor":6,"key":"Fire Potion"},{"floor":16,"key":"Block Potion"}],"is_trial":false,"path_per_floor":["M","?","M","?","M","M","M","R","T","M","M","?","M","E","R","B",null,"M","?","M","?","M","R","M","R","T","E","R","M","M","?","R","B",null,"M","M","?","?","M","R","?","M","T","M","M","?","?","?","R","B",null],"character_chosen":"DEFECT","items_purchased":[],"campfire_rested":3,"item_purchase_floors":[],"current_hp_per_floor":[68,68,69,69,73,73,69,69,69,63,63,68,54,49,49,21,65,59,59,47,33,28,28,35,59,59,27,53,56,47,47,47,27,72,58,59,59,59,29,29,29,26,26,31,34,34,45,67,87,53],"gold":1091,"neow_bonus":"RANDOM_COMMON_RELIC","is_prod":false,"is_daily":false,"chose_seed":false,"campfire_upgraded":5,"win_rate":0,"timestamp":1546076913,"path_taken":["M","?","?","?","M","M","M","R","T","M","?","?","M","E","R","BOSS","M","?","M","?","M","R","M","R","T","E","R","M","M","?","R","BOSS","M","M","?","?","M","R","?","M","T","?","M","?","?","?","R","BOSS"],"build_version":"2018-12-20","purchased_purges":0,"victory":true,"max_hp_per_floor":[75,75,75,75,75,75,75,75,75,75,75,80,80,80,80,80,80,80,80,80,80,80,80,80,80,80,87,87,87,87,87,87,87,87,87,87,87,87,87,87,87,87,87,87,87,87,87,87,87,87],"card_choices":[{"not_picked":["Stack","Streamline"],"picked":"Capacitor","floor":1},{"not_picked":["Turbo","Recycle"],"picked":"Capacitor","floor":3},{"not_picked":["Hologram","Conserve Battery"],"picked":"FTL","floor":5},{"not_picked":["Blizzard","Beam Cell"],"picked":"Ball Lightning","floor":6},{"not_picked":["Skim","Cold Snap"],"picked":"Coolheaded","floor":7},{"not_picked":["Turbo","Stack"],"picked":"FTL","floor":10},{"not_picked":["White Noise","Sweeping Beam"],"picked":"Chill","floor":11},{"not_picked":["Rip and Tear","Recycle"],"picked":"Defragment","floor":13},{"not_picked":["Streamline","Machine Learning"],"picked":"Consume","floor":14},{"not_picked":["Buffer","Rainbow"],"picked":"Electrodynamics","floor":16},{"not_picked":["Hologram","Compile Driver","Rebound"],"picked":"SKIP","floor":18},{"not_picked":["Redo","Beam Cell"],"picked":"Seek","floor":20},{"not_picked":["Reprogram+1","Redo"],"picked":"Ball Lightning","floor":22},{"not_picked":["Steam","Turbo","Hologram"],"picked":"SKIP","floor":24},{"not_picked":["Turbo","Tempest","Redo"],"picked":"SKIP","floor":27},{"not_picked":["Static Discharge+1","Beam Cell+1"],"picked":"Machine Learning+1","floor":29},{"not_picked":["Rebound+1","Static Discharge+1"],"picked":"Loop+1","floor":30},{"not_picked":["All For One","Rainbow"],"picked":"Seek","floor":33},{"not_picked":["Doom and Gloom","Rebound"],"picked":"Capacitor+1","floor":35},{"not_picked":["Beam Cell","Turbo","Gash+1"],"picked":"SKIP","floor":36},{"not_picked":["Heatsinks+1","Tempest","Fusion"],"picked":"SKIP","floor":39},{"not_picked":["Discovery","Impatience"],"picked":"Bandage Up","floor":41},{"not_picked":["Conserve Battery","Doom and Gloom"],"picked":"Coolheaded","floor":42},{"not_picked":["Stack","Streamline","Beam Cell"],"picked":"SKIP","floor":44},{"not_picked":["Gash","Reprogram","Amplify"],"picked":"SKIP","floor":45}],"player_experience":691127,"relics_obtained":[{"floor":9,"key":"Ancient Tea Set"},{"floor":14,"key":"Bronze Scales"},{"floor":21,"key":"Red Mask"},{"floor":26,"key":"Frozen Egg 2"},{"floor":27,"key":"Strawberry"},{"floor":43,"key":"Bottled Lightning"},{"floor":47,"key":"Nunchaku"}],"event_choices":[{"damage_healed":0,"gold_gain":0,"player_choice":"1 cards matched","damage_taken":0,"max_hp_gain":0,"max_hp_loss":0,"event_name":"Match and Keep!","floor":2,"gold_loss":0,"cards_obtained":["Self Repair"]},{"cards_removed":["Strike_B"],"damage_healed":0,"gold_gain":0,"player_choice":"Purged","damage_taken":0,"max_hp_gain":0,"max_hp_loss":0,"event_name":"Purifier","floor":4,"gold_loss":0},{"damage_healed":0,"gold_gain":0,"player_choice":"Donut","damage_taken":0,"max_hp_gain":5,"max_hp_loss":0,"event_name":"Big Fish","floor":12,"gold_loss":0},{"damage_healed":0,"gold_gain":0,"player_choice":"Inject Mutagens","damage_taken":0,"relics_obtained":["MutagenicStrength"],"max_hp_gain":0,"max_hp_loss":0,"event_name":"Drug Dealer","floor":19,"gold_loss":0},{"damage_healed":0,"gold_gain":0,"player_choice":"Fought Bandits","damage_taken":0,"max_hp_gain":0,"max_hp_loss":0,"event_name":"Masked Bandits","floor":21,"gold_loss":0},{"damage_healed":0,"gold_gain":0,"player_choice":"Forge","damage_taken":0,"max_hp_gain":0,"max_hp_loss":0,"event_name":"Accursed Blacksmith","floor":31,"gold_loss":0,"cards_upgraded":["Seek"]},{"cards_removed":["Ball Lightning"],"damage_healed":0,"gold_gain":0,"player_choice":"Removed Attack","damage_taken":0,"max_hp_gain":0,"max_hp_loss":0,"event_name":"Falling","floor":37,"gold_loss":0},{"damage_healed":0,"gold_gain":222,"player_choice":"Wore Mask","damage_taken":0,"max_hp_gain":0,"max_hp_loss":0,"event_name":"Tomb of Lord Red Mask","floor":38,"gold_loss":0},{"damage_healed":0,"gold_gain":0,"player_choice":"Memory 1","damage_taken":0,"max_hp_gain":0,"max_hp_loss":0,"event_name":"SensoryStone","floor":41,"gold_loss":0},{"damage_healed":0,"gold_gain":0,"player_choice":"Ignored","damage_taken":0,"max_hp_gain":0,"max_hp_loss":0,"event_name":"Mysterious Sphere","floor":46,"gold_loss":0},{"damage_healed":0,"gold_gain":0,"player_choice":"Fight","damage_taken":0,"max_hp_gain":0,"max_hp_loss":0,"event_name":"MindBloom","floor":47,"gold_loss":0},{"damage_healed":22,"gold_gain":0,"player_choice":"Writhe","damage_taken":0,"max_hp_gain":0,"max_hp_loss":0,"event_name":"Winding Halls","floor":48,"gold_loss":0,"cards_obtained":["Writhe"]}],"is_beta":false,"boss_relics":[{"not_picked":["Velvet Choker","Orrery"],"picked":"Sozu"},{"not_picked":["Black Star","Coffee Dripper"],"picked":"Lizard Tail"}],"items_purged_floors":[],"is_endless":false,"potions_floor_spawned":[3,6,7,10,13,16,21,22,27,29,39,44,45,47],"ascension_level":13}