{"gold_per_floor":[118,137,155,173,191,191,213,225,250,47,47,47,47,47,47,47],"floor_reached":16,"playtime":409,"items_purged":[],"score":92,"play_id":"2ad521f3-9d57-483a-b02a-46d4e3a71385","local_time":"20180910170335","is_ascension_mode":false,"campfire_choices":[{"data":"Pummel","floor":6,"key":"SMITH"},{"data":"Spot Weakness","floor":11,"key":"SMITH"},{"data":"Pummel","floor":15,"key":"SMITH"}],"neow_cost":"NONE","seed_source_timestamp":73535935057286,"circlet_count":0,"master_deck":["Strike_R","Strike_R","Strike_R","Strike_R","Strike_R","Defend_R","Defend_R","Defend_R","Defend_R","Bash","Immolate","Disarm","Flex","Metallicize","Pummel+1","Fire Breathing","Pummel+1","Spot Weakness+1"],"relics":["Burning Blood","Odd Mushroom","Strawberry","Brimstone","Golden Idol"],"potions_floor_usage":[16],"damage_taken":[{"damage":2,"enemies":"Cultist","floor":1,"turns":4},{"damage":9,"enemies":"2 Louse","floor":2,"turns":2},{"damage":6,"enemies":"Jaw Worm","floor":3,"turns":2},{"damage":8,"enemies":"Exordium Thugs","floor":4,"turns":4},{"damage":2,"enemies":"Blue Slaver","floor":5,"turns":4},{"damage":9,"enemies":"The Mushroom Lair","floor":7,"turns":2},{"damage":0,"enemies":"Lots of Slimes","floor":8,"turns":1},{"damage":72,"enemies":"Hexaghost","floor":16,"turns":7}],"seed_played":"6571236899492976410","potions_obtained":[{"floor":2,"key":"SkillPotion"},{"floor":3,"key":"Strength Potion"},{"floor":8,"key":"Swift Potion"}],"is_trial":false,"path_per_floor":["M","M","M","M","M","R","?","M","T","$","R","$","?","?","R"],"character_chosen":"IRONCLAD","items_purchased":["Brimstone"],"campfire_rested":0,"item_purchase_floors":[10],"current_hp_per_floor":[80,77,77,75,79,79,76,80,87,87,87,87,66,66,66,0],"gold":47,"neow_bonus":"ONE_RANDOM_RARE_CARD","is_prod":false,"is_daily":false,"chose_seed":false,"campfire_upgraded":3,"win_rate":0,"timestamp":1536566615,"path_taken":["M","M","?","?","M","R","?","?","T","$","R","?","?","?","R","BOSS"],"build_version":"2018-09-06","purchased_purges":0,"victory":false,"max_hp_per_floor":[80,80,80,80,80,80,80,80,87,87,87,87,87,87,87,87],"card_choices":[{"not_picked":["Cleave","Blood for Blood"],"picked":"Disarm","floor":1},{"not_picked":["Warcry","Perfected Strike"],"picked":"Flex","floor":2},{"not_picked":["Clash","Cleave"],"picked":"Metallicize","floor":3},{"not_picked":["Twin Strike","Entrench"],"picked":"Pummel","floor":4},{"not_picked":["Combust","Sentinel"],"picked":"Fire Breathing","floor":5},{"not_picked":["Cleave","Armaments"],"picked":"Pummel","floor":7},{"not_picked":["Body Slam","Hemokinesis"],"picked":"Spot Weakness","floor":8}],"player_experience":407863,"relics_obtained":[{"floor":7,"key":"Odd Mushroom"},{"floor":9,"key":"Strawberry"}],"event_choices":[{"event_name":"Mushrooms","player_choice":"Fought Mushrooms","floor":7,"damage_taken":0},{"event_name":"Golden Idol","player_choice":"Take Damage","floor":13,"damage_taken":0},{"event_name":"The Cleric","player_choice":"Leave","floor":14,"damage_taken":0}],"is_beta":true,"boss_relics":[],"items_purged_floors":[],"is_endless":false,"potions_floor_spawned":[2,3,8],"killed_by":"Hexaghost","ascension_level":0}