{"gold_per_floor":[115,127,140,160,173,203,217,217,298,298,298,331,344,382,382,513,513,533,408,33,47,47,85,97,109,121,33,158,198,198,198],"floor_reached":31,"playtime":2925,"items_purged":["Defend_R","Strike_R"],"score":415,"play_id":"7f9953bb-6144-4346-ab9c-0c7f67ccb4ae","local_time":"20190120182901","is_ascension_mode":true,"campfire_choices":[{"floor":8,"key":"REST"},{"data":"Flame Barrier","floor":10,"key":"SMITH"},{"floor":15,"key":"REST"},{"floor":25,"key":"REST"},{"data":"Limit Break","floor":30,"key":"SMITH"}],"neow_cost":"PERCENT_DAMAGE","seed_source_timestamp":1022763555369695,"circlet_count":0,"master_deck":["Strike_R","Strike_R","Strike_R","Strike_R","Defend_R","Defend_R","Defend_R","Bash","Feed","Flame Barrier+1","Sword Boomerang","Iron Wave","Battle Trance","Armaments","Shrug It Off","Corruption","Disarm","Feed","Inflame","Exhume","Shockwave","Whirlwind","Pummel","Armaments","Armaments","Limit Break+1","Disarm","Armaments+1","Warcry+1","Ghostly","Ghostly","Ghostly","Ghostly","Ghostly","Havoc+1"],"relics":["Burning Blood","Gremlin Horn","Sundial","Golden Idol","Vajra","Odd Mushroom","Orrery","Nunchaku","Regal Pillow","MawBank","Centennial Puzzle","Turnip","Molten Egg 2","Ancient Tea Set"],"potions_floor_usage":[6,6,6,12,28,31],"damage_taken":[{"damage":12,"enemies":"Jaw Worm","floor":1,"turns":2},{"damage":0,"enemies":"Small Slimes","floor":2,"turns":3},{"damage":3,"enemies":"Cultist","floor":3,"turns":5},{"damage":7,"enemies":"Blue Slaver","floor":4,"turns":4},{"damage":13,"enemies":"Exordium Wildlife","floor":5,"turns":4},{"damage":45,"enemies":"Gremlin Nob","floor":6,"turns":6},{"damage":6,"enemies":"Looter","floor":7,"turns":4},{"damage":54,"enemies":"3 Sentries","floor":12,"turns":13},{"damage":0,"enemies":"3 Louse","floor":13,"turns":2},{"damage":6,"enemies":"The Mushroom Lair","floor":14,"turns":4},{"damage":32,"enemies":"Hexaghost","floor":16,"turns":11},{"damage":26,"enemies":"3 Byrds","floor":18,"turns":6},{"damage":33,"enemies":"Spheric Guardian","floor":21,"turns":6},{"damage":94,"enemies":"Slavers","floor":23,"turns":10},{"damage":40,"enemies":"Colosseum Slavers","floor":28,"turns":9},{"damage":1,"enemies":"Colosseum Nobs","floor":28,"turns":4},{"damage":6,"enemies":"Book of Stabbing","floor":29,"turns":9},{"damage":57,"enemies":"Gremlin Leader","floor":31,"turns":9}],"seed_played":"886449043912070296","potions_obtained":[{"floor":2,"key":"SpeedPotion"},{"floor":3,"key":"GamblersBrew"},{"floor":4,"key":"Fire Potion"},{"floor":6,"key":"SkillPotion"},{"floor":23,"key":"Regen Potion"},{"floor":28,"key":"Explosive Potion"}],"is_trial":false,"path_per_floor":["M","M","M","M","M","E","M","R","T","R","?","E","M","?","R","B",null,"M","?","$","M","?","E","?","R","T","$","?","E","R","E"],"character_chosen":"IRONCLAD","items_purchased":["Regal Pillow","Limit Break","Disarm"],"campfire_rested":3,"item_purchase_floors":[20,20,20],"current_hp_per_floor":[53,62,68,70,66,27,30,59,59,59,59,14,23,30,61,35,104,92,92,92,65,102,22,22,55,55,55,44,44,44,0],"gold":198,"neow_bonus":"THREE_RARE_CARDS","is_prod":false,"is_daily":false,"chose_seed":false,"campfire_upgraded":2,"win_rate":0,"timestamp":1548026941,"path_taken":["M","M","M","M","M","E","M","R","T","R","?","E","M","?","R","BOSS","M","?","$","?","?","E","?","R","T","?","?","E","R","E"],"build_version":"2019-01-17v2","purchased_purges":2,"victory":false,"max_hp_per_floor":[83,86,89,92,95,95,98,98,98,98,91,94,97,104,104,104,104,112,112,112,112,112,120,60,60,60,60,66,66,66,66],"card_choices":[{"not_picked":["Juggernaut","Double Tap"],"picked":"Feed","floor":0},{"not_picked":["Thunderclap","Bloodletting"],"picked":"Flame Barrier","floor":1},{"not_picked":["Pommel Strike","Combust"],"picked":"Sword Boomerang","floor":2},{"not_picked":["Pommel Strike","Clash"],"picked":"Iron Wave","floor":3},{"not_picked":["Sword Boomerang","Iron Wave"],"picked":"Battle Trance","floor":4},{"not_picked":["Perfected Strike","Clash"],"picked":"Armaments","floor":5},{"not_picked":["Warcry","Sentinel"],"picked":"Shrug It Off","floor":6},{"not_picked":["Flex","Iron Wave"],"picked":"Corruption","floor":7},{"not_picked":["Armaments","Sever Soul"],"picked":"Disarm","floor":12},{"not_picked":["Thunderclap","Fire Breathing"],"picked":"Feed","floor":13},{"not_picked":["Infernal Blade","Headbutt"],"picked":"Inflame","floor":14},{"not_picked":["Immolate","Juggernaut"],"picked":"Exhume","floor":16},{"not_picked":["Anger","Cleave"],"picked":"Shockwave","floor":17},{"not_picked":["Sword Boomerang","Heavy Blade"],"picked":"Whirlwind","floor":17},{"not_picked":["Thunderclap","Power Through"],"picked":"Pummel","floor":17},{"not_picked":["Battle Trance","Sword Boomerang"],"picked":"Armaments","floor":17},{"not_picked":["Anger","Second Wind"],"picked":"Armaments","floor":17},{"not_picked":["Rage+1","Corruption","Reckless Charge"],"picked":"SKIP","floor":18},{"not_picked":["Headbutt","Fire Breathing+1"],"picked":"Armaments+1","floor":21},{"not_picked":["Blood for Blood","Hemokinesis"],"picked":"Warcry+1","floor":23},{"not_picked":["Rage","Body Slam+1"],"picked":"Havoc+1","floor":29}],"player_experience":261439,"relics_obtained":[{"floor":6,"key":"Gremlin Horn"},{"floor":9,"key":"Sundial"},{"floor":12,"key":"Vajra"},{"floor":14,"key":"Odd Mushroom"},{"floor":23,"key":"MawBank"},{"floor":26,"key":"Centennial Puzzle"},{"floor":28,"key":"Turnip"},{"floor":28,"key":"Molten Egg 2"},{"floor":29,"key":"Ancient Tea Set"}],"event_choices":[{"damage_healed":0,"gold_gain":0,"player_choice":"Lose Max HP","damage_taken":0,"relics_obtained":["Golden Idol"],"max_hp_gain":0,"max_hp_loss":7,"event_name":"Golden Idol","floor":11,"gold_loss":0},{"damage_healed":0,"gold_gain":0,"player_choice":"Fought Mushrooms","damage_taken":0,"max_hp_gain":0,"max_hp_loss":0,"event_name":"Mushrooms","floor":14,"gold_loss":0},{"damage_healed":0,"gold_gain":0,"player_choice":"Paid Gold","damage_taken":0,"relics_obtained":["Nunchaku"],"max_hp_gain":0,"max_hp_loss":0,"event_name":"WeMeetAgain","floor":19,"gold_loss":125},{"damage_healed":37,"gold_gain":0,"player_choice":"Heal","damage_taken":0,"max_hp_gain":0,"max_hp_loss":0,"event_name":"The Library","floor":22,"gold_loss":0},{"damage_healed":0,"gold_gain":0,"player_choice":"Became a Ghost","damage_taken":0,"max_hp_gain":0,"max_hp_loss":60,"event_name":"Ghosts","floor":24,"gold_loss":0,"cards_obtained":["Ghostly","Ghostly","Ghostly","Ghostly","Ghostly"]},{"damage_healed":0,"gold_gain":0,"player_choice":"Fight","damage_taken":0,"max_hp_gain":0,"max_hp_loss":0,"event_name":"Colosseum","floor":28,"gold_loss":0},{"damage_healed":0,"gold_gain":0,"player_choice":"Fought Nobs","damage_taken":0,"max_hp_gain":0,"max_hp_loss":0,"event_name":"Colosseum","floor":28,"gold_loss":0}],"is_beta":false,"boss_relics":[{"not_picked":["Pandora\u0027s Box","Busted Crown"],"picked":"Orrery"}],"items_purged_floors":[20,27],"is_endless":false,"potions_floor_spawned":[2,3,4,6,23,28],"killed_by":"Gremlin Leader","ascension_level":4}