{"gold_per_floor":[115,134,234,155,208,237,237,237,237,195,206,221,247,160,160,260,260,270,195,169,84,84,114,114,132,132,132,132,151,179,197,197,197],"floor_reached":33,"playtime":1436,"items_purged":["Strike_G"],"score":293,"play_id":"0a0592a1-03b6-44dc-816f-acbddfaa1ee2","local_time":"20190127031145","is_ascension_mode":false,"campfire_choices":[{"floor":15,"key":"REST"},{"floor":24,"key":"REST"},{"floor":28,"key":"REST"},{"floor":32,"key":"REST"}],"neow_cost":"NONE","seed_source_timestamp":37855292115999,"circlet_count":0,"master_deck":["Defend_G","Defend_G","Defend_G","Defend_G","Strike_G","Survivor","Neutralize","Poisoned Stab+1","Infinite Blades","Blur","Noxious Fumes","Bouncing Flask","Bandage Up","After Image","Distraction+1","Dagger Spray+1","Slice+1","Deadly Poison","Poisoned Stab"],"relics":["Ring of the Snake","Pen Nib","Bronze Scales","Incense Burner","Astrolabe","Mercury Hourglass","Gremlin Horn","Matryoshka","Potion Belt"],"potions_floor_usage":[0,6,13,30,30],"damage_taken":[{"damage":7,"enemies":"Jaw Worm","floor":1,"turns":7},{"damage":6,"enemies":"Cultist","floor":2,"turns":4},{"damage":24,"enemies":"3 Sentries","floor":6,"turns":8},{"damage":0,"enemies":"Small Slimes","floor":11,"turns":3},{"damage":11,"enemies":"3 Louse","floor":12,"turns":3},{"damage":3,"enemies":"Lagavulin","floor":13,"turns":5},{"damage":22,"enemies":"The Guardian","floor":16,"turns":8},{"damage":9,"enemies":"3 Byrds","floor":18,"turns":4},{"damage":20,"enemies":"2 Thieves","floor":20,"turns":5},{"damage":24,"enemies":"Gremlin Leader","floor":23,"turns":5},{"damage":42,"enemies":"Cultist and Chosen","floor":25,"turns":5},{"damage":15,"enemies":"Snake Plant","floor":29,"turns":3},{"damage":20,"enemies":"Book of Stabbing","floor":30,"turns":5},{"damage":15,"enemies":"3 Cultists","floor":31,"turns":4},{"damage":42,"enemies":"Automaton","floor":33,"turns":6}],"seed_played":"6323244882655559442","potions_obtained":[{"floor":0,"key":"Fruit Juice"},{"floor":0,"key":"Strength Potion"},{"floor":0,"key":"Block Potion"},{"floor":1,"key":"FairyPotion"},{"floor":6,"key":"Poison Potion"},{"floor":16,"key":"FearPotion"}],"is_trial":false,"path_per_floor":["M","M","?","$","T","E","?","?","T","?","M","M","E","$","R","B",null,"M","$","M","?","?","E","R","M","T","?","R","M","E","M","R","B"],"character_chosen":"THE_SILENT","items_purchased":["Infinite Blades","Bandage Up"],"campfire_rested":4,"item_purchase_floors":[4,14],"current_hp_per_floor":[68,62,62,62,62,38,31,31,31,31,31,20,17,17,39,21,75,66,66,50,50,50,30,52,14,14,14,36,25,9,7,29,0],"gold":197,"neow_bonus":"THREE_SMALL_POTIONS","is_prod":false,"is_daily":false,"chose_seed":false,"campfire_upgraded":0,"win_rate":0,"timestamp":1548576705,"path_taken":["M","M","?","$","?","E","?","?","T","?","M","M","E","$","R","BOSS","M","$","M","?","?","E","R","M","T","?","R","M","E","M","R","BOSS"],"build_version":"2019-01-23","purchased_purges":1,"victory":false,"max_hp_per_floor":[75,75,75,75,75,75,75,75,75,75,75,75,75,75,75,75,75,75,75,75,75,75,75,75,75,75,75,75,75,75,75,75,75],"card_choices":[{"not_picked":["Outmaneuver","Underhanded Strike","Predator"],"picked":"SKIP","floor":1},{"not_picked":["PiercingWail","Dodge and Roll"],"picked":"Poisoned Stab","floor":2},{"not_picked":["Backflip","PiercingWail"],"picked":"Blur","floor":6},{"not_picked":["Cloak And Dagger","Masterful Stab"],"picked":"Noxious Fumes","floor":11},{"not_picked":["Distraction","Prepared","Eviscerate"],"picked":"SKIP","floor":12},{"not_picked":["Underhanded Strike","Burst"],"picked":"Bouncing Flask","floor":13},{"not_picked":["Glass Knife","Envenom"],"picked":"After Image","floor":16},{"not_picked":["Choke","Flying Knee"],"picked":"Deadly Poison","floor":18},{"not_picked":["Expertise","Acrobatics+1","Slice"],"picked":"SKIP","floor":20},{"not_picked":["Backflip+1","PiercingWail","Acrobatics+1"],"picked":"SKIP","floor":23},{"not_picked":["Deflect","Sucker Punch+1","Leg Sweep"],"picked":"SKIP","floor":25},{"not_picked":["Dagger Spray","Unload","Outmaneuver+1"],"picked":"SKIP","floor":29},{"not_picked":["Footwork","PiercingWail"],"picked":"Poisoned Stab","floor":30},{"not_picked":["Backflip","Cloak And Dagger","Infinite Blades+1"],"picked":"SKIP","floor":31}],"player_experience":120000,"relics_obtained":[{"floor":5,"key":"Pen Nib"},{"floor":6,"key":"Bronze Scales"},{"floor":13,"key":"Incense Burner"},{"floor":23,"key":"Gremlin Horn"},{"floor":26,"key":"Matryoshka"},{"floor":30,"key":"Potion Belt"}],"event_choices":[{"damage_healed":0,"gold_gain":100,"player_choice":"Pray","damage_taken":0,"max_hp_gain":0,"max_hp_loss":0,"event_name":"Golden Shrine","floor":3,"gold_loss":0},{"cards_removed":["Strike_G"],"damage_healed":0,"gold_gain":0,"player_choice":"Card Removal","damage_taken":7,"max_hp_gain":0,"max_hp_loss":0,"event_name":"Golden Wing","floor":7,"gold_loss":0},{"damage_healed":0,"gold_gain":0,"player_choice":"Grow","damage_taken":0,"max_hp_gain":0,"max_hp_loss":0,"event_name":"Living Wall","floor":8,"gold_loss":0,"cards_upgraded":["Poisoned Stab"]},{"damage_healed":0,"gold_gain":0,"player_choice":"Left Gold","damage_taken":0,"max_hp_gain":0,"max_hp_loss":0,"event_name":"World of Goop","floor":10,"gold_loss":42},{"damage_healed":0,"gold_gain":0,"player_choice":"Obtained Relic","damage_taken":0,"relics_obtained":["Mercury Hourglass"],"max_hp_gain":0,"max_hp_loss":0,"event_name":"Addict","floor":21,"gold_loss":85},{"damage_healed":0,"gold_gain":0,"player_choice":"Ignored","damage_taken":0,"max_hp_gain":0,"max_hp_loss":0,"event_name":"Beggar","floor":22,"gold_loss":0},{"damage_healed":0,"gold_gain":0,"player_choice":"Ignored","damage_taken":0,"max_hp_gain":0,"max_hp_loss":0,"event_name":"Ghosts","floor":27,"gold_loss":0}],"is_beta":false,"boss_relics":[{"not_picked":["Velvet Choker","Snecko Eye"],"picked":"Astrolabe"}],"items_purged_floors":[19],"is_endless":false,"potions_floor_spawned":[1,6,11,16,20,23,25,29],"killed_by":"Automaton","ascension_level":0}