{"gold_per_floor":[110,110,130,142,217,217,248,248,274,274,274],"floor_reached":11,"playtime":405,"items_purged":[],"score":142,"play_id":"f95e64c4-166a-4d66-bb6a-759f2f57ed95","local_time":"20190127172415","is_ascension_mode":true,"campfire_choices":[{"floor":6,"key":"REST"},{"floor":8,"key":"REST"},{"floor":10,"key":"REST"}],"neow_cost":"NONE","seed_source_timestamp":174819886014700,"circlet_count":0,"master_deck":["AscendersBane","Defend_G","Defend_G","Defend_G","Defend_G","Defend_G","Strike_G","Strike_G","Strike_G","Strike_G","Survivor","Neutralize","PiercingWail","Poisoned Stab","Flechettes","Flying Knee"],"relics":["Fusion Hammer","Ancient Tea Set","Omamori"],"potions_floor_usage":[7],"damage_taken":[{"damage":2,"enemies":"2 Louse","floor":1,"turns":3},{"damage":7,"enemies":"Jaw Worm","floor":3,"turns":6},{"damage":2,"enemies":"Small Slimes","floor":4,"turns":4},{"damage":37,"enemies":"Gremlin Nob","floor":7,"turns":5},{"damage":50,"enemies":"3 Sentries","floor":11,"turns":13}],"seed_played":"1463246922114884348","potions_obtained":[{"floor":1,"key":"Dexterity Potion"},{"floor":3,"key":"FearPotion"}],"is_trial":false,"path_per_floor":["M","?","M","M","?","R","E","R","T","R","E"],"character_chosen":"THE_SILENT","items_purchased":[],"campfire_rested":3,"item_purchase_floors":[],"current_hp_per_floor":[57,50,43,41,30,49,12,31,31,50,0],"gold":274,"neow_bonus":"BOSS_RELIC","is_prod":false,"is_daily":false,"chose_seed":false,"campfire_upgraded":0,"win_rate":0,"timestamp":1548627855,"path_taken":["M","?","M","M","?","R","E","R","T","R","E"],"build_version":"2019-01-23","purchased_purges":0,"victory":false,"max_hp_per_floor":[66,66,66,66,66,66,66,66,66,66,66],"card_choices":[{"not_picked":["Eviscerate","Heel Hook"],"picked":"PiercingWail","floor":1},{"not_picked":["Acrobatics","Distraction"],"picked":"Poisoned Stab","floor":3},{"not_picked":["Dodge and Roll","Outmaneuver"],"picked":"Flechettes","floor":4},{"not_picked":["Venomology","Blade Dance"],"picked":"Flying Knee","floor":7}],"player_experience":1952788,"relics_obtained":[{"floor":7,"key":"Ancient Tea Set"},{"floor":9,"key":"Omamori"}],"event_choices":[{"cards_removed":["Strike_G"],"damage_healed":0,"gold_gain":0,"player_choice":"Card Removal","damage_taken":7,"max_hp_gain":0,"max_hp_loss":0,"event_name":"Golden Wing","floor":2,"gold_loss":0},{"damage_healed":0,"gold_gain":75,"player_choice":"Gather Gold","damage_taken":11,"max_hp_gain":0,"max_hp_loss":0,"event_name":"World of Goop","floor":5,"gold_loss":0}],"is_beta":true,"boss_relics":[],"items_purged_floors":[],"is_endless":false,"potions_floor_spawned":[1,3,4],"killed_by":"3 Sentries","ascension_level":20}