{"gold_per_floor":[110,127,144,60,78,78,96,129,129,148,178,178,178,209,209,284,284,224,36,36,36,36,36,36,36,36,36,36,36,36,36,36,36,36,36,36,36,36,36,36,36,36,36,36,36,36,36,36,36,36,36],"floor_reached":52,"playtime":3935,"items_purged":["Strike_G"],"score":2034,"play_id":"4b900589-185b-441c-8fbe-c9ea62f170d2","local_time":"20181104012419","is_ascension_mode":true,"campfire_choices":[{"data":"Backstab","floor":6,"key":"SMITH"},{"data":"Neutralize","floor":13,"key":"SMITH"},{"data":"Strike_G","floor":15,"key":"PURGE"},{"data":"Well Laid Plans","floor":23,"key":"SMITH"},{"data":"Defend_G","floor":25,"key":"PURGE"},{"floor":27,"key":"REST"},{"floor":32,"key":"REST"},{"floor":41,"key":"REST"},{"data":"Wraith Form v2","floor":46,"key":"SMITH"},{"floor":49,"key":"REST"}],"neow_cost":"NONE","seed_source_timestamp":193962868034100,"circlet_count":0,"master_deck":["AscendersBane","Defend_G","Defend_G","Defend_G","Survivor","Neutralize+1","Night Terror+1","Corpse Explosion+1","Blur","Cloak And Dagger","Well Laid Plans+1","Sucker Punch","Backstab+1","Predator","Dagger Throw","Escape Plan","Deadly Poison+1","After Image","Phantasmal Killer+1","Dodge and Roll+1","PiercingWail+1","Backflip+1","Dodge and Roll+1","Acrobatics+1","Leg Sweep+1","Bouncing Flask+1","Wraith Form v2+1","Adrenaline+1","Cloak And Dagger+1","PiercingWail+1","Dash+1","Backflip+1"],"relics":["Astrolabe","Ornamental Fan","Mango","Toxic Egg 2","Peace Pipe","Ectoplasm","Torii","Blood Vial","Du-Vu Doll","Snecko Eye","Gremlin Horn","Ginger"],"potions_floor_usage":[11,14,18,29,31,50,51],"damage_taken":[{"damage":4,"enemies":"2 Louse","floor":1,"turns":3},{"damage":0,"enemies":"Cultist","floor":2,"turns":4},{"damage":2,"enemies":"Jaw Worm","floor":3,"turns":4},{"damage":4,"enemies":"Red Slaver","floor":5,"turns":3},{"damage":4,"enemies":"Blue Slaver","floor":7,"turns":4},{"damage":5,"enemies":"3 Sentries","floor":8,"turns":6},{"damage":7,"enemies":"Exordium Wildlife","floor":10,"turns":2},{"damage":0,"enemies":"Gremlin Nob","floor":11,"turns":3},{"damage":0,"enemies":"3 Sentries","floor":14,"turns":2},{"damage":16,"enemies":"The Guardian","floor":16,"turns":10},{"damage":0,"enemies":"2 Thieves","floor":18,"turns":3},{"damage":0,"enemies":"3 Byrds","floor":22,"turns":4},{"damage":8,"enemies":"Centurion and Healer","floor":24,"turns":5},{"damage":22,"enemies":"Slavers","floor":28,"turns":3},{"damage":14,"enemies":"Chosen and Byrds","floor":29,"turns":9},{"damage":12,"enemies":"Book of Stabbing","floor":31,"turns":5},{"damage":41,"enemies":"Collector","floor":33,"turns":13},{"damage":25,"enemies":"3 Darklings","floor":35,"turns":4},{"damage":11,"enemies":"Orb Walker","floor":37,"turns":3},{"damage":3,"enemies":"Writhing Mass","floor":39,"turns":7},{"damage":27,"enemies":"Nemesis","floor":40,"turns":11},{"damage":1,"enemies":"Spire Growth","floor":44,"turns":5},{"damage":0,"enemies":"4 Shapes","floor":45,"turns":4},{"damage":29,"enemies":"Writhing Mass","floor":48,"turns":7},{"damage":0,"enemies":"Donu and Deca","floor":50,"turns":12},{"damage":44,"enemies":"Awakened One","floor":51,"turns":23}],"seed_played":"8569714840243841702","potions_obtained":[{"floor":1,"key":"AttackPotion"},{"floor":14,"key":"Regen Potion"},{"floor":16,"key":"Block Potion"},{"floor":28,"key":"FearPotion"},{"floor":31,"key":"Swift Potion"},{"floor":33,"key":"Dexterity Potion"}],"is_trial":false,"path_per_floor":["M","M","M","$","M","R","M","E","T","M","E","?","R","E","R","B",null,"M","$","?","?","M","R","M","R","T","R","E","M","$","E","R","B",null,"M","?","M","?","M","E","R","?","T","M","M","R","?","M","R","B","B",null],"character_chosen":"THE_SILENT","items_purchased":["Sucker Punch","Explosive Potion","Dodge and Roll+1","PiercingWail+1"],"campfire_rested":4,"item_purchase_floors":[4,4,19,19],"current_hp_per_floor":[55,55,53,53,49,49,45,40,54,47,47,47,47,47,47,31,68,68,68,68,68,68,68,60,60,60,80,58,61,61,51,75,36,69,46,46,37,37,36,11,35,66,66,65,66,66,61,34,53,55,13],"gold":36,"neow_bonus":"BOSS_RELIC","is_prod":false,"is_daily":false,"chose_seed":false,"campfire_upgraded":4,"win_rate":0,"timestamp":1541309059,"path_taken":["M","M","M","$","M","R","M","E","T","M","E","?","R","E","R","BOSS","M","$","?","?","M","R","?","R","T","R","E","M","$","E","R","BOSS","M","?","?","?","M","E","R","?","T","M","M","R","?","M","R","BOSS","BOSS"],"build_version":"2018-11-01","purchased_purges":1,"victory":true,"max_hp_per_floor":[66,66,66,66,66,66,66,66,80,80,80,80,80,80,80,80,80,80,80,80,80,80,80,80,80,80,80,80,80,80,80,80,80,80,80,80,80,80,80,80,80,66,66,66,66,66,66,66,66,66,66],"card_choices":[{"not_picked":["Underhanded Strike","Slice"],"picked":"Blur","floor":1},{"not_picked":["Outmaneuver","Masterful Stab"],"picked":"Cloak And Dagger","floor":2},{"not_picked":["Dagger Spray","Poisoned Stab"],"picked":"Well Laid Plans","floor":3},{"not_picked":["Noxious Fumes","PiercingWail"],"picked":"Backstab","floor":5},{"not_picked":["Prepared","Flying Knee"],"picked":"Predator","floor":7},{"not_picked":["Eviscerate","Dagger Throw","Choke"],"picked":"SKIP","floor":8},{"not_picked":["Eviscerate","Choke"],"picked":"Dagger Throw","floor":8},{"not_picked":["All Out Attack","Deadly Poison"],"picked":"Escape Plan","floor":10},{"not_picked":["Flechettes","Slice","Flying Knee"],"picked":"SKIP","floor":11},{"not_picked":["Well Laid Plans","Flechettes"],"picked":"After Image","floor":14},{"not_picked":["Envenom","Unload"],"picked":"Phantasmal Killer+1","floor":16},{"not_picked":["Flying Knee","Riddle With Holes","Bane"],"picked":"SKIP","floor":18},{"not_picked":["Caltrops","Masterful Stab"],"picked":"Backflip+1","floor":22},{"not_picked":["Sucker Punch","Well Laid Plans"],"picked":"Dodge and Roll+1","floor":24},{"not_picked":["Grand Finale","Backstab"],"picked":"Acrobatics+1","floor":28},{"not_picked":["Dagger Spray","Underhanded Strike"],"picked":"Leg Sweep+1","floor":29},{"not_picked":["Bane","Blade Dance+1"],"picked":"Bouncing Flask+1","floor":31},{"not_picked":["Storm of Steel+1","Die Die Die"],"picked":"Wraith Form v2","floor":33},{"not_picked":["Outmaneuver+1","Prepared+1","Reflex+1"],"picked":"SKIP","floor":35},{"not_picked":["Prepared+1","Bane"],"picked":"Cloak And Dagger+1","floor":37},{"not_picked":["Deadly Poison+1","Quick Slash"],"picked":"PiercingWail+1","floor":39},{"not_picked":["Dagger Spray","Blur+1"],"picked":"Dash+1","floor":40},{"not_picked":["Dagger Spray+1","Endless Agony","Calculated Gamble+1"],"picked":"SKIP","floor":44},{"not_picked":["Slice","Bane","Poisoned Stab+1"],"picked":"SKIP","floor":45},{"not_picked":["Dagger Spray+1","Quick Slash"],"picked":"Backflip+1","floor":48}],"player_experience":1620875,"relics_obtained":[{"floor":8,"key":"Ornamental Fan"},{"floor":9,"key":"Mango"},{"floor":11,"key":"Toxic Egg 2"},{"floor":14,"key":"Peace Pipe"},{"floor":26,"key":"Torii"},{"floor":28,"key":"Blood Vial"},{"floor":31,"key":"Du-Vu Doll"},{"floor":40,"key":"Gremlin Horn"},{"floor":43,"key":"Ginger"}],"event_choices":[{"damage_healed":0,"gold_gain":0,"player_choice":"1 cards matched","damage_taken":0,"max_hp_gain":0,"max_hp_loss":0,"event_name":"Match and Keep!","floor":12,"gold_loss":0,"cards_obtained":["Deadly Poison"]},{"damage_healed":0,"gold_gain":0,"player_choice":"Ignored","damage_taken":0,"max_hp_gain":0,"max_hp_loss":0,"event_name":"Vampires","floor":20,"gold_loss":0},{"cards_removed":["Defend_G"],"damage_healed":0,"gold_gain":0,"player_choice":"Purged","damage_taken":0,"max_hp_gain":0,"max_hp_loss":0,"event_name":"Purifier","floor":21,"gold_loss":0},{"damage_healed":0,"gold_gain":0,"cards_transformed":["Endless Agony"],"player_choice":"Transformed","damage_taken":0,"max_hp_gain":0,"max_hp_loss":0,"event_name":"Transmorgrifier","floor":36,"gold_loss":0,"cards_obtained":["Adrenaline"]},{"damage_healed":0,"gold_gain":0,"player_choice":"Ignored","damage_taken":0,"max_hp_gain":0,"max_hp_loss":0,"event_name":"Mysterious Sphere","floor":38,"gold_loss":0},{"damage_healed":66,"gold_gain":0,"player_choice":"Heal","damage_taken":0,"max_hp_gain":0,"max_hp_loss":14,"event_name":"The Moai Head","floor":42,"gold_loss":0},{"damage_healed":0,"gold_gain":0,"player_choice":"Memory 2","damage_taken":5,"max_hp_gain":0,"max_hp_loss":0,"event_name":"SensoryStone","floor":47,"gold_loss":0}],"is_beta":true,"boss_relics":[{"not_picked":["Runic Pyramid","Velvet Choker"],"picked":"Ectoplasm"},{"not_picked":["Calling Bell","Empty Cage"],"picked":"Snecko Eye"}],"items_purged_floors":[19],"is_endless":false,"potions_floor_spawned":[1,5,14,16,28,31,33,37,39,44,48],"ascension_level":20}