{"gold_per_floor":[115,134,134,152,168,196,196,196,196,196,223,239,270,283,283,387,387,407,407,423,423,436,465,465,797,797,797,827,827,827,837,837,938,938,949,949,949,343,343,343,371,371,371,399,453,465,52,84,84,84],"floor_reached":50,"playtime":4145,"items_purged":["Writhe","Prepared"],"score":814,"play_id":"28294882-0781-4598-9380-4e71f73b0d7b","local_time":"20190102124646","is_ascension_mode":true,"campfire_choices":[{"floor":8,"key":"REST"},{"data":"Infinite Blades","floor":10,"key":"SMITH"},{"floor":15,"key":"REST"},{"floor":24,"key":"REST"},{"data":"Choke","floor":27,"key":"SMITH"},{"data":"Caltrops","floor":30,"key":"SMITH"},{"floor":32,"key":"REST"},{"floor":40,"key":"REST"},{"floor":42,"key":"REST"},{"floor":49,"key":"REST"}],"neow_cost":"NONE","seed_source_timestamp":654838898564606,"circlet_count":0,"master_deck":["Defend_G","Defend_G","Defend_G","Defend_G","Strike_G","Strike_G","Strike_G","Strike_G","Strike_G","Survivor","Neutralize","Choke+1","Finisher","Blade Dance","Infinite Blades+1","Blade Dance+1","Cloak And Dagger+1","Acrobatics+1","Blade Dance+1","Dagger Spray+1","Caltrops+1","Backflip+1","Caltrops+1","Prepared+1","Blur+1","Venomology+1","All Out Attack+1","PanicButton+1","Blind+1","Finesse+1","Madness+1","Backstab","Madness+1","Madness+1","Underhanded Strike","Flechettes+1","Backflip+1","Finisher","Infinite Blades","Blade Dance+1"],"relics":["Ring of the Snake","Strawberry","Bronze Scales","Happy Flower","Pen Nib","Toxic Egg 2","Lantern","Runic Dome","Paper Crane","Mummified Hand","Old Coin","Snake Skull","Dream Catcher","Smiling Mask","Fusion Hammer","Singing Bowl","Oddly Smooth Stone","Pantograph","Shuriken","Boot","Du-Vu Doll","Ornamental Fan","Anchor"],"potions_floor_usage":[6,13,22,23,25,25,33,33,33,41,41,44,48,50,50],"damage_taken":[{"damage":4,"enemies":"Cultist","floor":1,"turns":5},{"damage":2,"enemies":"2 Louse","floor":2,"turns":3},{"damage":0,"enemies":"Small Slimes","floor":4,"turns":2},{"damage":8,"enemies":"2 Fungi Beasts","floor":5,"turns":4},{"damage":33,"enemies":"3 Sentries","floor":6,"turns":7},{"damage":5,"enemies":"Gremlin Nob","floor":11,"turns":3},{"damage":3,"enemies":"Large Slime","floor":12,"turns":3},{"damage":2,"enemies":"3 Sentries","floor":13,"turns":4},{"damage":12,"enemies":"Blue Slaver","floor":14,"turns":3},{"damage":0,"enemies":"Slime Boss","floor":16,"turns":5},{"damage":7,"enemies":"Shell Parasite","floor":18,"turns":2},{"damage":2,"enemies":"Spheric Guardian","floor":20,"turns":3},{"damage":7,"enemies":"Snecko","floor":22,"turns":3},{"damage":23,"enemies":"Gremlin Leader","floor":23,"turns":4},{"damage":0,"enemies":"Book of Stabbing","floor":25,"turns":2},{"damage":3,"enemies":"Gremlin Leader","floor":28,"turns":4},{"damage":11,"enemies":"Shelled Parasite and Fungi","floor":31,"turns":3},{"damage":71,"enemies":"Automaton","floor":33,"turns":9},{"damage":6,"enemies":"Orb Walker","floor":35,"turns":3},{"damage":28,"enemies":"Giant Head","floor":41,"turns":6},{"damage":9,"enemies":"Nemesis","floor":44,"turns":5},{"damage":13,"enemies":"2 Orb Walkers","floor":45,"turns":3},{"damage":0,"enemies":"3 Shapes","floor":46,"turns":2},{"damage":0,"enemies":"Giant Head","floor":48,"turns":5},{"damage":89,"enemies":"Time Eater","floor":50,"turns":7}],"seed_played":"-7985341628703214788","potions_obtained":[{"floor":4,"key":"EssenceOfSteel"},{"floor":6,"key":"Block Potion"},{"floor":11,"key":"Weak Potion"},{"floor":16,"key":"Fire Potion"},{"floor":31,"key":"LiquidBronze"},{"floor":41,"key":"SmokeBomb"},{"floor":44,"key":"Swift Potion"}],"is_trial":false,"path_per_floor":["M","M","?","M","M","E","T","R","T","R","E","M","E","M","R","B",null,"M","?","M","?","M","E","R","E","T","R","E","?","R","M","R","B",null,"M","?","?","$","?","R","E","R","T","E","?","M","$","E","R","B"],"character_chosen":"THE_SILENT","items_purchased":["Madness+1","Singing Bowl","Oddly Smooth Stone","Backstab","Ornamental Fan","Infinite Blades","EssenceOfSteel"],"campfire_rested":7,"item_purchase_floors":[38,38,38,38,47,47,47],"current_hp_per_floor":[73,71,71,71,63,30,30,53,53,53,48,45,43,31,54,54,77,70,70,68,77,70,47,70,70,70,70,67,67,67,56,77,6,77,71,61,61,61,51,74,46,69,69,60,49,51,51,51,77,0],"gold":84,"neow_bonus":"RANDOM_COMMON_RELIC","is_prod":false,"is_daily":false,"chose_seed":false,"campfire_upgraded":3,"win_rate":0,"timestamp":1546451206,"path_taken":["M","M","?","?","M","E","?","R","T","R","E","M","E","?","R","BOSS","M","?","?","?","?","E","R","E","T","R","E","?","R","M","R","BOSS","M","?","?","$","?","R","E","R","T","E","?","?","$","E","R","BOSS"],"build_version":"2018-12-20","purchased_purges":2,"victory":false,"max_hp_per_floor":[77,77,77,77,77,77,77,77,77,77,77,77,77,77,77,77,77,77,77,77,77,77,77,77,77,77,77,77,77,77,77,77,77,77,77,77,77,77,77,77,77,77,77,77,79,81,81,81,83,83],"card_choices":[{"not_picked":["Underhanded Strike","Backflip"],"picked":"Choke","floor":1},{"not_picked":["Acrobatics","PiercingWail"],"picked":"Finisher","floor":2},{"not_picked":["Acrobatics","Slice"],"picked":"Blade Dance","floor":4},{"not_picked":["Noxious Fumes","Underhanded Strike"],"picked":"Infinite Blades","floor":5},{"not_picked":["Sucker Punch","Malaise"],"picked":"Prepared","floor":6},{"not_picked":["Dodge and Roll","PiercingWail"],"picked":"Skewer","floor":11},{"not_picked":["Distraction+1","Acrobatics+1"],"picked":"Blade Dance+1","floor":12},{"not_picked":["Blade Dance+1","Slice"],"picked":"Cloak And Dagger+1","floor":13},{"not_picked":["Slice","Terror+1"],"picked":"Acrobatics+1","floor":14},{"not_picked":["Malaise+1","Glass Knife"],"picked":"Venomology+1","floor":16},{"not_picked":["Acrobatics+1","Concentrate+1"],"picked":"Blade Dance+1","floor":18},{"not_picked":["Dash","Sucker Punch+1"],"picked":"Dagger Spray+1","floor":20},{"not_picked":["Dagger Throw","Poisoned Stab"],"picked":"Caltrops+1","floor":22},{"not_picked":["Setup+1","Deflect+1"],"picked":"Backflip+1","floor":23},{"not_picked":["Predator","Sucker Punch+1","Deadly Poison+1"],"picked":"SKIP","floor":25},{"not_picked":["Blade Dance+1","Backflip+1"],"picked":"Caltrops","floor":28},{"not_picked":["Poisoned Stab","All Out Attack"],"picked":"Prepared+1","floor":31},{"not_picked":["Expertise+1","Riddle With Holes"],"picked":"Blur+1","floor":32},{"not_picked":["Doppelganger+1","Malaise+1"],"picked":"Venomology+1","floor":33},{"not_picked":["Bane","Outmaneuver+1"],"picked":"All Out Attack+1","floor":35},{"not_picked":["Violence+1","Forethought+1"],"picked":"PanicButton+1","floor":36},{"not_picked":["Thinking Ahead+1","Mind Blast"],"picked":"Blind+1","floor":36},{"not_picked":["Swift Strike","Jack Of All Trades+1"],"picked":"Finesse+1","floor":36},{"not_picked":["Deflect+1","Expertise+1"],"picked":"Underhanded Strike","floor":40},{"not_picked":["Bullet Time+1","Noxious Fumes"],"picked":"Flechettes+1","floor":41},{"not_picked":["Prepared+1","Sucker Punch+1"],"picked":"Backflip+1","floor":42},{"not_picked":["Prepared+1","Dagger Spray+1"],"picked":"Finisher","floor":44},{"not_picked":["Slice+1","Deadly Poison+1","Well Laid Plans"],"picked":"Singing Bowl","floor":45},{"not_picked":["Sucker Punch+1","Slice","Quick Slash"],"picked":"Singing Bowl","floor":46},{"not_picked":["All Out Attack","Sucker Punch"],"picked":"Blade Dance+1","floor":48},{"not_picked":["Dodge and Roll+1","Masterful Stab","Dagger Spray"],"picked":"Singing Bowl","floor":49}],"player_experience":112194,"relics_obtained":[{"floor":6,"key":"Bronze Scales"},{"floor":7,"key":"Happy Flower"},{"floor":9,"key":"Pen Nib"},{"floor":11,"key":"Toxic Egg 2"},{"floor":13,"key":"Lantern"},{"floor":19,"key":"Paper Crane"},{"floor":23,"key":"Mummified Hand"},{"floor":25,"key":"Old Coin"},{"floor":26,"key":"Snake Skull"},{"floor":28,"key":"Dream Catcher"},{"floor":41,"key":"Pantograph"},{"floor":43,"key":"Shuriken"},{"floor":44,"key":"Boot"},{"floor":45,"key":"Du-Vu Doll"},{"floor":48,"key":"Anchor"}],"event_choices":[{"cards_removed":["Defend_G"],"damage_healed":0,"gold_gain":0,"player_choice":"Purged","damage_taken":0,"max_hp_gain":0,"max_hp_loss":0,"event_name":"Purifier","floor":3,"gold_loss":0},{"damage_healed":0,"gold_gain":0,"player_choice":"Relic","damage_taken":0,"max_hp_gain":0,"max_hp_loss":0,"event_name":"Wheel of Change","floor":19,"gold_loss":0},{"cards_removed":["Skewer"],"damage_healed":9,"gold_gain":0,"player_choice":"Offered Uncommon","damage_taken":0,"max_hp_gain":0,"max_hp_loss":0,"event_name":"Bonfire Elementals","floor":21,"gold_loss":0},{"damage_healed":0,"gold_gain":0,"player_choice":"Opened","damage_taken":0,"relics_obtained":["Smiling Mask"],"max_hp_gain":0,"max_hp_loss":0,"event_name":"The Mausoleum","floor":29,"gold_loss":0,"cards_obtained":["Writhe"]},{"damage_healed":0,"gold_gain":0,"player_choice":"Memory 3","damage_taken":10,"max_hp_gain":0,"max_hp_loss":0,"event_name":"SensoryStone","floor":36,"gold_loss":0},{"cards_removed":["Venomology"],"damage_healed":0,"gold_gain":0,"player_choice":"Removed Skill","damage_taken":0,"max_hp_gain":0,"max_hp_loss":0,"event_name":"Falling","floor":37,"gold_loss":0},{"damage_healed":0,"gold_gain":0,"player_choice":"Embrace Madness","damage_taken":10,"max_hp_gain":0,"max_hp_loss":0,"event_name":"Winding Halls","floor":39,"gold_loss":0,"cards_obtained":["Madness","Madness"]},{"damage_healed":0,"gold_gain":0,"player_choice":"Fight","damage_taken":0,"max_hp_gain":0,"max_hp_loss":0,"event_name":"Mysterious Sphere","floor":45,"gold_loss":0}],"is_beta":false,"boss_relics":[{"not_picked":["Coffee Dripper","White Beast Statue"],"picked":"Runic Dome"},{"not_picked":["Cursed Key","Philosopher\u0027s Stone"],"picked":"Fusion Hammer"}],"items_purged_floors":[38,47],"is_endless":false,"potions_floor_spawned":[4,6,11,16,23,31,33,41,44,48],"killed_by":"Time Eater","ascension_level":1}