{"gold_per_floor":[364,142,154,184,212,224,252,299,311,357,369,381],"floor_reached":12,"playtime":700,"items_purged":["Strike_B"],"score":110,"play_id":"bdfc1610-0c49-433b-98a1-a6405ebec346","local_time":"20181204213114","is_ascension_mode":true,"campfire_choices":[{"data":"Creative AI","floor":6,"key":"SMITH"},{"floor":11,"key":"REST"}],"neow_cost":"TEN_PERCENT_HP_LOSS","seed_source_timestamp":347314165375768,"circlet_count":0,"master_deck":["Strike_B","Strike_B","Strike_B","Defend_B","Defend_B","Defend_B","Defend_B","Zap","Dualcast","Defragment","Hologram","Self Repair","Blizzard","Creative AI+1","Glacier","FTL"],"relics":["Cracked Core","MawBank","Pen Nib","Anchor","Shuriken"],"potions_floor_usage":[8,10],"damage_taken":[{"damage":5,"enemies":"Small Slimes","floor":1,"turns":3},{"damage":0,"enemies":"Cultist","floor":4,"turns":4},{"damage":8,"enemies":"Jaw Worm","floor":5,"turns":4},{"damage":27,"enemies":"Large Slime","floor":7,"turns":5},{"damage":10,"enemies":"Lagavulin","floor":8,"turns":7},{"damage":35,"enemies":"Gremlin Nob","floor":10,"turns":6},{"damage":0,"enemies":"Gremlin Gang","floor":12,"turns":3}],"seed_played":"6689954240519776950","potions_obtained":[{"floor":4,"key":"Fire Potion"},{"floor":5,"key":"Block Potion"}],"is_trial":false,"path_per_floor":["M","$","?","M","M","R","M","E","T","E","R","M"],"character_chosen":"DEFECT","items_purchased":["MawBank"],"campfire_rested":1,"item_purchase_floors":[2],"current_hp_per_floor":[63,63,63,68,67,67,47,44,44,9,29,29],"gold":381,"neow_bonus":"TWO_FIFTY_GOLD","is_prod":false,"is_daily":false,"chose_seed":false,"campfire_upgraded":1,"win_rate":0,"timestamp":1543977074,"path_taken":["M","$","?","M","M","R","M","E","T","E","R","M"],"build_version":"2018-11-15","purchased_purges":1,"victory":false,"max_hp_per_floor":[68,68,68,68,68,68,68,68,68,68,68,68],"card_choices":[{"not_picked":["Coolheaded","Turbo"],"picked":"Defragment","floor":1},{"not_picked":["Turbo","Ball Lightning"],"picked":"Blizzard","floor":4},{"not_picked":["Doom and Gloom","Sweeping Beam"],"picked":"Creative AI","floor":5},{"not_picked":["Compile Driver","Recycle","Hologram"],"picked":"SKIP","floor":7},{"not_picked":["Compile Driver","Conserve Battery"],"picked":"Glacier","floor":8},{"not_picked":["Hello World","Turbo"],"picked":"FTL","floor":10}],"player_experience":277010,"relics_obtained":[{"floor":8,"key":"Pen Nib"},{"floor":9,"key":"Anchor"},{"floor":10,"key":"Shuriken"}],"event_choices":[{"damage_healed":0,"gold_gain":0,"player_choice":"2 cards matched","damage_taken":0,"max_hp_gain":0,"max_hp_loss":0,"event_name":"Match and Keep!","floor":3,"gold_loss":0,"cards_obtained":["Hologram","Self Repair"]}],"is_beta":false,"boss_relics":[],"items_purged_floors":[2],"is_endless":false,"potions_floor_spawned":[4,5],"killed_by":"Gremlin Gang","ascension_level":5}