{"gold_per_floor":[111,186,199,209,384,419,431,465,547,547,547,547],"floor_reached":12,"playtime":657,"items_purged":[],"score":101,"play_id":"537197a3-e4b2-4e87-9e1d-cb0b6f0b2fc3","local_time":"20190113095603","is_ascension_mode":true,"campfire_choices":[{"floor":10,"key":"REST"}],"neow_cost":"NONE","seed_source_timestamp":388361835109458,"circlet_count":0,"master_deck":["Strike_R","Strike_R","Strike_R","Strike_R","Defend_R","Defend_R","Defend_R","Defend_R","Bash","Wild Strike","Armaments","Infernal Blade","Doubt","Clash","Shrug It Off","Headbutt","Infernal Blade"],"relics":["Burning Blood","Ancient Tea Set","Dream Catcher","Ice Cream","Kunai"],"potions_floor_usage":[6,7,8,8],"damage_taken":[{"damage":8,"enemies":"Jaw Worm","floor":1,"turns":4},{"damage":3,"enemies":"2 Louse","floor":3,"turns":4},{"damage":1,"enemies":"Cultist","floor":4,"turns":3},{"damage":67,"enemies":"Lagavulin","floor":6,"turns":7},{"damage":7,"enemies":"Lots of Slimes","floor":7,"turns":4},{"damage":8,"enemies":"Gremlin Nob","floor":8,"turns":3},{"damage":39,"enemies":"Lagavulin","floor":12,"turns":5}],"seed_played":"-426885663148509239","potions_obtained":[{"floor":1,"key":"FearPotion"},{"floor":4,"key":"SkillPotion"},{"floor":6,"key":"SpeedPotion"},{"floor":7,"key":"AttackPotion"}],"is_trial":false,"path_per_floor":["M","?","M","M","?","E","M","E","T","R","?","E"],"character_chosen":"IRONCLAD","items_purchased":[],"campfire_rested":1,"item_purchase_floors":[],"current_hp_per_floor":[78,67,70,75,75,14,13,11,11,35,28,0],"gold":547,"neow_bonus":"RANDOM_COMMON_RELIC","is_prod":false,"is_daily":false,"chose_seed":false,"campfire_upgraded":0,"win_rate":0,"timestamp":1547391363,"path_taken":["M","?","M","M","?","E","M","E","T","R","?","E"],"build_version":"2019-01-10","purchased_purges":0,"victory":false,"max_hp_per_floor":[80,80,80,80,80,80,80,80,80,80,80,80],"card_choices":[{"not_picked":["Sever Soul","Battle Trance"],"picked":"Wild Strike","floor":1},{"not_picked":["Iron Wave","Fire Breathing"],"picked":"Armaments","floor":3},{"not_picked":["Dual Wield","Pummel"],"picked":"Infernal Blade","floor":4},{"not_picked":["Dark Embrace","Fire Breathing"],"picked":"Clash","floor":6},{"not_picked":["Anger","True Grit"],"picked":"Shrug It Off","floor":7},{"not_picked":["Limit Break","Power Through"],"picked":"Headbutt","floor":8},{"not_picked":["Pommel Strike","Warcry"],"picked":"Infernal Blade","floor":10}],"player_experience":202644,"relics_obtained":[{"floor":6,"key":"Dream Catcher"},{"floor":8,"key":"Ice Cream"},{"floor":9,"key":"Kunai"}],"event_choices":[{"damage_healed":0,"gold_gain":75,"player_choice":"Gather Gold","damage_taken":11,"max_hp_gain":0,"max_hp_loss":0,"event_name":"World of Goop","floor":2,"gold_loss":0},{"damage_healed":0,"gold_gain":175,"player_choice":"AGREE","damage_taken":0,"max_hp_gain":0,"max_hp_loss":0,"event_name":"Liars Game","floor":5,"gold_loss":0,"cards_obtained":["Doubt"]},{"cards_removed":["Strike_R"],"damage_healed":0,"gold_gain":0,"player_choice":"Card Removal","damage_taken":7,"max_hp_gain":0,"max_hp_loss":0,"event_name":"Golden Wing","floor":11,"gold_loss":0}],"is_beta":false,"boss_relics":[],"items_purged_floors":[],"is_endless":false,"potions_floor_spawned":[1,4,6,7],"killed_by":"Lagavulin","ascension_level":3}