{"gold_per_floor":[16,32,47,47,59,59,73,73,73,73,73,87,87,103,103,202,202,212,212,137,62,62,81,11,30,30,30,30,49,49,49],"floor_reached":31,"playtime":1205,"items_purged":["Strike_R"],"score":227,"play_id":"799acbb9-e732-468f-afdf-1929f5391af2","local_time":"20190105232240","is_ascension_mode":false,"campfire_choices":[{"data":"Juggernaut","floor":6,"key":"SMITH"},{"floor":8,"key":"REST"},{"data":"Combust","floor":13,"key":"SMITH"},{"floor":15,"key":"REST"},{"data":"Rupture","floor":27,"key":"SMITH"},{"data":"Rampage","floor":30,"key":"SMITH"}],"neow_cost":"NO_GOLD","seed_source_timestamp":417088194865102,"circlet_count":0,"master_deck":["Strike_R+1","Strike_R","Defend_R","Defend_R","Defend_R","Defend_R","Bash","Juggernaut+1","Rampage+1","Rupture+1","Combust+1","Juggernaut","Pain","Rupture+1","Evolve"],"relics":["Burning Blood","Self Forming Clay","Ornamental Fan","Coffee Dripper","WarpedTongs","Paper Frog"],"potions_floor_usage":[],"damage_taken":[{"damage":12,"enemies":"2 Louse","floor":1,"turns":3},{"damage":15,"enemies":"Jaw Worm","floor":2,"turns":4},{"damage":1,"enemies":"Cultist","floor":3,"turns":4},{"damage":17,"enemies":"Exordium Thugs","floor":5,"turns":6},{"damage":12,"enemies":"Blue Slaver","floor":7,"turns":4},{"damage":12,"enemies":"3 Louse","floor":12,"turns":3},{"damage":13,"enemies":"Gremlin Gang","floor":14,"turns":3},{"damage":45,"enemies":"Hexaghost","floor":16,"turns":8},{"damage":7,"enemies":"Chosen","floor":18,"turns":4},{"damage":5,"enemies":"Spheric Guardian","floor":23,"turns":3},{"damage":33,"enemies":"Shelled Parasite and Fungi","floor":25,"turns":5},{"damage":25,"enemies":"3 Cultists","floor":29,"turns":4},{"damage":35,"enemies":"Snake Plant","floor":31,"turns":3}],"seed_played":"4034388677371120402","potions_obtained":[{"floor":1,"key":"EssenceOfSteel"},{"floor":12,"key":"LiquidBronze"},{"floor":16,"key":"Poison Potion"},{"floor":29,"key":"Regen Potion"}],"is_trial":false,"path_per_floor":["M","M","M","?","M","R","M","R","T","?","T","M","R","M","R","B",null,"M","?","$","?","?","M","$","M","T","R","$","M","R","M"],"character_chosen":"IRONCLAD","items_purchased":["Evolve"],"campfire_rested":2,"item_purchase_floors":[24],"current_hp_per_floor":[74,65,70,54,43,43,37,61,61,54,54,48,48,41,65,26,80,79,79,79,79,79,80,80,53,53,53,53,34,34,0],"gold":49,"neow_bonus":"THREE_RARE_CARDS","is_prod":false,"is_daily":false,"chose_seed":false,"campfire_upgraded":4,"win_rate":0.0,"timestamp":1546726960,"path_taken":["M","M","M","?","M","R","M","R","T","?","?","M","R","?","R","BOSS","M","?","$","?","?","M","$","?","T","R","?","M","R","M"],"build_version":"2019-01-03v4","purchased_purges":1,"victory":false,"max_hp_per_floor":[80,80,80,80,80,80,80,80,80,80,80,80,80,80,80,80,80,80,80,80,80,80,80,80,80,80,80,80,80,80,80],"card_choices":[{"not_picked":["Berserk","Fiend Fire"],"picked":"Juggernaut","floor":0},{"not_picked":["Burning Pact","Havoc","Metallicize"],"picked":"SKIP","floor":1},{"not_picked":["Armaments","Clash"],"picked":"Rampage","floor":2},{"not_picked":["Body Slam","Feel No Pain"],"picked":"Rupture","floor":3},{"not_picked":["Pommel Strike","Heavy Blade"],"picked":"Combust","floor":5},{"not_picked":["Cleave","Sever Soul","Uppercut"],"picked":"SKIP","floor":7},{"not_picked":["True Grit","Sentinel","Perfected Strike"],"picked":"SKIP","floor":12},{"not_picked":["Carnage","Searing Blow","Sword Boomerang"],"picked":"SKIP","floor":14},{"not_picked":["Exhume","Double Tap"],"picked":"Juggernaut","floor":16},{"not_picked":["Clash","Metallicize","Flex+1"],"picked":"SKIP","floor":18},{"not_picked":["Clothesline","Uppercut"],"picked":"Rupture","floor":23},{"not_picked":["Dropkick","Warcry+1","Anger"],"picked":"SKIP","floor":25},{"not_picked":["Blood for Blood","Pommel Strike+1","Headbutt"],"picked":"SKIP","floor":29}],"player_experience":98072,"relics_obtained":[{"floor":9,"key":"Self Forming Clay"},{"floor":11,"key":"Ornamental Fan"},{"floor":26,"key":"Paper Frog"}],"event_choices":[{"damage_healed":0,"gold_gain":0,"player_choice":"Entered Light","damage_taken":16,"max_hp_gain":0,"max_hp_loss":0,"event_name":"Shining Light","floor":4,"gold_loss":0,"cards_upgraded":["Rupture","Strike_R"]},{"cards_removed":["Strike_R"],"damage_healed":0,"gold_gain":0,"player_choice":"Card Removal","damage_taken":7,"max_hp_gain":0,"max_hp_loss":0,"event_name":"Golden Wing","floor":10,"gold_loss":0},{"damage_healed":0,"gold_gain":0,"player_choice":"Ignored","damage_taken":0,"max_hp_gain":0,"max_hp_loss":0,"event_name":"Vampires","floor":19,"gold_loss":0},{"cards_removed":["Strike_R"],"damage_healed":0,"gold_gain":0,"player_choice":"Gave Gold","damage_taken":0,"max_hp_gain":0,"max_hp_loss":0,"event_name":"Beggar","floor":21,"gold_loss":75},{"damage_healed":0,"gold_gain":0,"player_choice":"Rummage","damage_taken":0,"relics_obtained":["WarpedTongs"],"max_hp_gain":0,"max_hp_loss":0,"event_name":"Accursed Blacksmith","floor":22,"gold_loss":0,"cards_obtained":["Pain"]}],"is_beta":false,"boss_relics":[{"not_picked":["Runic Cube","Astrolabe"],"picked":"Coffee Dripper"}],"items_purged_floors":[20],"is_endless":false,"potions_floor_spawned":[1,12,16,18,29],"killed_by":"Snake Plant","ascension_level":0}