{"gold_per_floor":[118,173,348,348,366,405,405,405,454,472,491,44,68,102,102,223,223,241,264,280,300,20,58,58,102,127,77,77,101,101,115,115,244,244,267,267,267,63,76,76,111,111,111,150,163,203,203,536,536,536,536,536,40,75,75],"floor_reached":56,"playtime":4427,"items_purged":["Pain","Writhe"],"score":1752,"play_id":"317518d5-d00a-4d60-ab94-fc450274f1b5","local_time":"20190202172307","is_ascension_mode":true,"campfire_choices":[{"data":"Leg Sweep","floor":8,"key":"SMITH"},{"data":"Footwork","floor":15,"key":"SMITH"},{"data":"After Image","floor":24,"key":"SMITH"},{"data":"Well Laid Plans","floor":32,"key":"SMITH"},{"floor":40,"key":"RECALL"},{"data":"A Thousand Cuts","floor":42,"key":"SMITH"},{"data":"Neutralize","floor":47,"key":"SMITH"},{"data":"PiercingWail","floor":49,"key":"SMITH"},{"data":"Dash","floor":52,"key":"SMITH"}],"neow_cost":"NONE","seed_source_timestamp":4262903456826,"circlet_count":0,"master_deck":["Survivor","Neutralize+1","Caltrops","Injury","Terror+1","Leg Sweep+1","Backflip","Backstab","Footwork+1","Dash+1","Footwork","A Thousand Cuts+1","Cloak And Dagger+1","After Image+1","Deflect+1","Dodge and Roll+1","After Image","Acrobatics","Well Laid Plans+1","Calculated Gamble+1","Die Die Die","Reflex","Riddle With Holes","After Image","Outmaneuver","After Image","Infinite Blades","PiercingWail+1","Sucker Punch","Masterful Stab","A Thousand Cuts+1","Wraith Form v2","Shame","Noxious Fumes+1","Blur"],"relics":["Ring of the Snake","NeowsBlessing","Happy Flower","PreservedInsect","Spirit Poop","War Paint","Bird Faced Urn","Meat on the Bone","Cursed Key","Ornamental Fan","Vajra","Mercury Hourglass","Smiling Mask","Juzu Bracelet","Pandora\u0027s Box","Oddly Smooth Stone","Bronze Scales","Incense Burner","FossilizedHelix","Mummified Hand","Paper Crane","Blue Candle"],"potions_floor_usage":[11,11,23,39,46,55],"damage_taken":[{"damage":0,"enemies":"Cultist","floor":1,"turns":1},{"damage":0,"enemies":"Jaw Worm","floor":5,"turns":1},{"damage":0,"enemies":"3 Sentries","floor":6,"turns":2},{"damage":0,"enemies":"Small Slimes","floor":10,"turns":4},{"damage":25,"enemies":"Gremlin Gang","floor":11,"turns":8},{"damage":7,"enemies":"Lots of Slimes","floor":13,"turns":6},{"damage":4,"enemies":"Gremlin Nob","floor":14,"turns":4},{"damage":46,"enemies":"Slime Boss","floor":16,"turns":22},{"damage":7,"enemies":"Shell Parasite","floor":18,"turns":6},{"damage":0,"enemies":"Chosen","floor":19,"turns":7},{"damage":21,"enemies":"Sentry and Sphere","floor":20,"turns":7},{"damage":10,"enemies":"Snake Plant","floor":21,"turns":6},{"damage":4,"enemies":"Slavers","floor":23,"turns":7},{"damage":0,"enemies":"Book of Stabbing","floor":25,"turns":5},{"damage":0,"enemies":"Snecko","floor":29,"turns":7},{"damage":4,"enemies":"Chosen and Byrds","floor":31,"turns":8},{"damage":8,"enemies":"Champ","floor":33,"turns":16},{"damage":4,"enemies":"Orb Walker","floor":35,"turns":4},{"damage":6,"enemies":"3 Darklings","floor":39,"turns":4},{"damage":0,"enemies":"Giant Head","floor":41,"turns":7},{"damage":32,"enemies":"Reptomancer","floor":44,"turns":6},{"damage":5,"enemies":"4 Shapes","floor":45,"turns":5},{"damage":0,"enemies":"Nemesis","floor":46,"turns":5},{"damage":19,"enemies":"Donu and Deca","floor":50,"turns":9},{"damage":38,"enemies":"Shield and Spear","floor":54,"turns":5},{"damage":40,"enemies":"The Heart","floor":55,"turns":9}],"seed_played":"-1009441330051973117","potions_obtained":[{"floor":1,"key":"SpeedPotion"},{"floor":5,"key":"Swift Potion"},{"floor":10,"key":"Regen Potion"},{"floor":20,"key":"Fire Potion"},{"floor":23,"key":"Explosive Potion"},{"floor":25,"key":"SpeedPotion"},{"floor":39,"key":"LiquidBronze"},{"floor":44,"key":"GhostInAJar"},{"floor":46,"key":"Fire Potion"}],"is_trial":false,"path_per_floor":["M","T","?","?","M","E","?","R","T","M","M","$","M","E","R","B",null,"M","M","M","M","$","E","R","E","T","$","?","M","?","M","R","B",null,"M","?","?","$","M","R","E","R","T","E","M","E","R","?","R","B",null,"R","$","E","B",null],"character_chosen":"THE_SILENT","items_purchased":["Footwork","Bird Faced Urn","Dash","Ornamental Fan","All Out Attack","Oddly Smooth Stone","Mummified Hand","Paper Crane"],"campfire_rested":0,"item_purchase_floors":[12,12,12,22,22,38,53,53],"current_hp_per_floor":[63,63,63,63,63,63,63,63,63,63,53,53,50,50,50,22,58,59,65,53,53,53,59,59,70,70,70,70,70,70,66,66,62,68,70,66,66,66,66,66,66,66,66,44,57,66,66,66,66,59,64,64,64,48,44],"gold":75,"neow_bonus":"THREE_ENEMY_KILL","is_prod":false,"is_daily":false,"chose_seed":false,"campfire_upgraded":8,"win_rate":0,"timestamp":1549146187,"path_taken":["M","?","?","?","M","E","?","R","T","M","M","$","?","E","R","BOSS","M","M","M","M","$","E","R","E","T","?","?","?","?","M","R","BOSS","M","?","?","$","M","R","E","R","T","E","M","E","R","?","R","BOSS","R","$","E","BOSS"],"build_version":"2019-01-23","purchased_purges":2,"victory":true,"max_hp_per_floor":[70,70,70,70,70,70,70,70,70,70,70,70,70,70,70,70,70,70,70,70,70,70,70,70,70,70,70,70,70,70,70,70,70,70,70,66,66,66,66,66,66,66,66,66,66,66,66,66,66,66,66,66,66,66,66],"card_choices":[{"not_picked":["Expertise","Setup"],"picked":"Caltrops","floor":1},{"not_picked":["Slice","Backflip"],"picked":"Terror","floor":5},{"not_picked":["Deflect","Skewer"],"picked":"Leg Sweep","floor":6},{"not_picked":["Underhanded Strike","Predator"],"picked":"Backflip","floor":10},{"not_picked":["Dagger Spray","Deadly Poison"],"picked":"Backstab","floor":11},{"not_picked":["Dash","Underhanded Strike","Blade Dance"],"picked":"SKIP","floor":13},{"not_picked":["Infinite Blades","Catalyst"],"picked":"Footwork","floor":14},{"not_picked":["Envenom","Venomology"],"picked":"A Thousand Cuts","floor":16},{"not_picked":["Dodge and Roll","Sucker Punch"],"picked":"Cloak And Dagger+1","floor":18},{"not_picked":["Deflect","Slice+1"],"picked":"After Image","floor":19},{"not_picked":["Escape Plan","Dagger Throw"],"picked":"Deflect+1","floor":20},{"not_picked":["Catalyst+1","Dagger Throw+1"],"picked":"Dodge and Roll+1","floor":21},{"not_picked":["Deflect+1","Dodge and Roll"],"picked":"After Image","floor":23},{"not_picked":["Reflex+1","Caltrops"],"picked":"Acrobatics","floor":25},{"not_picked":["Dagger Spray","Blade Dance"],"picked":"Well Laid Plans","floor":29},{"not_picked":["Masterful Stab","Blade Dance+1"],"picked":"Calculated Gamble+1","floor":31},{"not_picked":["Night Terror","Tools of the Trade"],"picked":"Die Die Die","floor":33},{"not_picked":["Riddle With Holes+1","Prepared","Dagger Throw"],"picked":"SKIP","floor":35},{"not_picked":["Dagger Throw+1","Prepared","Slice+1"],"picked":"SKIP","floor":39},{"not_picked":["Quick Slash","Accuracy+1"],"picked":"Wraith Form v2","floor":41},{"not_picked":["Dagger Spray+1","PiercingWail","Bouncing Flask+1"],"picked":"SKIP","floor":44},{"not_picked":["Cloak And Dagger","Quick Slash+1"],"picked":"Noxious Fumes+1","floor":45},{"not_picked":["Escape Plan","Calculated Gamble+1"],"picked":"Blur","floor":46},{"not_picked":["Reflex+1","Accuracy","Bouncing Flask"],"picked":"SKIP","floor":54}],"player_experience":434663,"relics_obtained":[{"floor":2,"key":"Happy Flower"},{"floor":6,"key":"PreservedInsect"},{"floor":9,"key":"War Paint"},{"floor":14,"key":"Meat on the Bone"},{"floor":23,"key":"Vajra"},{"floor":25,"key":"Mercury Hourglass"},{"floor":26,"key":"Smiling Mask"},{"floor":41,"key":"Bronze Scales"},{"floor":44,"key":"Incense Burner"},{"floor":46,"key":"FossilizedHelix"},{"floor":54,"key":"Blue Candle"}],"event_choices":[{"damage_healed":0,"gold_gain":175,"player_choice":"AGREE","damage_taken":0,"max_hp_gain":0,"max_hp_loss":0,"event_name":"Liars Game","floor":3,"gold_loss":0,"cards_obtained":["Doubt"]},{"damage_healed":0,"gold_gain":0,"player_choice":"Take Wound","damage_taken":0,"relics_obtained":["Golden Idol"],"max_hp_gain":0,"max_hp_loss":0,"event_name":"Golden Idol","floor":4,"gold_loss":0,"cards_obtained":["Injury"]},{"cards_removed":["Doubt"],"damage_healed":0,"gold_gain":0,"player_choice":"Offered Curse","damage_taken":0,"relics_obtained":["Spirit Poop"],"max_hp_gain":0,"max_hp_loss":0,"event_name":"Bonfire Elementals","floor":7,"gold_loss":0},{"damage_healed":0,"gold_gain":0,"player_choice":"Forge","damage_taken":0,"max_hp_gain":0,"max_hp_loss":0,"event_name":"Accursed Blacksmith","floor":28,"gold_loss":0,"cards_upgraded":["A Thousand Cuts"]},{"damage_healed":0,"gold_gain":0,"player_choice":"Opened","damage_taken":0,"relics_obtained":["Juzu Bracelet"],"max_hp_gain":0,"max_hp_loss":0,"event_name":"The Mausoleum","floor":30,"gold_loss":0,"cards_obtained":["Writhe"]},{"damage_healed":0,"gold_gain":0,"player_choice":"Max HP","damage_taken":0,"max_hp_gain":0,"max_hp_loss":4,"event_name":"Winding Halls","floor":36,"gold_loss":0},{"cards_removed":["All Out Attack"],"damage_healed":0,"gold_gain":0,"player_choice":"Removed Attack","damage_taken":0,"max_hp_gain":0,"max_hp_loss":0,"event_name":"Falling","floor":37,"gold_loss":0},{"damage_healed":0,"gold_gain":333,"player_choice":"Gave Idol","damage_taken":0,"max_hp_gain":0,"max_hp_loss":0,"event_name":"The Moai Head","floor":48,"relics_lost":["Golden Idol"],"gold_loss":0}],"is_beta":false,"boss_relics":[{"not_picked":["WristBlade","Lizard Tail"],"picked":"Cursed Key"},{"not_picked":["HoveringKite","Velvet Choker"],"picked":"Pandora\u0027s Box"}],"items_purged_floors":[27,38],"is_endless":false,"potions_floor_spawned":[1,5,10,20,23,25,31,39,41,44,46],"ascension_level":7}