{"gold_per_floor":[215,227,126,137,137,163,163,173,173,185,229,255,282,309,321,438,450,475,487,499,511,523,565,577,618,654,666,298,311,324,342,342,446,446,465,42,56,74,74,74,85,85,85,112,33,49,61,71,71,71,71,71,21,50,50],"floor_reached":55,"playtime":7095,"items_purged":["Well Laid Plans","Strike_G+1"],"score":761,"play_id":"a2fac08a-2495-4d64-a442-65bf90f1a14e","local_time":"20190117222106","is_ascension_mode":true,"campfire_choices":[{"data":"Neutralize","floor":7,"key":"SMITH"},{"data":"Poisoned Stab","floor":10,"key":"SMITH"},{"floor":15,"key":"REST"},{"floor":24,"key":"REST"},{"floor":27,"key":"REST"},{"data":"After Image","floor":32,"key":"SMITH"},{"floor":40,"key":"RECALL"},{"floor":42,"key":"REST"},{"floor":49,"key":"REST"},{"floor":52,"key":"REST"}],"neow_cost":"NONE","seed_source_timestamp":173971581826721,"circlet_count":0,"master_deck":["Defend_G+1","Defend_G+1","Defend_G+1","Defend_G+1","Defend_G+1","Strike_G+1","Strike_G+1","Strike_G+1","Strike_G+1","Survivor","Neutralize+1","Dodge and Roll","Poisoned Stab+1","Dagger Throw","Sucker Punch","Skewer+1","After Image+1","PiercingWail","Cloak And Dagger","Glass Knife+1","Dagger Spray+1","Backflip","Dagger Spray+1","Backstab+1","Footwork+1","Crippling Poison","Noxious Fumes+1","Malaise","Noxious Fumes+1","Catalyst+1","Footwork+1","Deflect+1","Well Laid Plans+1","Poisoned Stab+1","Deflect+1","Adrenaline"],"relics":["Ring of the Snake","Dream Catcher","MawBank","Paper Crane","White Beast Statue","MutagenicStrength","Frozen Egg 2","Lantern","Whetstone","Pen Nib","Medical Kit","Fusion Hammer","Membership Card","Strawberry","Torii","Mummified Hand","Bottled Tornado"],"potions_floor_usage":[14,18,23,23,25,31,33,33,33,41,44,48,50,54,54,55,55,55,55],"damage_taken":[{"damage":1,"enemies":"2 Louse","floor":1,"turns":4},{"damage":4,"enemies":"Jaw Worm","floor":2,"turns":8},{"damage":0,"enemies":"Cultist","floor":4,"turns":4},{"damage":20,"enemies":"Gremlin Nob","floor":6,"turns":4},{"damage":0,"enemies":"Large Slime","floor":8,"turns":6},{"damage":11,"enemies":"3 Sentries","floor":11,"turns":9},{"damage":1,"enemies":"2 Fungi Beasts","floor":12,"turns":4},{"damage":0,"enemies":"Blue Slaver","floor":13,"turns":5},{"damage":0,"enemies":"Exordium Thugs","floor":14,"turns":6},{"damage":5,"enemies":"Hexaghost","floor":16,"turns":15},{"damage":10,"enemies":"3 Byrds","floor":18,"turns":5},{"damage":30,"enemies":"Slavers","floor":23,"turns":6},{"damage":9,"enemies":"Book of Stabbing","floor":25,"turns":6},{"damage":0,"enemies":"Shell Parasite","floor":29,"turns":5},{"damage":0,"enemies":"Centurion and Healer","floor":30,"turns":4},{"damage":0,"enemies":"3 Cultists","floor":31,"turns":3},{"damage":14,"enemies":"Automaton","floor":33,"turns":10},{"damage":0,"enemies":"3 Darklings","floor":35,"turns":5},{"damage":0,"enemies":"Orb Walker","floor":37,"turns":3},{"damage":0,"enemies":"3 Darklings","floor":38,"turns":5},{"damage":0,"enemies":"Transient","floor":41,"turns":5},{"damage":26,"enemies":"Reptomancer","floor":44,"turns":7},{"damage":0,"enemies":"Sphere and 2 Shapes","floor":46,"turns":5},{"damage":1,"enemies":"Jaw Worm Horde","floor":47,"turns":5},{"damage":9,"enemies":"Spire Growth","floor":48,"turns":4},{"damage":28,"enemies":"Donu and Deca","floor":50,"turns":11},{"damage":41,"enemies":"Shield and Spear","floor":54,"turns":8},{"damage":41,"enemies":"The Heart","floor":55,"turns":5}],"seed_played":"-5174961407872189856","potions_obtained":[{"floor":2,"key":"Energy Potion"},{"floor":6,"key":"Fire Potion"},{"floor":11,"key":"Dexterity Potion"},{"floor":13,"key":"Fire Potion"},{"floor":18,"key":"Ancient Potion"},{"floor":23,"key":"PowerPotion"},{"floor":25,"key":"Dexterity Potion"},{"floor":29,"key":"Explosive Potion"},{"floor":30,"key":"GhostInAJar"},{"floor":31,"key":"Weak Potion"},{"floor":33,"key":"LiquidBronze"},{"floor":35,"key":"LiquidBronze"},{"floor":37,"key":"Dexterity Potion"},{"floor":41,"key":"LiquidBronze"},{"floor":44,"key":"Poison Potion"},{"floor":46,"key":"FearPotion"},{"floor":48,"key":"Strength Potion"},{"floor":54,"key":"EntropicBrew"}],"is_trial":false,"path_per_floor":["M","M","$","M","?","E","R","M","T","R","E","M","M","M","R","B",null,"M","?","?","?","?","E","R","E","T","R","$","M","M","M","R","B",null,"M","$","M","M","?","R","M","R","T","E","$","M","M","M","R","B",null,"R","$","E","B"],"character_chosen":"THE_SILENT","items_purchased":["Dagger Throw","Well Laid Plans","Footwork+1","Pen Nib","Medical Kit","Membership Card","Strawberry","Torii","Well Laid Plans+1"],"campfire_rested":6,"item_purchase_floors":[3,3,28,28,28,36,36,36,45],"current_hp_per_floor":[69,65,65,65,51,31,31,31,31,31,20,19,19,19,40,35,70,60,60,60,47,47,17,39,30,30,52,52,52,52,52,52,38,75,75,82,82,82,82,82,82,82,82,56,56,56,55,46,70,42,82,82,82,41,0],"gold":50,"neow_bonus":"HUNDRED_GOLD","is_prod":false,"is_daily":false,"chose_seed":false,"campfire_upgraded":3,"win_rate":0,"timestamp":1547792466,"path_taken":["M","M","$","M","?","E","R","M","T","R","E","M","M","M","R","BOSS","M","?","?","?","?","E","R","E","T","R","?","M","M","?","R","BOSS","M","$","M","M","?","R","M","R","T","E","$","M","M","?","R","BOSS","R","$","E","BOSS"],"build_version":"2019-01-17","purchased_purges":2,"victory":false,"max_hp_per_floor":[70,70,70,70,70,70,70,70,70,70,70,70,70,70,70,70,70,70,70,70,75,75,75,75,75,75,75,75,75,75,75,75,75,75,75,82,82,82,82,82,82,82,82,82,82,82,82,82,82,82,82,82,82,82,82],"card_choices":[{"not_picked":["Deflect","Acrobatics"],"picked":"Dodge and Roll","floor":1},{"not_picked":["Outmaneuver","Slice"],"picked":"Poisoned Stab","floor":2},{"not_picked":["Reflex","Deadly Poison"],"picked":"Sucker Punch","floor":4},{"not_picked":["Masterful Stab","Reflex"],"picked":"Skewer","floor":6},{"not_picked":["Blade Dance","Calculated Gamble","Heel Hook"],"picked":"SKIP","floor":8},{"not_picked":["Leg Sweep","Slice"],"picked":"After Image","floor":11},{"not_picked":["Riddle With Holes","Flying Knee"],"picked":"Footwork","floor":12},{"not_picked":["Catalyst","Dodge and Roll"],"picked":"PiercingWail","floor":13},{"not_picked":["Deflect","Outmaneuver"],"picked":"Cloak And Dagger","floor":14},{"not_picked":["Storm of Steel","Grand Finale"],"picked":"Glass Knife","floor":16},{"not_picked":["Dagger Throw+1","Quick Slash"],"picked":"Dagger Spray+1","floor":18},{"not_picked":["Deflect","A Thousand Cuts"],"picked":"Backflip","floor":23},{"not_picked":["Bullet Time","All Out Attack"],"picked":"Dagger Spray+1","floor":25},{"not_picked":["Predator","Backflip"],"picked":"Backstab+1","floor":27},{"not_picked":["Acrobatics+1","Flying Knee"],"picked":"Crippling Poison","floor":29},{"not_picked":["Deflect","Dagger Spray"],"picked":"Noxious Fumes+1","floor":30},{"not_picked":["Setup+1","Outmaneuver+1","Riddle With Holes"],"picked":"SKIP","floor":31},{"not_picked":["Setup+1","Outmaneuver+1","Riddle With Holes"],"picked":"SKIP","floor":31},{"not_picked":["Venomology","Glass Knife"],"picked":"Malaise","floor":33},{"not_picked":["Dodge and Roll","Dash"],"picked":"Noxious Fumes+1","floor":35},{"not_picked":["Deadly Poison","Sucker Punch+1"],"picked":"Catalyst+1","floor":37},{"not_picked":["Skewer","Flying Knee"],"picked":"Footwork+1","floor":38},{"not_picked":["Accuracy+1","All Out Attack+1","Dagger Spray+1"],"picked":"SKIP","floor":41},{"not_picked":["Slice","Heel Hook"],"picked":"Deflect+1","floor":42},{"not_picked":["Concentrate+1","Bullet Time","Eviscerate+1"],"picked":"SKIP","floor":44},{"not_picked":["Cloak And Dagger","Masterful Stab","Finisher+1"],"picked":"SKIP","floor":46},{"not_picked":["Escape Plan","Footwork+1"],"picked":"Poisoned Stab+1","floor":47},{"not_picked":["Eviscerate+1","Dagger Throw+1","Poisoned Stab"],"picked":"SKIP","floor":48},{"not_picked":["All Out Attack","Blur+1"],"picked":"Deflect+1","floor":49},{"not_picked":["Backstab+1","Leg Sweep+1"],"picked":"Adrenaline","floor":54}],"player_experience":247289,"relics_obtained":[{"floor":6,"key":"Dream Catcher"},{"floor":9,"key":"MawBank"},{"floor":11,"key":"Paper Crane"},{"floor":23,"key":"Frozen Egg 2"},{"floor":25,"key":"Lantern"},{"floor":26,"key":"Whetstone"},{"floor":44,"key":"Mummified Hand"},{"floor":54,"key":"Bottled Tornado"}],"event_choices":[{"damage_healed":0,"gold_gain":0,"player_choice":"Entered Light","damage_taken":14,"max_hp_gain":0,"max_hp_loss":0,"event_name":"Shining Light","floor":5,"gold_loss":0,"cards_upgraded":["Strike_G","Defend_G"]},{"damage_healed":0,"gold_gain":0,"player_choice":"Inject Mutagens","damage_taken":0,"relics_obtained":["MutagenicStrength"],"max_hp_gain":0,"max_hp_loss":0,"event_name":"Drug Dealer","floor":19,"gold_loss":0},{"damage_healed":0,"gold_gain":0,"player_choice":"Ignored","damage_taken":0,"max_hp_gain":0,"max_hp_loss":0,"event_name":"Vampires","floor":20,"gold_loss":0},{"damage_healed":0,"gold_gain":0,"player_choice":"Shed Blood","damage_taken":18,"max_hp_gain":5,"max_hp_loss":0,"event_name":"Forgotten Altar","floor":21,"gold_loss":0},{"damage_healed":0,"gold_gain":0,"player_choice":"Simplicity","damage_taken":0,"max_hp_gain":0,"max_hp_loss":0,"event_name":"Back to Basics","floor":22,"gold_loss":0,"cards_upgraded":["Defend_G","Defend_G","Defend_G","Defend_G","Strike_G","Strike_G","Strike_G","Strike_G"]},{"cards_removed":["Footwork"],"damage_healed":0,"gold_gain":0,"player_choice":"Purged","damage_taken":0,"max_hp_gain":0,"max_hp_loss":0,"event_name":"Purifier","floor":39,"gold_loss":0}],"is_beta":false,"boss_relics":[{"not_picked":["WristBlade","Philosopher\u0027s Stone"],"picked":"White Beast Statue"},{"not_picked":["Ring of the Serpent","Runic Pyramid"],"picked":"Fusion Hammer"}],"items_purged_floors":[45,53],"is_endless":false,"potions_floor_spawned":[2,6,11,13,18,23,25,29,30,31,33,35,37,38,41,44,46,47,48,54],"killed_by":"The Heart","ascension_level":1}