{"gold_per_floor":[109,184,184,199,74,103,123,139,139,150,150,150,150,161,161,265,265,279,279,378,378],"floor_reached":21,"playtime":1017,"items_purged":["Defend_B"],"score":245,"play_id":"5f255edb-0f69-4924-a4a8-5498aabfa216","local_time":"20181012191345","is_ascension_mode":true,"campfire_choices":[{"data":"Echo Form","floor":11,"key":"SMITH"},{"data":"Dualcast","floor":13,"key":"SMITH"},{"floor":15,"key":"REST"}],"neow_cost":"NONE","seed_source_timestamp":236912936113702,"circlet_count":0,"master_deck":["Strike_B","Strike_B","Strike_B","Defend_B","Defend_B","Defend_B+1","Zap","Dualcast+1","Coolheaded","FTL","Gash","Echo Form+1","Conserve Battery","Gash","Coolheaded+1","Beam Cell","Multi-Cast","Steam"],"relics":["Cracked Core","NeowsBlessing","Shovel","The Courier","Black Star"],"potions_floor_usage":[7,8,14,16,18],"damage_taken":[{"damage":0,"enemies":"2 Louse","floor":1,"turns":1},{"damage":0,"enemies":"Jaw Worm","floor":4,"turns":1},{"damage":0,"enemies":"Lagavulin","floor":6,"turns":1},{"damage":11,"enemies":"Small Slimes","floor":7,"turns":2},{"damage":1,"enemies":"Blue Slaver","floor":8,"turns":3},{"damage":0,"enemies":"Large Slime","floor":10,"turns":4},{"damage":1,"enemies":"Exordium Thugs","floor":14,"turns":4},{"damage":10,"enemies":"Hexaghost","floor":16,"turns":8},{"damage":25,"enemies":"Spheric Guardian","floor":18,"turns":5},{"damage":46,"enemies":"Chosen","floor":21,"turns":7}],"seed_played":"900745798872644634","potions_obtained":[{"floor":1,"key":"Fire Potion"},{"floor":7,"key":"EntropicBrew"}],"is_trial":false,"path_per_floor":["M","?","?","M","$","E","M","M","T","M","R","?","R","M","R","B",null,"M","?","?"],"character_chosen":"DEFECT","items_purchased":["Gash"],"campfire_rested":1,"item_purchase_floors":[5],"current_hp_per_floor":[75,64,57,57,57,57,46,45,45,45,45,30,30,29,51,41,75,50,36,36,0],"gold":378,"neow_bonus":"THREE_ENEMY_KILL","is_prod":false,"is_daily":false,"chose_seed":false,"campfire_upgraded":2,"win_rate":0,"timestamp":1539386025,"path_taken":["M","?","?","M","$","E","M","M","T","M","R","?","R","M","R","BOSS","M","?","?","M"],"build_version":"2018-10-11","purchased_purges":1,"victory":false,"max_hp_per_floor":[75,75,75,75,75,75,75,75,75,75,75,75,75,75,75,75,75,75,80,80,80],"card_choices":[{"not_picked":["BootSequence","Redo"],"picked":"Coolheaded","floor":1},{"not_picked":["Streamline","Stack"],"picked":"FTL","floor":4},{"not_picked":["Streamline","Hologram"],"picked":"Echo Form","floor":6},{"not_picked":["Sweeping Beam","Blizzard"],"picked":"Conserve Battery","floor":7},{"not_picked":["Hologram","Redo"],"picked":"Gash","floor":8},{"not_picked":["Rebound","Leap"],"picked":"Coolheaded","floor":10},{"not_picked":["Chaos","Melter"],"picked":"Beam Cell","floor":14},{"not_picked":["Creative AI","Fission"],"picked":"Multi-Cast","floor":16},{"not_picked":["Barrage","Loop"],"picked":"Steam","floor":18}],"player_experience":287326,"relics_obtained":[{"floor":6,"key":"Shovel"},{"floor":9,"key":"The Courier"}],"event_choices":[{"event_name":"World of Goop","player_choice":"Gather Gold","floor":2,"damage_taken":0},{"event_name":"Golden Wing","player_choice":"Card Removal","floor":3,"damage_taken":0},{"event_name":"Shining Light","player_choice":"Entered Light","floor":12,"damage_taken":0},{"event_name":"Forgotten Altar","player_choice":"Shed Blood","floor":19,"damage_taken":0},{"event_name":"Nest","player_choice":"Stole From Cult","floor":20,"damage_taken":0}],"is_beta":false,"boss_relics":[{"not_picked":["Pandora\u0027s Box","Busted Crown"],"picked":"Black Star"}],"items_purged_floors":[5],"is_endless":false,"potions_floor_spawned":[1,7],"killed_by":"Chosen","ascension_level":4}