{"gold_per_floor":[118,118,136,60,60,60,60,60,140,140,156,116,116,129,129,201,201,121,121,121,21,34,34,50,50,50,80,80,80,80,105,105,179,179,191,204,16,34,34,34,34,34,34,34,0,20,48,62,62,62],"floor_reached":50,"playtime":3205,"items_purged":["Strike_G","Strike_G+1"],"score":1214,"play_id":"1eaa32c5-a64c-4689-b6d7-d86affd534b1","local_time":"20181211223840","is_ascension_mode":true,"campfire_choices":[{"floor":6,"key":"REST"},{"data":"Poisoned Stab","floor":10,"key":"SMITH"},{"data":"Noxious Fumes","floor":13,"key":"SMITH"},{"floor":15,"key":"REST"},{"floor":23,"key":"REST"},{"floor":25,"key":"REST"},{"data":"Corpse Explosion","floor":28,"key":"SMITH"},{"floor":30,"key":"REST"},{"data":"Eviscerate","floor":32,"key":"SMITH"},{"data":"Wraith Form v2","floor":40,"key":"SMITH"},{"data":"Leg Sweep","floor":42,"key":"SMITH"},{"floor":44,"key":"REST"},{"floor":49,"key":"REST"}],"neow_cost":"NONE","seed_source_timestamp":64480067771600,"circlet_count":0,"master_deck":["AscendersBane","Defend_G","Defend_G","Defend_G","Defend_G","Defend_G+1","Survivor","Neutralize","Poisoned Stab+1","Cloak And Dagger","Quick Slash","Dagger Throw","Noxious Fumes+1","Backflip","Leg Sweep+1","Corpse Explosion+1","PiercingWail","PiercingWail","Acrobatics","Backflip","Eviscerate+1","Wraith Form v2+1","Backflip","Choke","Eviscerate","Calculated Gamble"],"special_seed":0,"relics":["Snecko Eye","Gremlin Horn","Empty Cage","Pear","Bird Faced Urn","Mercury Hourglass","Philosopher\u0027s Stone","Frozen Egg 2","Red Mask","Matryoshka"],"potions_floor_usage":[8,27,27,33,41,50,50],"damage_taken":[{"damage":8,"enemies":"Cultist","floor":1,"turns":5},{"damage":9,"enemies":"Small Slimes","floor":3,"turns":6},{"damage":0,"enemies":"Gremlin Nob","floor":8,"turns":2},{"damage":0,"enemies":"2 Louse","floor":11,"turns":2},{"damage":1,"enemies":"Looter","floor":12,"turns":4},{"damage":2,"enemies":"Exordium Wildlife","floor":14,"turns":6},{"damage":57,"enemies":"Slime Boss","floor":16,"turns":13},{"damage":16,"enemies":"2 Thieves","floor":18,"turns":4},{"damage":0,"enemies":"3 Byrds","floor":22,"turns":4},{"damage":26,"enemies":"Cultist and Chosen","floor":24,"turns":7},{"damage":0,"enemies":"Slavers","floor":27,"turns":2},{"damage":0,"enemies":"Colosseum Slavers","floor":29,"turns":3},{"damage":0,"enemies":"Gremlin Leader","floor":31,"turns":6},{"damage":75,"enemies":"Collector","floor":33,"turns":10},{"damage":3,"enemies":"3 Darklings","floor":35,"turns":3},{"damage":1,"enemies":"3 Shapes","floor":36,"turns":3},{"damage":10,"enemies":"Writhing Mass","floor":38,"turns":6},{"damage":0,"enemies":"Giant Head","floor":41,"turns":4},{"damage":4,"enemies":"4 Shapes","floor":46,"turns":4},{"damage":46,"enemies":"Nemesis","floor":47,"turns":9},{"damage":0,"enemies":"Sphere and 2 Shapes","floor":48,"turns":4},{"damage":55,"enemies":"Time Eater","floor":50,"turns":7}],"seed_played":"-6369313085334228248","potions_obtained":[{"floor":2,"key":"SmokeBomb"},{"floor":2,"key":"FairyPotion"},{"floor":16,"key":"GhostInAJar"},{"floor":24,"key":"Poison Potion"},{"floor":31,"key":"Swift Potion"},{"floor":36,"key":"SmokeBomb"},{"floor":38,"key":"AttackPotion"},{"floor":47,"key":"Swift Potion"}],"is_trial":false,"path_per_floor":["M","?","M","$","?","R","?","E","T","R","M","M","R","M","R","B",null,"M","?","?","$","M","R","M","R","T","E","R","?","R","E","R","B",null,"M","M","$","M","?","R","E","R","T","R","?","M","E","M","R","B"],"character_chosen":"THE_SILENT","items_purchased":["Quick Slash","Dagger Throw","PiercingWail","Choke"],"campfire_rested":7,"item_purchase_floors":[4,4,21,37],"current_hp_per_floor":[51,51,42,42,35,54,34,34,34,34,34,33,33,31,50,6,51,35,35,35,35,35,54,28,47,57,57,57,57,76,76,76,3,58,57,60,60,52,47,47,49,49,49,71,71,67,23,25,47,0],"gold":62,"neow_bonus":"BOSS_RELIC","is_prod":false,"is_daily":false,"chose_seed":false,"campfire_upgraded":6,"win_rate":0,"timestamp":1544585920,"path_taken":["M","?","M","?","?","R","?","E","T","R","M","M","R","M","R","BOSS","M","?","?","$","M","R","M","R","T","E","R","?","R","E","R","BOSS","M","M","$","M","?","R","E","R","T","R","?","M","E","M","R","BOSS"],"build_version":"2018-11-15","purchased_purges":2,"victory":false,"max_hp_per_floor":[66,66,66,66,66,66,66,66,66,66,66,66,66,66,66,66,66,66,66,66,66,66,66,66,66,76,76,76,76,76,76,76,76,76,76,76,76,76,76,76,76,76,76,76,76,76,76,76,76,76],"card_choices":[{"not_picked":["Flying Knee","Blur"],"picked":"Poisoned Stab","floor":1},{"not_picked":["Slice","Catalyst"],"picked":"Cloak And Dagger","floor":3},{"not_picked":["Dagger Spray","Endless Agony"],"picked":"Noxious Fumes","floor":11},{"not_picked":["Dagger Throw","Accuracy"],"picked":"Backflip","floor":12},{"not_picked":["Flying Knee","Acrobatics"],"picked":"Leg Sweep","floor":14},{"not_picked":["Night Terror","Malaise"],"picked":"Corpse Explosion","floor":16},{"not_picked":["Outmaneuver","All Out Attack"],"picked":"PiercingWail","floor":18},{"not_picked":["Deadly Poison","Deflect","Slice"],"picked":"SKIP","floor":22},{"not_picked":["Slice","Deflect"],"picked":"Acrobatics","floor":24},{"not_picked":["Caltrops","Outmaneuver"],"picked":"Backflip","floor":27},{"not_picked":["Dodge and Roll","Masterful Stab"],"picked":"Eviscerate","floor":31},{"not_picked":["Storm of Steel","Venomology"],"picked":"Wraith Form v2","floor":33},{"not_picked":["Endless Agony","All Out Attack+1"],"picked":"Backflip","floor":35},{"not_picked":["Terror","Slice","Poisoned Stab"],"picked":"SKIP","floor":36},{"not_picked":["Deflect","Dagger Throw+1"],"picked":"Eviscerate","floor":38},{"not_picked":["Flying Knee","Dagger Spray+1","Infinite Blades+1"],"picked":"SKIP","floor":46},{"not_picked":["Endless Agony","Deadly Poison"],"picked":"Calculated Gamble","floor":47},{"not_picked":["Sucker Punch","Flechettes+1","Dagger Spray"],"picked":"SKIP","floor":48}],"player_experience":1802720,"relics_obtained":[{"floor":9,"key":"Gremlin Horn"},{"floor":26,"key":"Pear"},{"floor":27,"key":"Bird Faced Urn"},{"floor":31,"key":"Mercury Hourglass"},{"floor":43,"key":"Frozen Egg 2"},{"floor":47,"key":"Matryoshka"}],"event_choices":[{"damage_healed":0,"gold_gain":0,"player_choice":"Got Potions","damage_taken":0,"max_hp_gain":0,"max_hp_loss":0,"event_name":"Lab","floor":2,"gold_loss":0},{"cards_removed":["Strike_G"],"damage_healed":0,"gold_gain":0,"player_choice":"Card Removal","damage_taken":7,"max_hp_gain":0,"max_hp_loss":0,"event_name":"Golden Wing","floor":5,"gold_loss":0},{"damage_healed":0,"gold_gain":0,"player_choice":"Entered Light","damage_taken":20,"max_hp_gain":0,"max_hp_loss":0,"event_name":"Shining Light","floor":7,"gold_loss":0,"cards_upgraded":["Strike_G","Defend_G"]},{"damage_healed":0,"gold_gain":0,"player_choice":"Ignored","damage_taken":0,"max_hp_gain":0,"max_hp_loss":0,"event_name":"Vampires","floor":19,"gold_loss":0},{"damage_healed":0,"gold_gain":0,"player_choice":"Ignored","damage_taken":0,"max_hp_gain":0,"max_hp_loss":0,"event_name":"Ghosts","floor":20,"gold_loss":0},{"damage_healed":0,"gold_gain":0,"player_choice":"Fight","damage_taken":0,"max_hp_gain":0,"max_hp_loss":0,"event_name":"Colosseum","floor":29,"gold_loss":0},{"damage_healed":0,"gold_gain":0,"player_choice":"Fled From Nobs","damage_taken":0,"max_hp_gain":0,"max_hp_loss":0,"event_name":"Colosseum","floor":29,"gold_loss":0},{"damage_healed":0,"gold_gain":0,"player_choice":"Fled From Nobs","damage_taken":0,"max_hp_gain":0,"max_hp_loss":0,"event_name":"Colosseum","floor":29,"gold_loss":0},{"damage_healed":0,"gold_gain":0,"player_choice":"Fled From Nobs","damage_taken":0,"max_hp_gain":0,"max_hp_loss":0,"event_name":"Colosseum","floor":29,"gold_loss":0},{"damage_healed":0,"gold_gain":0,"player_choice":"Memory 2","damage_taken":5,"max_hp_gain":0,"max_hp_loss":0,"event_name":"SensoryStone","floor":39,"gold_loss":0},{"damage_healed":0,"gold_gain":0,"player_choice":"Paid","damage_taken":0,"relics_obtained":["Red Mask"],"max_hp_gain":0,"max_hp_loss":0,"event_name":"Tomb of Lord Red Mask","floor":45,"gold_loss":34}],"is_beta":true,"boss_relics":[{"not_picked":["Black Star","Runic Pyramid"],"picked":"Empty Cage"},{"not_picked":["Runic Dome","Orrery"],"picked":"Philosopher\u0027s Stone"}],"items_purged_floors":[21,37],"is_endless":false,"potions_floor_spawned":[16,24,29,31,36,38,47,48],"killed_by":"Time Eater","ascension_level":20}