{"gold_per_floor":[118,118,88,103,103,138,138,168,168,187,199,214,214,241,241,340,340,359,359,59,76,89,89,101,136,162,179,194,194,220,220,220,319,319,331,350,402,402,418,418,453,468,537,637,656,667,667,158,158,158,158,158,90,147,147],"floor_reached":55,"playtime":6626,"items_purged":[],"score":961,"play_id":"f93ee942-6c40-4927-9954-bf5748576541","local_time":"20190206124336","is_ascension_mode":true,"campfire_choices":[{"floor":7,"key":"RECALL"},{"data":"Pommel Strike","floor":13,"key":"SMITH"},{"data":"Bash","floor":15,"key":"SMITH"},{"floor":23,"key":"REST"},{"floor":29,"key":"REST"},{"data":"Clothesline","floor":32,"key":"SMITH"},{"data":"Feed","floor":40,"key":"SMITH"},{"data":"Evolve","floor":47,"key":"SMITH"},{"floor":49,"key":"REST"},{"data":"Reaper","floor":52,"key":"SMITH"}],"neow_cost":"NONE","seed_source_timestamp":425944716824447,"circlet_count":0,"master_deck":["Strike_R","Strike_R","Strike_R","Strike_R","Defend_R+1","Defend_R","Defend_R","Defend_R+1","Bash+1","Heavy Blade","Pommel Strike+1","Clothesline+1","Shockwave+1","Shrug It Off+1","Shrug It Off+1","Infernal Blade+1","Feed+1","Evolve+1","True Grit+1","Infernal Blade+1","Warcry+1","Shrug It Off+1","Ghostly+1","Ghostly+1","Ghostly+1","Ghostly+1","Ghostly+1","Reaper+1","Battle Trance+1","Entrench+1","Transmutation+1","Deep Breath+1","Shrug It Off+1","Feel No Pain"],"relics":["Burning Blood","NeowsBlessing","Toxic Egg 2","Ginger","Happy Flower","Bottled Lightning","Singing Bowl","Busted Crown","Toolbox","Red Skull","Bronze Scales","Incense Burner","Lizard Tail","Bird Faced Urn","Gremlin Horn","Nunchaku","Art of War","War Paint"],"potions_floor_usage":[16,16,16,25,37,44,54,54,55,55],"damage_taken":[{"damage":0,"enemies":"Small Slimes","floor":1,"turns":1},{"damage":0,"enemies":"2 Louse","floor":4,"turns":1},{"damage":0,"enemies":"Gremlin Nob","floor":6,"turns":1},{"damage":45,"enemies":"3 Sentries","floor":8,"turns":9},{"damage":0,"enemies":"Cultist","floor":10,"turns":3},{"damage":1,"enemies":"Blue Slaver","floor":11,"turns":3},{"damage":11,"enemies":"Looter","floor":12,"turns":3},{"damage":0,"enemies":"Lagavulin","floor":14,"turns":5},{"damage":57,"enemies":"Hexaghost","floor":16,"turns":13},{"damage":3,"enemies":"Chosen","floor":18,"turns":3},{"damage":19,"enemies":"Spheric Guardian","floor":21,"turns":4},{"damage":33,"enemies":"Snake Plant","floor":22,"turns":4},{"damage":8,"enemies":"Chosen and Byrds","floor":24,"turns":4},{"damage":50,"enemies":"Book of Stabbing","floor":25,"turns":7},{"damage":0,"enemies":"3 Cultists","floor":27,"turns":5},{"damage":4,"enemies":"Snake Plant","floor":28,"turns":3},{"damage":14,"enemies":"Slavers","floor":30,"turns":5},{"damage":21,"enemies":"Automaton","floor":33,"turns":15},{"damage":2,"enemies":"3 Shapes","floor":35,"turns":4},{"damage":0,"enemies":"3 Darklings","floor":36,"turns":4},{"damage":42,"enemies":"2 Orb Walkers","floor":37,"turns":7},{"damage":8,"enemies":"Maw","floor":39,"turns":10},{"damage":8,"enemies":"Nemesis","floor":41,"turns":15},{"damage":17,"enemies":"Writhing Mass","floor":42,"turns":7},{"damage":19,"enemies":"Mind Bloom Boss Battle","floor":44,"turns":10},{"damage":3,"enemies":"4 Shapes","floor":45,"turns":11},{"damage":31,"enemies":"Sphere and 2 Shapes","floor":46,"turns":6},{"damage":46,"enemies":"Time Eater","floor":50,"turns":12},{"damage":20,"enemies":"Shield and Spear","floor":54,"turns":23},{"damage":180,"enemies":"The Heart","floor":55,"turns":17}],"seed_played":"-464128539269247735","potions_obtained":[{"floor":1,"key":"Dexterity Potion"},{"floor":3,"key":"EntropicBrew"},{"floor":3,"key":"FearPotion"},{"floor":12,"key":"Regen Potion"},{"floor":14,"key":"Weak Potion"},{"floor":24,"key":"BloodPotion"},{"floor":27,"key":"SpeedPotion"},{"floor":39,"key":"LiquidBronze"},{"floor":41,"key":"PowerPotion"},{"floor":44,"key":"FearPotion"},{"floor":45,"key":"Regen Potion"},{"floor":54,"key":"AttackPotion"}],"is_trial":false,"path_per_floor":["M","?","?","M","?","E","R","E","T","M","M","M","R","E","R","B",null,"M","?","$","M","M","R","M","E","T","M","M","R","E","?","R","B",null,"M","M","?","?","M","R","E","M","T","?","M","M","R","$","R","B",null,"R","$","E","B"],"character_chosen":"IRONCLAD","items_purchased":["Toolbox","Evolve","True Grit+1","PowerPotion","Transmutation+1","Deep Breath+1","Art of War","Shrug It Off+1","Feel No Pain"],"campfire_rested":3,"item_purchase_floors":[20,20,20,48,48,48,48,48,53],"current_hp_per_floor":[80,77,77,80,80,80,80,41,41,47,52,47,47,55,55,19,82,84,84,84,74,47,73,73,44,44,55,59,87,84,50,50,38,53,58,60,24,52,55,55,57,54,54,56,67,52,52,52,69,37,69,69,69,71,0],"gold":147,"neow_bonus":"THREE_ENEMY_KILL","is_prod":false,"is_daily":false,"chose_seed":false,"campfire_upgraded":6,"win_rate":0,"timestamp":1549453416,"path_taken":["M","?","?","?","?","E","R","E","T","M","M","M","R","E","R","BOSS","M","?","$","M","M","R","M","E","T","?","M","R","E","?","R","BOSS","M","M","?","?","M","R","E","?","T","?","M","M","R","$","R","BOSS","R","$","E","BOSS"],"build_version":"2019-01-23","purchased_purges":0,"victory":false,"max_hp_per_floor":[80,80,80,80,80,80,80,80,80,80,80,80,80,82,82,82,82,84,84,84,87,87,87,89,89,89,94,96,96,101,50,50,53,53,58,60,60,52,57,57,59,59,59,61,67,69,69,69,69,69,69,69,69,75,75],"card_choices":[{"not_picked":["Infernal Blade","Rage"],"picked":"Heavy Blade","floor":1},{"not_picked":["Uppercut","Perfected Strike"],"picked":"Pommel Strike","floor":4},{"not_picked":["Perfected Strike","Body Slam"],"picked":"Havoc+1","floor":6},{"not_picked":["Sever Soul","Seeing Red+1"],"picked":"Shockwave+1","floor":8},{"not_picked":["Bloodletting+1","Anger"],"picked":"Shrug It Off+1","floor":10},{"not_picked":["Fire Breathing","Iron Wave"],"picked":"Shrug It Off+1","floor":11},{"not_picked":["Iron Wave","Havoc+1"],"picked":"Infernal Blade+1","floor":12},{"not_picked":["Headbutt","Wild Strike","Sword Boomerang"],"picked":"Singing Bowl","floor":14},{"not_picked":["Offering+1","Barricade"],"picked":"Feed","floor":16},{"not_picked":["Perfected Strike+1"],"picked":"Singing Bowl","floor":18},{"not_picked":[],"picked":"Infernal Blade+1","floor":21},{"not_picked":[],"picked":"Warcry+1","floor":22},{"not_picked":["Heavy Blade+1"],"picked":"Singing Bowl","floor":24},{"not_picked":[],"picked":"Shrug It Off+1","floor":25},{"not_picked":["Clash"],"picked":"Singing Bowl","floor":27},{"not_picked":["Iron Wave+1"],"picked":"Singing Bowl","floor":28},{"not_picked":["Rupture"],"picked":"Singing Bowl","floor":30},{"not_picked":[],"picked":"Reaper","floor":33},{"not_picked":["Flex+1"],"picked":"Singing Bowl","floor":35},{"not_picked":["Headbutt+1"],"picked":"Singing Bowl","floor":36},{"not_picked":[],"picked":"Battle Trance+1","floor":37},{"not_picked":["Iron Wave"],"picked":"Singing Bowl","floor":39},{"not_picked":["Pummel+1"],"picked":"Singing Bowl","floor":41},{"not_picked":[],"picked":"Entrench+1","floor":42},{"not_picked":["Sword Boomerang+1"],"picked":"Singing Bowl","floor":44},{"not_picked":["Cleave"],"picked":"Singing Bowl","floor":45},{"not_picked":["Corruption+1"],"picked":"Singing Bowl","floor":46},{"not_picked":["Searing Blow+1"],"picked":"Singing Bowl","floor":54}],"player_experience":576869,"relics_obtained":[{"floor":6,"key":"Ginger"},{"floor":8,"key":"Happy Flower"},{"floor":9,"key":"Bottled Lightning"},{"floor":14,"key":"Singing Bowl"},{"floor":25,"key":"Red Skull"},{"floor":26,"key":"Bronze Scales"},{"floor":30,"key":"Incense Burner"},{"floor":37,"key":"Bird Faced Urn"},{"floor":41,"key":"Gremlin Horn"},{"floor":44,"key":"Nunchaku"},{"floor":54,"key":"War Paint"}],"event_choices":[{"damage_healed":0,"gold_gain":0,"player_choice":"Success","damage_taken":3,"relics_obtained":["Toxic Egg 2"],"max_hp_gain":0,"max_hp_loss":0,"event_name":"Scrap Ooze","floor":2,"gold_loss":0},{"damage_healed":0,"gold_gain":0,"player_choice":"Bought 2 Potions","damage_taken":0,"max_hp_gain":0,"max_hp_loss":0,"event_name":"The Woman in Blue","floor":3,"gold_loss":0},{"damage_healed":0,"gold_gain":0,"cards_transformed":["Strike_R"],"player_choice":"Change","damage_taken":0,"max_hp_gain":0,"max_hp_loss":0,"event_name":"Living Wall","floor":5,"gold_loss":0,"cards_obtained":["Clothesline"]},{"cards_removed":["Havoc"],"damage_healed":5,"gold_gain":0,"player_choice":"Offered Common","damage_taken":0,"max_hp_gain":0,"max_hp_loss":0,"event_name":"Bonfire Elementals","floor":19,"gold_loss":0},{"cards_removed":["Havoc"],"damage_healed":5,"gold_gain":0,"player_choice":"Offered Special","damage_taken":0,"max_hp_gain":0,"max_hp_loss":0,"event_name":"Bonfire Elementals","floor":19,"gold_loss":0},{"damage_healed":0,"gold_gain":0,"player_choice":"Became a Ghost","damage_taken":0,"max_hp_gain":0,"max_hp_loss":51,"event_name":"Ghosts","floor":31,"gold_loss":0,"cards_obtained":["Ghostly","Ghostly","Ghostly","Ghostly","Ghostly"]},{"damage_healed":0,"gold_gain":0,"player_choice":"Fight","damage_taken":0,"max_hp_gain":0,"max_hp_loss":0,"event_name":"Mysterious Sphere","floor":37,"gold_loss":0},{"damage_healed":52,"gold_gain":0,"player_choice":"Heal","damage_taken":0,"max_hp_gain":0,"max_hp_loss":8,"event_name":"The Moai Head","floor":38,"gold_loss":0},{"damage_healed":0,"gold_gain":0,"player_choice":"Fight","damage_taken":0,"max_hp_gain":0,"max_hp_loss":0,"event_name":"MindBloom","floor":44,"gold_loss":0}],"is_beta":false,"boss_relics":[{"not_picked":["Ectoplasm","Velvet Choker"],"picked":"Busted Crown"},{"not_picked":["Eternal Feather","Pandora\u0027s Box"],"picked":"Lizard Tail"}],"items_purged_floors":[],"is_endless":false,"potions_floor_spawned":[1,8,12,14,22,24,27,33,39,41,44,45,46,54],"killed_by":"The Heart","ascension_level":4}