{"gold_per_floor":[118,137,137,52,52,52,85,104,104,104,104,104,104,130,130,203,203,222,272,290,44,63,63,63,63,63,63,93,111,141,155,155,227,227,245,145,158,158,171,197,197,213,213,232,232,232,267,267,267,267,267],"floor_reached":52,"playtime":3099,"items_purged":["Strike_G","Strike_G"],"score":1837,"play_id":"d6b78724-3a91-476f-80bc-0a318f2f4ef6","local_time":"20181103225133","is_ascension_mode":true,"campfire_choices":[{"data":"Choke","floor":6,"key":"SMITH"},{"floor":11,"key":"REST"},{"floor":13,"key":"REST"},{"data":"Footwork","floor":15,"key":"SMITH"},{"data":"Crippling Poison","floor":23,"key":"SMITH"},{"data":"Leg Sweep","floor":25,"key":"SMITH"},{"data":"Storm of Steel","floor":27,"key":"SMITH"},{"data":"Dash","floor":32,"key":"SMITH"},{"data":"Backflip","floor":41,"key":"SMITH"},{"data":"Malaise","floor":45,"key":"SMITH"},{"floor":49,"key":"REST"}],"neow_cost":"NONE","seed_source_timestamp":185631901805200,"circlet_count":0,"master_deck":["AscendersBane","Defend_G","Defend_G","Defend_G","Defend_G","Defend_G","Strike_G+1","Strike_G","Survivor","Neutralize","Quick Slash+1","Choke+1","Footwork+1","Dash+1","PiercingWail","Leg Sweep+1","Storm of Steel+1","Underhanded Strike","Crippling Poison+1","Eviscerate","Backflip","Dash+1","Backflip+1","Unload","Cloak And Dagger+1","Dash+1","Malaise+1","Acrobatics+1"],"relics":["Snecko Eye","Shuriken","Vajra","Bird Faced Urn","Cursed Key","MutagenicStrength","Tough Bandages","Blood Vial","Sozu","Frozen Egg 2","Blue Candle"],"potions_floor_usage":[16,33,50],"damage_taken":[{"damage":6,"enemies":"Cultist","floor":1,"turns":5},{"damage":0,"enemies":"2 Louse","floor":2,"turns":3},{"damage":21,"enemies":"Lagavulin","floor":7,"turns":5},{"damage":0,"enemies":"Small Slimes","floor":8,"turns":2},{"damage":8,"enemies":"Gremlin Nob","floor":14,"turns":3},{"damage":5,"enemies":"Slime Boss","floor":16,"turns":6},{"damage":5,"enemies":"Shell Parasite","floor":18,"turns":2},{"damage":0,"enemies":"3 Byrds","floor":20,"turns":4},{"damage":2,"enemies":"Cultist and Chosen","floor":22,"turns":5},{"damage":6,"enemies":"Slavers","floor":28,"turns":5},{"damage":4,"enemies":"Chosen and Byrds","floor":29,"turns":5},{"damage":3,"enemies":"Book of Stabbing","floor":30,"turns":3},{"damage":0,"enemies":"Snake Plant","floor":31,"turns":2},{"damage":20,"enemies":"Automaton","floor":33,"turns":10},{"damage":0,"enemies":"3 Shapes","floor":35,"turns":4},{"damage":0,"enemies":"3 Darklings","floor":37,"turns":3},{"damage":0,"enemies":"4 Shapes","floor":39,"turns":3},{"damage":9,"enemies":"Reptomancer","floor":40,"turns":6},{"damage":8,"enemies":"Spire Growth","floor":42,"turns":4},{"damage":0,"enemies":"3 Darklings","floor":44,"turns":3},{"damage":9,"enemies":"Giant Head","floor":47,"turns":7},{"damage":14,"enemies":"Donu and Deca","floor":50,"turns":8},{"damage":13,"enemies":"Awakened One","floor":51,"turns":13}],"seed_played":"-5152009973246805799","potions_obtained":[{"floor":1,"key":"SteroidPotion"},{"floor":8,"key":"SpeedPotion"},{"floor":14,"key":"GhostInAJar"},{"floor":28,"key":"Dexterity Potion"}],"is_trial":false,"path_per_floor":["M","M","$","$","?","R","E","M","T","?","R","?","R","E","R","B",null,"M","?","M","$","M","R","?","R","T","R","E","M","E","M","R","B",null,"M","$","M","?","M","E","R","M","T","M","R","?","E","?","R","B","B",null],"character_chosen":"THE_SILENT","items_purchased":["Footwork","Crippling Poison","Eviscerate"],"campfire_rested":3,"item_purchase_floors":[4,21,21],"current_hp_per_floor":[53,53,53,53,33,33,12,12,12,17,38,31,52,44,44,41,64,59,59,61,61,59,59,59,59,59,59,53,51,50,54,54,38,63,67,67,69,69,71,64,64,58,58,62,62,62,57,57,67,55,46],"gold":267,"neow_bonus":"BOSS_RELIC","is_prod":false,"is_daily":false,"chose_seed":false,"campfire_upgraded":8,"win_rate":0,"timestamp":1541299893,"path_taken":["M","?","?","$","?","R","E","M","T","?","R","?","R","E","R","BOSS","M","?","M","?","M","R","?","R","T","R","E","M","E","M","R","BOSS","M","$","M","?","?","E","R","M","T","M","R","?","E","?","R","BOSS","BOSS"],"build_version":"2018-11-01","purchased_purges":2,"victory":true,"max_hp_per_floor":[66,66,66,66,66,66,66,66,66,71,71,71,71,71,71,71,71,71,71,71,71,71,71,71,71,71,71,71,71,71,71,71,71,71,71,71,71,71,71,71,71,71,71,71,71,67,67,67,67,67,67],"card_choices":[{"not_picked":["All Out Attack","PiercingWail"],"picked":"Quick Slash","floor":1},{"not_picked":["Slice","Blade Dance"],"picked":"Choke","floor":2},{"not_picked":["Bouncing Flask","Leg Sweep"],"picked":"Dash","floor":7},{"not_picked":["Accuracy","Acrobatics"],"picked":"PiercingWail","floor":8},{"not_picked":["Envenom","Poisoned Stab"],"picked":"Leg Sweep","floor":14},{"not_picked":["Adrenaline","Glass Knife"],"picked":"Storm of Steel","floor":16},{"not_picked":["Concentrate","Sucker Punch","Outmaneuver"],"picked":"SKIP","floor":18},{"not_picked":["Skewer","Deadly Poison"],"picked":"Underhanded Strike","floor":20},{"not_picked":["Prepared","Blade Dance"],"picked":"Backflip","floor":22},{"not_picked":["Well Laid Plans","Prepared+1","Bane"],"picked":"SKIP","floor":28},{"not_picked":["Well Laid Plans","Prepared+1","Bane"],"picked":"SKIP","floor":28},{"not_picked":["Crippling Poison","Reflex"],"picked":"Dash+1","floor":29},{"not_picked":["Blade Dance","Escape Plan","Catalyst"],"picked":"SKIP","floor":30},{"not_picked":["Slice","Prepared"],"picked":"Backflip","floor":31},{"not_picked":["Glass Knife","Adrenaline"],"picked":"Unload","floor":33},{"not_picked":["Dagger Throw","Flechettes"],"picked":"Cloak And Dagger+1","floor":35},{"not_picked":["Terror+1","Bane","Concentrate"],"picked":"SKIP","floor":37},{"not_picked":["Bane","Poisoned Stab+1","Dagger Spray"],"picked":"SKIP","floor":39},{"not_picked":["Underhanded Strike+1","Flechettes+1","Blade Dance"],"picked":"SKIP","floor":40},{"not_picked":["Backstab","Accuracy+1","Bane+1"],"picked":"SKIP","floor":42},{"not_picked":["Dash","Well Laid Plans+1"],"picked":"Malaise","floor":44},{"not_picked":["Blade Dance","Catalyst"],"picked":"Acrobatics+1","floor":47}],"player_experience":1615528,"relics_obtained":[{"floor":7,"key":"Shuriken"},{"floor":9,"key":"Vajra"},{"floor":14,"key":"Bird Faced Urn"},{"floor":28,"key":"Tough Bandages"},{"floor":30,"key":"Blood Vial"},{"floor":40,"key":"Frozen Egg 2"},{"floor":47,"key":"Blue Candle"}],"event_choices":[{"damage_healed":0,"gold_gain":0,"player_choice":"Entered Light","damage_taken":20,"max_hp_gain":0,"max_hp_loss":0,"event_name":"Shining Light","floor":5,"gold_loss":0,"cards_upgraded":["Quick Slash","Strike_G"]},{"damage_healed":0,"gold_gain":0,"player_choice":"Donut","damage_taken":0,"max_hp_gain":5,"max_hp_loss":0,"event_name":"Big Fish","floor":10,"gold_loss":0},{"cards_removed":["Strike_G"],"damage_healed":0,"gold_gain":0,"player_choice":"Card Removal","damage_taken":7,"max_hp_gain":0,"max_hp_loss":0,"event_name":"Golden Wing","floor":12,"gold_loss":0},{"damage_healed":0,"gold_gain":50,"player_choice":"Pray","damage_taken":0,"max_hp_gain":0,"max_hp_loss":0,"event_name":"Golden Shrine","floor":19,"gold_loss":0},{"damage_healed":0,"gold_gain":0,"player_choice":"Inject Mutagens","damage_taken":0,"relics_obtained":["MutagenicStrength"],"max_hp_gain":0,"max_hp_loss":0,"event_name":"Drug Dealer","floor":24,"gold_loss":0},{"damage_healed":0,"gold_gain":0,"player_choice":"Copied","damage_taken":0,"max_hp_gain":0,"max_hp_loss":0,"event_name":"Duplicator","floor":38,"gold_loss":0,"cards_obtained":["Dash"]},{"damage_healed":0,"gold_gain":0,"player_choice":"Max HP","damage_taken":0,"max_hp_gain":0,"max_hp_loss":4,"event_name":"Winding Halls","floor":46,"gold_loss":0},{"damage_healed":0,"gold_gain":0,"player_choice":"Got Potions","damage_taken":0,"max_hp_gain":0,"max_hp_loss":0,"event_name":"Lab","floor":48,"gold_loss":0}],"is_beta":true,"boss_relics":[{"not_picked":["Calling Bell","Ectoplasm"],"picked":"Cursed Key"},{"not_picked":["Lizard Tail","HoveringKite"],"picked":"Sozu"}],"items_purged_floors":[21,36],"is_endless":false,"potions_floor_spawned":[1,8,14,28,30,31,37,40,44,47],"ascension_level":20}