{"gold_per_floor":[115,128,203,203,55,55,86,86,86,105,136,136,160,219,219,320,320,330,430,430,184,184,184,199,212,212,242,14,34,34,48,48,48],"floor_reached":33,"playtime":1134,"items_purged":["Dualcast","Strike_B"],"score":325,"play_id":"b8bb2408-f307-40fe-bcc7-024662bf831c","local_time":"20181202201343","is_ascension_mode":true,"campfire_choices":[{"data":"Rebound","floor":6,"key":"SMITH"},{"floor":8,"key":"REST"},{"floor":15,"key":"REST"},{"floor":23,"key":"REST"},{"floor":32,"key":"REST"}],"neow_cost":"NONE","seed_source_timestamp":169428670068549,"circlet_count":0,"master_deck":["Strike_B","Strike_B","Defend_B","Defend_B","Rebound+1","Coolheaded","Streamline+1","Streamline+1","Hyperbeam+1","Go for the Eyes+1","Hologram","Compile Driver+1","Gash+1","Hyperbeam+1","Rebound+1"],"relics":["Cracked Core","Potion Belt","Happy Flower","Molten Egg 2","Vajra","Bronze Scales","Juzu Bracelet","Empty Cage","Dead Branch","Letter Opener","Nunchaku","Oddly Smooth Stone"],"potions_floor_usage":[16,16,27,27,27,31,31,33,33],"damage_taken":[{"damage":12,"enemies":"Jaw Worm","floor":1,"turns":4},{"damage":0,"enemies":"2 Louse","floor":2,"turns":2},{"damage":22,"enemies":"Gremlin Nob","floor":7,"turns":4},{"damage":0,"enemies":"Cultist","floor":10,"turns":3},{"damage":35,"enemies":"Lagavulin","floor":11,"turns":5},{"damage":25,"enemies":"Hexaghost","floor":16,"turns":5},{"damage":7,"enemies":"Chosen","floor":18,"turns":2},{"damage":20,"enemies":"Colosseum Slavers","floor":19,"turns":2},{"damage":24,"enemies":"Colosseum Nobs","floor":19,"turns":3},{"damage":22,"enemies":"2 Thieves","floor":24,"turns":2},{"damage":0,"enemies":"3 Cultists","floor":25,"turns":2},{"damage":18,"enemies":"Gremlin Leader","floor":27,"turns":3},{"damage":0,"enemies":"Snake Plant","floor":29,"turns":2},{"damage":0,"enemies":"Snecko","floor":31,"turns":2},{"damage":52,"enemies":"Collector","floor":33,"turns":5}],"seed_played":"6277918777153002901","potions_obtained":[{"floor":2,"key":"LiquidBronze"},{"floor":11,"key":"LiquidBronze"},{"floor":25,"key":"SpeedPotion"},{"floor":27,"key":"Energy Potion"},{"floor":31,"key":"Poison Potion"}],"is_trial":false,"path_per_floor":["M","M","?","?","$","R","E","R","T","M","E","?","T","?","R","B",null,"M","?","T","$","?","R","M","M","T","E","$","M","?","M","R","B"],"character_chosen":"DEFECT","items_purchased":["Happy Flower","Hologram","FearPotion","SkillPotion","Swift Potion","FearPotion","LiquidBronze"],"campfire_rested":4,"item_purchase_floors":[5,21,21,21,21,28,28],"current_hp_per_floor":[63,63,52,52,52,52,30,52,52,52,17,17,17,17,39,14,75,68,24,24,24,24,46,24,24,24,6,6,6,6,6,28,0],"gold":48,"neow_bonus":"RANDOM_COMMON_RELIC","is_prod":false,"is_daily":false,"chose_seed":false,"campfire_upgraded":1,"win_rate":0,"timestamp":1543799623,"path_taken":["M","M","?","?","$","R","E","R","T","?","E","?","?","?","R","BOSS","M","?","?","$","?","R","M","M","T","E","$","M","?","M","R","BOSS"],"build_version":"2018-11-15","purchased_purges":2,"victory":false,"max_hp_per_floor":[75,75,75,75,75,75,75,75,75,75,75,75,75,75,75,75,75,75,75,75,75,75,75,75,75,75,75,75,75,75,75,75,75],"card_choices":[{"not_picked":["Sweeping Beam","Redo"],"picked":"Rebound","floor":1},{"not_picked":["Loop","Blizzard"],"picked":"Coolheaded","floor":2},{"not_picked":["Undo","Multi-Cast","Meteor Strike"],"picked":"SKIP","floor":7},{"not_picked":["Chill","Cold Snap+1"],"picked":"Streamline+1","floor":10},{"not_picked":["Double Energy","Stack"],"picked":"Streamline+1","floor":11},{"not_picked":["Rainbow","Thunder Strike+1"],"picked":"Hyperbeam+1","floor":16},{"not_picked":["Rebound+1","Sunder+1"],"picked":"Go for the Eyes+1","floor":18},{"not_picked":["Consume+1","Steam"],"picked":"Compile Driver+1","floor":24},{"not_picked":["Barrage+1","Thunder Strike+1"],"picked":"Gash+1","floor":25},{"not_picked":["Skim","Recycle"],"picked":"Hyperbeam+1","floor":27},{"not_picked":["Cold Snap+1","Chill","Barrage+1"],"picked":"SKIP","floor":29},{"not_picked":["White Noise","Rip and Tear+1"],"picked":"Rebound+1","floor":31}],"player_experience":243438,"relics_obtained":[{"floor":7,"key":"Molten Egg 2"},{"floor":9,"key":"Vajra"},{"floor":11,"key":"Bronze Scales"},{"floor":13,"key":"Juzu Bracelet"},{"floor":19,"key":"Dead Branch"},{"floor":19,"key":"Letter Opener"},{"floor":26,"key":"Nunchaku"},{"floor":27,"key":"Oddly Smooth Stone"}],"event_choices":[{"damage_healed":0,"gold_gain":75,"player_choice":"Gather Gold","damage_taken":11,"max_hp_gain":0,"max_hp_loss":0,"event_name":"World of Goop","floor":3,"gold_loss":0},{"cards_removed":["Zap"],"damage_healed":0,"gold_gain":0,"player_choice":"Offered Basic","damage_taken":0,"max_hp_gain":0,"max_hp_loss":0,"event_name":"Bonfire Elementals","floor":4,"gold_loss":0},{"damage_healed":0,"gold_gain":0,"player_choice":"Ignored","damage_taken":0,"max_hp_gain":0,"max_hp_loss":0,"event_name":"Shining Light","floor":12,"gold_loss":0},{"damage_healed":0,"gold_gain":59,"player_choice":"Gained Gold","damage_taken":0,"max_hp_gain":0,"max_hp_loss":0,"event_name":"Golden Wing","floor":14,"gold_loss":0},{"damage_healed":0,"gold_gain":0,"player_choice":"Fight","damage_taken":0,"max_hp_gain":0,"max_hp_loss":0,"event_name":"Colosseum","floor":19,"gold_loss":0},{"damage_healed":0,"gold_gain":0,"player_choice":"Fought Nobs","damage_taken":0,"max_hp_gain":0,"max_hp_loss":0,"event_name":"Colosseum","floor":19,"gold_loss":0},{"cards_removed":["Defend_B"],"damage_healed":0,"gold_gain":0,"player_choice":"Elegance","damage_taken":0,"max_hp_gain":0,"max_hp_loss":0,"event_name":"Back to Basics","floor":22,"gold_loss":0},{"damage_healed":0,"gold_gain":0,"player_choice":"Ignored","damage_taken":0,"max_hp_gain":0,"max_hp_loss":0,"event_name":"Beggar","floor":30,"gold_loss":0}],"is_beta":false,"boss_relics":[{"not_picked":["White Beast Statue","Busted Crown"],"picked":"Empty Cage"}],"items_purged_floors":[21,28],"is_endless":false,"potions_floor_spawned":[2,11,19,25,27,31],"killed_by":"Collector","ascension_level":4}