{"gold_per_floor":[115,14,14,14,28,28,28,71,148,148,172,172,195,220,220,313,313,329,352,395,21,44,44,63,63,118,154,170,170,170,170,170,263,263,279,303,295,331,343,355,411,423,435,0,0,125,125,143,143,143,143],"floor_reached":52,"playtime":3162,"items_purged":["Strike_G","Strike_G"],"score":1767,"play_id":"c8b71484-17ca-4fee-bc2a-72790294b0a6","local_time":"20181107213732","is_ascension_mode":true,"campfire_choices":[{"data":"Eviscerate","floor":6.0,"key":"SMITH"},{"data":"Eviscerate","floor":10.0,"key":"SMITH"},{"data":"Noxious Fumes","floor":15.0,"key":"SMITH"},{"data":"Wraith Form v2","floor":23.0,"key":"SMITH"},{"floor":25.0,"key":"REST"},{"floor":29.0,"key":"REST"},{"floor":32.0,"key":"REST"},{"data":"Bouncing Flask","floor":40.0,"key":"SMITH"},{"data":"Backflip","floor":42.0,"key":"SMITH"},{"floor":45.0,"key":"REST"},{"floor":49,"key":"REST"}],"neow_cost":"NONE","seed_source_timestamp":141980268680200,"circlet_count":0,"master_deck":["AscendersBane","Defend_G+1","Defend_G+1","Defend_G","Defend_G","Defend_G","Strike_G+1","Strike_G","Strike_G","Survivor+1","Neutralize","Crippling Poison+1","Eviscerate+1","Eviscerate+1","Noxious Fumes+1","After Image","Wraith Form v2+1","Calculated Gamble","Infinite Blades","Eviscerate+1","Predator","Backflip+1","PiercingWail","Cloak And Dagger","Backflip+1","Doppelganger","Bouncing Flask+1","Backflip","Backflip","Leg Sweep","Dash","Apotheosis","Blur"],"special_seed":0,"relics":["Snecko Eye","Golden Idol","Ornamental Fan","Kunai","Vajra","Lizard Tail","Red Mask","Whetstone","Snake Skull","Bottled Tornado","Enchiridion","Singing Bowl","Velvet Choker","MawBank","War Paint","Centennial Puzzle","TwistedFunnel","StoneCalendar"],"potions_floor_usage":[51],"damage_taken":[{"damage":0.0,"enemies":"Small Slimes","floor":1.0,"turns":5.0},{"damage":0.0,"enemies":"2 Louse","floor":5.0,"turns":3.0},{"damage":8.0,"enemies":"Gremlin Nob","floor":8.0,"turns":3.0},{"damage":0.0,"enemies":"Cultist","floor":11.0,"turns":2.0},{"damage":1.0,"enemies":"Large Slime","floor":13.0,"turns":3.0},{"damage":0.0,"enemies":"Looter","floor":14.0,"turns":1.0},{"damage":6.0,"enemies":"The Guardian","floor":16.0,"turns":8.0},{"damage":11.0,"enemies":"3 Byrds","floor":18.0,"turns":5.0},{"damage":6.0,"enemies":"2 Thieves","floor":19.0,"turns":4.0},{"damage":3.0,"enemies":"Masked Bandits","floor":20.0,"turns":4.0},{"damage":1.0,"enemies":"Snecko","floor":22.0,"turns":4.0},{"damage":1.0,"enemies":"Chosen and Byrds","floor":24.0,"turns":5.0},{"damage":18.0,"enemies":"Book of Stabbing","floor":27.0,"turns":4.0},{"damage":0.0,"enemies":"3 Cultists","floor":28.0,"turns":5.0},{"damage":11.0,"enemies":"Champ","floor":33.0,"turns":10.0},{"damage":0.0,"enemies":"Orb Walker","floor":35.0,"turns":3.0},{"damage":3.0,"enemies":"3 Shapes","floor":38.0,"turns":3.0},{"damage":18.0,"enemies":"Nemesis","floor":41.0,"turns":7.0},{"damage":5.0,"enemies":"Mind Bloom Boss Battle","floor":46.0,"turns":5.0},{"damage":2,"enemies":"Transient","floor":48,"turns":6},{"damage":32,"enemies":"Donu and Deca","floor":50,"turns":9},{"damage":18,"enemies":"Awakened One","floor":51,"turns":17}],"seed_played":"1195719918652793449","potions_obtained":[{"floor":1.0,"key":"SpeedPotion"},{"floor":8.0,"key":"Dexterity Potion"},{"floor":19.0,"key":"Strength Potion"},{"floor":20.0,"key":"SkillPotion"},{"floor":28.0,"key":"Energy Potion"},{"floor":35.0,"key":"LiquidBronze"},{"floor":37.0,"key":"Block Potion"},{"floor":46.0,"key":"GhostInAJar"},{"floor":48,"key":"Weak Potion"}],"is_trial":false,"path_per_floor":["M","$","?","?","M","R","?","E","T","R","M","?","M","M","R","B",null,"M","M","?","$","M","R","M","R","T","E","M","R","?","T","R","B",null,"M","T","?","M","$","R","E","R","T","$","R","?","?","M","R","B","B",null],"character_chosen":"THE_SILENT","items_purchased":["Crippling Poison","Fire Potion","Predator","Backflip","Whetstone","PiercingWail","TwistedFunnel","Leg Sweep","Dash"],"campfire_rested":5,"item_purchase_floors":[2,2,21,21,21,21,44,44,44],"current_hp_per_floor":[59,59,59,41,41,41,41,33,33,33,33,33,32,32,32,26,52,41,35,32,32,31,31,30,48,48,30,30,48,27,27,45,34,54,54,54,54,51,51,51,33,33,33,33,51,48,42,40,59,27,9],"gold":143,"neow_bonus":"BOSS_RELIC","is_prod":false,"is_daily":false,"chose_seed":false,"campfire_upgraded":6,"win_rate":0,"timestamp":1541644652,"path_taken":["M","$","?","?","M","R","?","E","T","R","M","?","?","M","R","BOSS","M","M","?","$","M","R","M","R","T","E","M","R","?","?","R","BOSS","M","?","?","?","$","R","E","R","T","$","R","?","?","M","R","BOSS","BOSS"],"build_version":"2018-11-06","purchased_purges":2,"victory":true,"max_hp_per_floor":[66,66,60,60,60,60,60,60,60,60,60,60,60,60,60,60,60,60,60,60,60,60,60,60,60,60,60,60,60,60,60,60,60,60,60,60,60,60,60,60,60,60,60,60,60,62,66,66,66,66,66],"card_choices":[{"not_picked":["Backstab","Slice"],"picked":"All Out Attack","floor":1.0},{"not_picked":["Reflex","Skewer"],"picked":"Eviscerate","floor":5.0},{"not_picked":["Die Die Die","Outmaneuver"],"picked":"Eviscerate","floor":8.0},{"not_picked":["Deflect","Dagger Throw","Deadly Poison"],"picked":"SKIP","floor":11.0},{"not_picked":["Quick Slash","Footwork"],"picked":"Noxious Fumes","floor":13.0},{"not_picked":["Finisher","Prepared"],"picked":"After Image","floor":14.0},{"not_picked":["Unload","Doppelganger"],"picked":"Wraith Form v2","floor":16.0},{"not_picked":["Deadly Poison","Reflex"],"picked":"Calculated Gamble","floor":18.0},{"not_picked":["Quick Slash","Bane"],"picked":"Infinite Blades","floor":19.0},{"not_picked":["Flying Knee","Dagger Throw"],"picked":"Eviscerate","floor":20.0},{"not_picked":["Poisoned Stab","Deadly Poison","Expertise"],"picked":"SKIP","floor":22.0},{"not_picked":["Poisoned Stab","Slice","Sucker Punch"],"picked":"SKIP","floor":24.0},{"not_picked":["Burst","Acrobatics"],"picked":"Cloak And Dagger","floor":27.0},{"not_picked":["Dagger Spray","Dodge and Roll"],"picked":"Backflip","floor":28.0},{"not_picked":["Venomology","After Image"],"picked":"Doppelganger","floor":33.0},{"not_picked":["Footwork","Deadly Poison"],"picked":"Bouncing Flask","floor":35.0},{"not_picked":["Acrobatics","PiercingWail"],"picked":"Backflip","floor":38.0},{"not_picked":["Masterful Stab+1","Phantasmal Killer"],"picked":"Backflip","floor":41.0},{"not_picked":["Deflect","Quick Slash","Accuracy+1"],"picked":"Singing Bowl","floor":46.0},{"not_picked":["Purity","Deep Breath"],"picked":"Apotheosis","floor":47.0},{"not_picked":["Trip","Blind","Mayhem"],"picked":"Singing Bowl","floor":47.0},{"not_picked":["Enlightenment","Purity","Thinking Ahead"],"picked":"Singing Bowl","floor":47.0},{"not_picked":["Underhanded Strike","Bane"],"picked":"Blur","floor":48}],"player_experience":1647336,"relics_obtained":[{"floor":8.0,"key":"Ornamental Fan"},{"floor":9.0,"key":"Kunai"},{"floor":20.0,"key":"Red Mask"},{"floor":26.0,"key":"Snake Skull"},{"floor":27.0,"key":"Bottled Tornado"},{"floor":30.0,"key":"Enchiridion"},{"floor":31.0,"key":"Singing Bowl"},{"floor":36.0,"key":"MawBank"},{"floor":41.0,"key":"War Paint"},{"floor":43.0,"key":"Centennial Puzzle"},{"floor":46.0,"key":"StoneCalendar"}],"event_choices":[{"damage_healed":0.0,"max_hp_gain":0.0,"max_hp_loss":6.0,"gold_gain":0.0,"event_name":"Golden Idol","player_choice":"Lose Max HP","floor":3.0,"gold_loss":0.0,"damage_taken":0.0,"relics_obtained":["Golden Idol"]},{"damage_healed":0.0,"max_hp_gain":0.0,"max_hp_loss":0.0,"gold_gain":0.0,"event_name":"Shining Light","player_choice":"Entered Light","floor":4.0,"gold_loss":0.0,"damage_taken":18.0,"cards_upgraded":["Defend_G","Defend_G"]},{"damage_healed":0.0,"max_hp_gain":0.0,"max_hp_loss":0.0,"gold_gain":0.0,"event_name":"Living Wall","player_choice":"Grow","floor":7.0,"gold_loss":0.0,"damage_taken":0.0,"cards_upgraded":["Crippling Poison"]},{"cards_removed":["All Out Attack"],"damage_healed":0.0,"max_hp_gain":0.0,"max_hp_loss":0.0,"gold_gain":0.0,"event_name":"WeMeetAgain","player_choice":"Gave Card","floor":12.0,"gold_loss":0.0,"damage_taken":0.0,"relics_obtained":["Vajra"]},{"damage_healed":0.0,"max_hp_gain":0.0,"max_hp_loss":0.0,"gold_gain":0.0,"event_name":"Masked Bandits","player_choice":"Fought Bandits","floor":20.0,"gold_loss":0.0,"damage_taken":0.0},{"damage_healed":0.0,"max_hp_gain":0.0,"max_hp_loss":0.0,"gold_gain":0.0,"event_name":"Cursed Tome","player_choice":"Obtained Book","floor":30.0,"gold_loss":0.0,"damage_taken":21.0},{"damage_healed":0.0,"max_hp_gain":0.0,"max_hp_loss":0.0,"gold_gain":0.0,"event_name":"The Woman in Blue","player_choice":"Bought 1 Potion","floor":37.0,"gold_loss":0.0,"damage_taken":0.0},{"damage_healed":0.0,"max_hp_gain":0.0,"max_hp_loss":0.0,"gold_gain":0.0,"event_name":"MindBloom","player_choice":"Fight","floor":46.0,"gold_loss":0.0,"damage_taken":0.0},{"damage_healed":0.0,"max_hp_gain":0.0,"max_hp_loss":0.0,"gold_gain":0.0,"event_name":"SensoryStone","player_choice":"Memory 3","floor":47.0,"gold_loss":0.0,"damage_taken":10.0}],"is_beta":true,"boss_relics":[{"not_picked":["Calling Bell","HoveringKite"],"picked":"Lizard Tail"},{"not_picked":["Pandora\u0027s Box","Tiny House"],"picked":"Velvet Choker"}],"items_purged_floors":[21,44],"is_endless":false,"potions_floor_spawned":[1,8,13,16,19,20,24,28,35,46,48],"ascension_level":20}