{"gold_per_floor":[109,34,34,34,34,74,23,43,43,5,5,18,93,111,111,230,230,244,105,120,134,233,233,233,233],"floor_reached":25,"playtime":1046,"items_purged":["Strike_B","Defend_B"],"score":224,"play_id":"89e17c63-1e12-45ed-9640-7a1e5d5e359b","local_time":"20180713150626","is_ascension_mode":false,"campfire_choices":[{"data":"Dualcast","floor":11,"key":"SMITH"},{"floor":15,"key":"REST"},{"data":"Defragment","floor":23,"key":"SMITH"}],"neow_cost":"NONE","seed_source_timestamp":4485378889666,"circlet_count":0,"master_deck":["Strike_B+1","Strike_B+1","Defend_B","Defend_B","Defend_B","Zap","Dualcast+1","Tempest","Beam Cell","Turbo","Self Repair","Recycle","Skim","BootSequence","Fission","Cold Snap","Defragment+1","Redo","Self Repair"],"relics":["Cracked Core","NeowsBlessing","Golden Idol","Whetstone","Vajra","Nuclear Battery","Ancient Tea Set"],"potions_floor_usage":[16],"damage_taken":[{"damage":0,"enemies":"Jaw Worm","floor":1,"turns":1},{"damage":0,"enemies":"3 Sentries","floor":6,"turns":1},{"damage":0,"enemies":"2 Louse","floor":8,"turns":1},{"damage":0,"enemies":"Small Slimes","floor":12,"turns":3},{"damage":44,"enemies":"Exordium Thugs","floor":14,"turns":5},{"damage":50,"enemies":"The Guardian","floor":16,"turns":10},{"damage":47,"enemies":"3 Byrds","floor":18,"turns":8},{"damage":10,"enemies":"Spheric Guardian","floor":20,"turns":3},{"damage":30,"enemies":"Snake Plant","floor":21,"turns":4},{"damage":16,"enemies":"Centurion and Healer","floor":25,"turns":2}],"seed_played":"-8143471759636229976","potions_obtained":[{"floor":1,"key":"PowerPotion"},{"floor":6,"key":"FairyPotion"},{"floor":14,"key":"SteroidPotion"},{"floor":20,"key":"Swift Potion"}],"is_trial":false,"path_per_floor":["M","$","?","?","?","E","$","M","T","$","R","M","?","M","R","B",null,"M","$","M","M","?","R","?"],"character_chosen":"DEFECT","items_purchased":["Turbo","Recycle","Defragment"],"campfire_rested":1,"item_purchase_floors":[7,10,19],"current_hp_per_floor":[75,75,75,75,57,57,57,57,57,57,57,64,53,16,38,8,75,35,35,32,9,9,9,9,0],"gold":233,"neow_bonus":"THREE_ENEMY_KILL","is_prod":false,"is_daily":false,"chose_seed":false,"campfire_upgraded":2,"win_rate":0,"timestamp":1531461986,"path_taken":["M","$","?","?","?","E","$","M","T","$","R","M","?","M","R","BOSS","M","$","M","M","?","R","?","M"],"build_version":"2018-07-12","purchased_purges":2,"victory":false,"max_hp_per_floor":[75,75,75,75,75,75,75,75,75,75,75,75,75,75,75,75,75,75,75,75,75,75,75,75,75],"card_choices":[{"not_picked":["Rebound","Leap"],"picked":"Tempest","floor":1},{"not_picked":["Chaos","Blizzard"],"picked":"Beam Cell","floor":6},{"not_picked":["Barrage","Thunder Strike"],"picked":"Self Repair","floor":8},{"not_picked":["Steam Power","Undo"],"picked":"Skim","floor":12},{"not_picked":["Gash","Barrage"],"picked":"BootSequence","floor":14},{"not_picked":["Buffer","Reboot"],"picked":"Fission","floor":16},{"not_picked":["Recycle","Blizzard"],"picked":"Cold Snap","floor":18},{"not_picked":["Sunder","Steam Power"],"picked":"Redo","floor":20},{"not_picked":["Conserve Battery","Redo"],"picked":"Self Repair","floor":21}],"player_experience":275440,"relics_obtained":[{"floor":6,"key":"Whetstone"},{"floor":9,"key":"Vajra"}],"event_choices":[{"event_name":"Living Wall","player_choice":"Forget","floor":3,"damage_taken":0},{"event_name":"The Cleric","player_choice":"Leave","floor":4,"damage_taken":0},{"event_name":"Golden Idol","player_choice":"Take Damage","floor":5,"damage_taken":0},{"event_name":"World of Goop","player_choice":"Gather Gold","floor":13,"damage_taken":0},{"event_name":"Nest","player_choice":"Stole From Cult","floor":22,"damage_taken":0},{"event_name":"The Mausoleum","player_choice":"Yes","floor":24,"damage_taken":0}],"boss_relics":[{"not_picked":["Snecko Eye","Ectoplasm"],"picked":"Nuclear Battery"}],"items_purged_floors":[2,19],"is_endless":false,"potions_floor_spawned":[1,6,14,20],"killed_by":"Centurion and Healer","ascension_level":0}