{"gold_per_floor":[115,68,78,153,153,153,180,180,204,218,218,245,261,261],"floor_reached":14,"playtime":190,"items_purged":[],"score":215,"play_id":"e8f427e9-e0c7-44c7-81e0-ffa18c0e3fc4","local_time":"20181229182509","is_ascension_mode":true,"campfire_choices":[{"data":"Streamline","floor":6,"key":"SMITH"},{"data":"Ball Lightning","floor":8,"key":"SMITH"},{"data":"Ball Lightning","floor":11,"key":"SMITH"}],"neow_cost":"NONE","seed_source_timestamp":175527482203715,"circlet_count":0,"master_deck":["AscendersBane","Strike_B","Strike_B+1","Strike_B+1","Strike_B","Defend_B","Defend_B","Defend_B","Defend_B","Zap+1","Dualcast","Conserve Battery+1","Ball Lightning+1","Streamline+1","Pain","Ball Lightning+1","White Noise","Go for the Eyes"],"relics":["Cracked Core","NeowsBlessing","WarpedTongs","War Paint","Omamori","Whetstone"],"potions_floor_usage":[],"damage_taken":[{"damage":0,"enemies":"Jaw Worm","floor":1,"turns":1},{"damage":0,"enemies":"Small Slimes","floor":3,"turns":1},{"damage":0,"enemies":"3 Sentries","floor":7,"turns":1},{"damage":0,"enemies":"Cultist","floor":10,"turns":2},{"damage":36,"enemies":"Gremlin Nob","floor":12,"turns":4},{"damage":11,"enemies":"Blue Slaver","floor":13,"turns":3},{"damage":0,"enemies":"2 Fungi Beasts","floor":14,"turns":1}],"seed_played":"2526231105412420454","potions_obtained":[{"floor":12,"key":"Strength Potion"}],"is_trial":false,"path_per_floor":["M","$","M","?","?","R","E","R","T","M","R","E","M","M"],"character_chosen":"DEFECT","items_purchased":["Ball Lightning"],"campfire_rested":0,"item_purchase_floors":[2],"current_hp_per_floor":[64,64,64,53,53,53,53,53,53,53,53,17,6,6],"gold":261,"neow_bonus":"THREE_ENEMY_KILL","is_prod":false,"is_daily":false,"chose_seed":false,"campfire_upgraded":3,"win_rate":0,"timestamp":1546125909,"path_taken":["M","$","M","?","?","R","E","R","T","M","R","E","M","?"],"build_version":"2018-12-20","purchased_purges":0,"victory":false,"max_hp_per_floor":[71,71,71,71,71,71,71,71,71,71,71,71,71,71],"card_choices":[{"not_picked":["Rebound","Undo"],"picked":"Conserve Battery","floor":1},{"not_picked":["Force Field","Steam"],"picked":"Streamline","floor":3},{"not_picked":["Force Field","Fusion"],"picked":"Ball Lightning","floor":7},{"not_picked":["Scrape","Ball Lightning","Beam Cell"],"picked":"SKIP","floor":10},{"not_picked":["Static Discharge","Steam"],"picked":"White Noise","floor":12},{"not_picked":["Barrage","Hologram"],"picked":"Go for the Eyes","floor":13}],"player_experience":434808,"relics_obtained":[{"floor":7,"key":"War Paint"},{"floor":9,"key":"Omamori"},{"floor":12,"key":"Whetstone"}],"event_choices":[{"damage_healed":0,"gold_gain":75,"player_choice":"Gather Gold","damage_taken":11,"max_hp_gain":0,"max_hp_loss":0,"event_name":"World of Goop","floor":4,"gold_loss":0},{"damage_healed":0,"gold_gain":0,"player_choice":"Rummage","damage_taken":0,"relics_obtained":["WarpedTongs"],"max_hp_gain":0,"max_hp_loss":0,"event_name":"Accursed Blacksmith","floor":5,"gold_loss":0,"cards_obtained":["Pain"]}],"is_beta":false,"boss_relics":[],"items_purged_floors":[],"is_endless":false,"potions_floor_spawned":[12],"killed_by":"2 Fungi Beasts","ascension_level":15}