{"gold_per_floor":[114],"floor_reached":1,"playtime":97,"items_purged":[],"score":7,"play_id":"26e87532-cece-4eb4-bc90-93b0c1a1109b","local_time":"20180930154055","daily_mods":["Draft","Flight","Lethality"],"is_ascension_mode":false,"campfire_choices":[],"neow_cost":"","seed_source_timestamp":0,"circlet_count":0,"master_deck":["Redo","Conserve Battery","Compile Driver","FTL","Genetic Algorithm","Static Discharge","Coolheaded","Sweeping Beam","Stack","Ball Lightning","FTL","Gash","Chaos","Gash","Sweeping Beam","Self Repair"],"special_seed":17804,"relics":["Cracked Core"],"potions_floor_usage":[],"damage_taken":[{"damage":17,"enemies":"2 Louse","floor":1,"turns":2}],"seed_played":"3855407655360463062","potions_obtained":[],"is_trial":false,"path_per_floor":[],"character_chosen":"DEFECT","items_purchased":[],"campfire_rested":0,"item_purchase_floors":[],"current_hp_per_floor":[58],"gold":114,"neow_bonus":"","is_prod":false,"is_daily":true,"chose_seed":false,"campfire_upgraded":0,"win_rate":0,"timestamp":1538336455,"path_taken":["M"],"build_version":"2018-09-27","purchased_purges":0,"victory":false,"max_hp_per_floor":[75],"card_choices":[{"not_picked":["Beam Cell","Static Discharge"],"picked":"Redo","floor":0},{"not_picked":["Turbo","Redo"],"picked":"Conserve Battery","floor":0},{"not_picked":["Chaos","Turbo"],"picked":"Compile Driver","floor":0},{"not_picked":["Ball Lightning","Compile Driver"],"picked":"FTL","floor":0},{"not_picked":["Streamline","Sweeping Beam"],"picked":"Genetic Algorithm","floor":0},{"not_picked":["Steam Power","Lockon"],"picked":"Static Discharge","floor":0},{"not_picked":["Steam","Darkness"],"picked":"Coolheaded","floor":0},{"not_picked":["Barrage","Turbo"],"picked":"Sweeping Beam","floor":0},{"not_picked":["Turbo","Lockon"],"picked":"Stack","floor":0},{"not_picked":["Coolheaded","Darkness"],"picked":"Ball Lightning","floor":0},{"not_picked":["Go for the Eyes","Recycle"],"picked":"FTL","floor":0},{"not_picked":["Conserve Battery","Beam Cell"],"picked":"Gash","floor":0},{"not_picked":["Fusion","Rebound"],"picked":"Chaos","floor":0},{"not_picked":["Cold Snap","Beam Cell"],"picked":"Gash","floor":0},{"not_picked":["Leap","Redo"],"picked":"Sweeping Beam","floor":0},{"not_picked":["Stack","Rebound"],"picked":"Self Repair","floor":1}],"player_experience":130409,"relics_obtained":[],"event_choices":[],"is_beta":false,"boss_relics":[],"items_purged_floors":[],"is_endless":false,"potions_floor_spawned":[],"killed_by":"2 Louse","ascension_level":0}