{"gold_per_floor":[113,113,113,123,141,141,158,158,181,331,331,347,81,97,97,175,175,191,205,205,205,223,223,236,236,236,286,286,286,286],"floor_reached":30,"playtime":1113,"items_purged":["Doubt"],"score":440,"play_id":"ac1694b9-e343-440f-a85c-6e03cb7d7851","local_time":"20181029031728","is_ascension_mode":true,"campfire_choices":[{"data":"Crippling Poison","floor":6,"key":"SMITH"},{"data":"Catalyst","floor":15,"key":"SMITH"},{"data":"Footwork","floor":23,"key":"SMITH"},{"data":"Neutralize","floor":25,"key":"SMITH"},{"data":"Dagger Spray","floor":29,"key":"SMITH"}],"neow_cost":"NONE","seed_source_timestamp":841913451878700,"circlet_count":0,"master_deck":["Defend_G","Defend_G","Defend_G","Defend_G","Defend_G","Strike_G","Strike_G","Strike_G","Strike_G","Survivor","Neutralize+1","AscendersBane","Crippling Poison+1","Dagger Spray+1","Finisher","Poisoned Stab","Cloak And Dagger","Catalyst+1","Adrenaline","Footwork+1","Backflip","Bouncing Flask","Dash","Backflip","Escape Plan","Well Laid Plans","Dodge and Roll","Escape Plan"],"relics":["Coffee Dripper","Pen Nib","NlothsMask","Blood Vial","Orrery","The Courier"],"potions_floor_usage":[16,16,30],"damage_taken":[{"damage":4,"enemies":"Small Slimes","floor":1,"turns":4},{"damage":0,"enemies":"Cultist","floor":4,"turns":5},{"damage":3,"enemies":"2 Louse","floor":5,"turns":2},{"damage":2,"enemies":"Lots of Slimes","floor":7,"turns":2},{"damage":6,"enemies":"Looter","floor":12,"turns":4},{"damage":10,"enemies":"Gremlin Gang","floor":14,"turns":4},{"damage":17,"enemies":"The Guardian","floor":16,"turns":9},{"damage":16,"enemies":"Spheric Guardian","floor":18,"turns":4},{"damage":12,"enemies":"Chosen","floor":19,"turns":5},{"damage":22,"enemies":"Snake Plant","floor":22,"turns":5},{"damage":17,"enemies":"Shelled Parasite and Fungi","floor":24,"turns":7},{"damage":0,"enemies":"Colosseum Slavers","floor":28,"turns":4},{"damage":14,"enemies":"Slavers","floor":30,"turns":1}],"seed_played":"-8656347451535138993","potions_obtained":[{"floor":1,"key":"PowerPotion"},{"floor":4,"key":"Weak Potion"},{"floor":5,"key":"Dexterity Potion"},{"floor":22,"key":"LiquidBronze"},{"floor":24,"key":"Weak Potion"}],"is_trial":false,"path_per_floor":["M","?","?","M","M","R","M","$","T","?","?","M","$","M","R","B",null,"M","M","?","T","M","R","M","R","T","?","?","R"],"character_chosen":"THE_SILENT","items_purchased":["Blood Vial","Cloak And Dagger"],"campfire_rested":0,"item_purchase_floors":[13,13],"current_hp_per_floor":[55,55,55,55,52,52,50,50,50,50,50,44,44,36,36,21,55,41,31,44,44,24,24,9,9,9,9,11,11,0],"gold":286,"neow_bonus":"BOSS_RELIC","is_prod":false,"is_daily":false,"chose_seed":false,"campfire_upgraded":5,"win_rate":0,"timestamp":1540797448,"path_taken":["M","?","?","?","M","R","M","$","T","?","?","M","$","M","R","BOSS","M","M","?","?","?","R","M","R","T","?","?","R","E"],"build_version":"2018-10-19","purchased_purges":1,"victory":false,"max_hp_per_floor":[66,66,66,66,66,66,66,66,66,66,66,66,66,66,66,66,66,66,66,66,66,66,66,66,66,66,66,66,66,66],"card_choices":[{"not_picked":["Blur","Escape Plan"],"picked":"Crippling Poison","floor":1},{"not_picked":["Underhanded Strike","Bane"],"picked":"Dagger Spray","floor":4},{"not_picked":["Blade Dance","Tools of the Trade"],"picked":"Finisher","floor":5},{"not_picked":["Prepared","Acrobatics","Setup"],"picked":"SKIP","floor":7},{"not_picked":["Flechettes","Riddle With Holes"],"picked":"Poisoned Stab","floor":12},{"not_picked":["Acrobatics","Calculated Gamble"],"picked":"Catalyst","floor":14},{"not_picked":["Bullet Time","Die Die Die"],"picked":"Adrenaline","floor":16},{"not_picked":["Finisher","Dash"],"picked":"Footwork","floor":17},{"not_picked":["PiercingWail","Deadly Poison"],"picked":"Backflip","floor":17},{"not_picked":["All Out Attack","Backstab"],"picked":"Bouncing Flask","floor":17},{"not_picked":["Heel Hook","Deflect"],"picked":"Dash","floor":17},{"not_picked":["Dagger Spray","Deadly Poison"],"picked":"Backflip","floor":17},{"not_picked":["Backstab","Sucker Punch"],"picked":"Escape Plan","floor":18},{"not_picked":["Acrobatics","Doppelganger"],"picked":"Well Laid Plans","floor":19},{"not_picked":["Acrobatics","Heel Hook"],"picked":"Dodge and Roll","floor":22},{"not_picked":["Backstab","Calculated Gamble"],"picked":"Escape Plan","floor":24}],"player_experience":1547919,"relics_obtained":[{"floor":9,"key":"Pen Nib"},{"floor":26,"key":"The Courier"}],"event_choices":[{"damage_healed":0,"gold_gain":0,"cards_transformed":["Strike_G"],"player_choice":"Transformed","damage_taken":0,"max_hp_gain":0,"max_hp_loss":0,"event_name":"Transmorgrifier","floor":2,"gold_loss":0,"cards_obtained":["Reflex"]},{"cards_removed":["Reflex"],"damage_healed":0,"gold_gain":0,"player_choice":"Purged","damage_taken":0,"max_hp_gain":0,"max_hp_loss":0,"event_name":"Purifier","floor":3,"gold_loss":0},{"damage_healed":0,"gold_gain":150,"player_choice":"AGREE","damage_taken":0,"max_hp_gain":0,"max_hp_loss":0,"event_name":"Liars Game","floor":10,"gold_loss":0,"cards_obtained":["Doubt"]},{"damage_healed":0,"gold_gain":0,"player_choice":"Trade","damage_taken":0,"relics_obtained":["NlothsMask"],"max_hp_gain":0,"max_hp_loss":0,"event_name":"FaceTrader","floor":11,"gold_loss":0},{"damage_healed":13,"gold_gain":0,"player_choice":"Heal","damage_taken":0,"max_hp_gain":0,"max_hp_loss":0,"event_name":"The Library","floor":20,"gold_loss":0},{"damage_healed":0,"gold_gain":50,"player_choice":"Stole From Cult","damage_taken":0,"max_hp_gain":0,"max_hp_loss":0,"event_name":"Nest","floor":27,"gold_loss":0},{"damage_healed":0,"gold_gain":0,"player_choice":"Fight","damage_taken":0,"max_hp_gain":0,"max_hp_loss":0,"event_name":"Colosseum","floor":28,"gold_loss":0},{"damage_healed":0,"gold_gain":0,"player_choice":"Fled From Nobs","damage_taken":0,"max_hp_gain":0,"max_hp_loss":0,"event_name":"Colosseum","floor":28,"gold_loss":0}],"is_beta":true,"boss_relics":[{"not_picked":["Black Star","HoveringKite"],"picked":"Orrery"}],"items_purged_floors":[13],"is_endless":false,"potions_floor_spawned":[1,4,5,12,22,24],"killed_by":"Slavers","ascension_level":20}