{"gold_per_floor":[112,112,112,126,126,126,143,143,143,157,177,177],"floor_reached":12,"playtime":380,"items_purged":[],"score":140,"play_id":"e42cc34d-8332-4d4f-8565-1691677cb090","local_time":"20181027194535","is_ascension_mode":true,"campfire_choices":[{"data":"Neutralize","floor":6,"key":"SMITH"},{"data":"Dagger Spray","floor":8,"key":"SMITH"}],"neow_cost":"NONE","seed_source_timestamp":729132201478900,"circlet_count":0,"master_deck":["Defend_G","Defend_G","Defend_G","Defend_G","Defend_G","Strike_G","Strike_G","Strike_G","Strike_G","Strike_G","Survivor","Neutralize+1","AscendersBane","Poisoned Stab","Dagger Spray+1","Infinite Blades","Backstab"],"relics":["Black Star","CultistMask","Mummified Hand","Kunai"],"potions_floor_usage":[],"damage_taken":[{"damage":3,"enemies":"2 Louse","floor":1,"turns":3},{"damage":0,"enemies":"Cultist","floor":4,"turns":4},{"damage":9,"enemies":"Jaw Worm","floor":7,"turns":7},{"damage":4,"enemies":"2 Fungi Beasts","floor":10,"turns":3},{"damage":7,"enemies":"3 Louse","floor":11,"turns":4},{"damage":24,"enemies":"Lagavulin","floor":12,"turns":6}],"seed_played":"4896709944043041777","potions_obtained":[{"floor":11,"key":"Ancient Potion"}],"is_trial":false,"path_per_floor":["M","?","?","M","?","R","M","R","T","M","M"],"character_chosen":"THE_SILENT","items_purchased":[],"campfire_rested":0,"item_purchase_floors":[],"current_hp_per_floor":[56,56,38,38,43,43,34,34,34,30,23,0],"gold":177,"neow_bonus":"BOSS_RELIC","is_prod":false,"is_daily":false,"chose_seed":false,"campfire_upgraded":2,"win_rate":0,"timestamp":1540683935,"path_taken":["M","?","?","M","?","R","M","R","T","M","?","E"],"build_version":"2018-10-19","purchased_purges":0,"victory":false,"max_hp_per_floor":[66,66,66,66,71,71,71,71,71,71,71,71],"card_choices":[{"not_picked":["Prepared","Slice"],"picked":"Poisoned Stab","floor":1},{"not_picked":["Underhanded Strike","Accuracy","Prepared"],"picked":"SKIP","floor":4},{"not_picked":["Quick Slash","Setup"],"picked":"Dagger Spray","floor":7},{"not_picked":["Expertise","Crippling Poison"],"picked":"Infinite Blades","floor":10},{"not_picked":["Poisoned Stab","Slice"],"picked":"Backstab","floor":11}],"player_experience":1526025,"relics_obtained":[{"floor":9,"key":"Kunai"}],"event_choices":[{"damage_healed":0,"gold_gain":0,"player_choice":"Trade","damage_taken":0,"relics_obtained":["CultistMask"],"max_hp_gain":0,"max_hp_loss":0,"event_name":"FaceTrader","floor":2,"gold_loss":0},{"damage_healed":0,"gold_gain":0,"player_choice":"Success","damage_taken":18,"relics_obtained":["Mummified Hand"],"max_hp_gain":0,"max_hp_loss":0,"event_name":"Scrap Ooze","floor":3,"gold_loss":0},{"damage_healed":0,"gold_gain":0,"player_choice":"Donut","damage_taken":0,"max_hp_gain":5,"max_hp_loss":0,"event_name":"Big Fish","floor":5,"gold_loss":0}],"is_beta":true,"boss_relics":[],"items_purged_floors":[],"is_endless":false,"potions_floor_spawned":[11],"killed_by":"Lagavulin","ascension_level":20}