{"gold_per_floor":[119,138,35,110,210,237,254,429,429,461,472,499,499,515,515,610,610,629,154,254,270,270,270,288,306,306,306,337,337,371,391,391,489,489,503,519,263,263,274,274,300,319,345,345,445,475,36,70,70,70],"floor_reached":51,"playtime":2195,"items_purged":["Doubt","Defend_B","Go for the Eyes"],"score":956,"play_id":"6660032f-686e-486a-b425-bf2542349756","local_time":"20181117095958","is_ascension_mode":true,"campfire_choices":[{"data":"Hyperbeam","floor":13,"key":"SMITH"},{"data":"Scrape","floor":15,"key":"SMITH"},{"data":"Streamline","floor":23,"key":"SMITH"},{"data":"Beam Cell","floor":27,"key":"SMITH"},{"data":"1","floor":29,"key":"LIFT"},{"data":"2","floor":32,"key":"LIFT"},{"data":"3","floor":40,"key":"LIFT"},{"data":"Scrape","floor":44,"key":"SMITH"},{"data":"Gash","floor":49,"key":"SMITH"}],"neow_cost":"NONE","seed_source_timestamp":235453729583930,"circlet_count":0,"master_deck":["Defend_B","Defend_B","Defend_B","Zap","Dualcast","Genetic Algorithm+1","Hyperbeam+1","Gash","Rebound","Scrape+1","Buffer+1","Beam Cell+1","Rebound","FTL","Seek","Stack","Scrape+1","Streamline+1","Gash+1","Steam","Hyperbeam+1","Leap+1","Beam Cell+1","Steam","Bite+1","Bite+1","Bite+1","Bite+1","Beam Cell+1","Beam Cell+1","Go for the Eyes+1","Rebound+1","Turbo","Streamline+1","Gash+1","All For One+1"],"relics":["Cracked Core","NeowsBlessing","Frozen Egg 2","Bottled Flame","Pocketwatch","Ancient Tea Set","Orrery","Molten Egg 2","Prayer Wheel","Pantograph","Blue Candle","Girya","War Paint","Philosopher\u0027s Stone","Anchor","Bird Faced Urn","Dream Catcher","Nunchaku","Bag of Preparation","Pear"],"potions_floor_usage":[16,20,33,33,50],"damage_taken":[{"damage":0,"enemies":"Jaw Worm","floor":1,"turns":1},{"damage":0,"enemies":"Small Slimes","floor":2,"turns":1},{"damage":0,"enemies":"Lagavulin","floor":6,"turns":1},{"damage":0,"enemies":"Cultist","floor":7,"turns":2},{"damage":17,"enemies":"Gremlin Nob","floor":10,"turns":4},{"damage":3,"enemies":"Looter","floor":11,"turns":2},{"damage":9,"enemies":"3 Sentries","floor":12,"turns":2},{"damage":0,"enemies":"Large Slime","floor":14,"turns":2},{"damage":34,"enemies":"Hexaghost","floor":16,"turns":8},{"damage":24,"enemies":"Shell Parasite","floor":18,"turns":3},{"damage":7,"enemies":"Colosseum Slavers","floor":20,"turns":2},{"damage":20,"enemies":"Colosseum Nobs","floor":20,"turns":3},{"damage":5,"enemies":"3 Byrds","floor":21,"turns":2},{"damage":0,"enemies":"Centurion and Healer","floor":24,"turns":5},{"damage":0,"enemies":"Snecko","floor":25,"turns":2},{"damage":13,"enemies":"Book of Stabbing","floor":28,"turns":3},{"damage":7,"enemies":"Slavers","floor":30,"turns":3},{"damage":0,"enemies":"3 Cultists","floor":31,"turns":3},{"damage":18,"enemies":"Champ","floor":33,"turns":9},{"damage":6,"enemies":"3 Shapes","floor":35,"turns":1},{"damage":7,"enemies":"3 Darklings","floor":36,"turns":3},{"damage":0,"enemies":"Spire Growth","floor":39,"turns":4},{"damage":14,"enemies":"Giant Head","floor":41,"turns":7},{"damage":0,"enemies":"Jaw Worm Horde","floor":42,"turns":1},{"damage":7,"enemies":"Nemesis","floor":46,"turns":5},{"damage":29,"enemies":"Reptomancer","floor":48,"turns":3},{"damage":48,"enemies":"Donu and Deca","floor":50,"turns":7}],"seed_played":"813859465507180208","potions_obtained":[{"floor":1,"key":"GamblersBrew"},{"floor":7,"key":"Ancient Potion"},{"floor":11,"key":"SpeedPotion"},{"floor":12,"key":"FocusPotion"},{"floor":18,"key":"Regen Potion"},{"floor":24,"key":"EssenceOfSteel"},{"floor":33,"key":"Weak Potion"},{"floor":35,"key":"SneckoOil"},{"floor":36,"key":"Regen Potion"},{"floor":42,"key":"SteroidPotion"}],"is_trial":false,"path_per_floor":["M","M","$","?","?","E","M","?","T","E","M","E","R","M","R","B",null,"M","$","?","M","?","R","M","M","T","R","E","R","E","M","R","B",null,"M","M","$","?","M","R","E","M","T","R","?","E","$","E","R","B",null],"character_chosen":"DEFECT","items_purchased":["Gash","Go for the Eyes","Molten Egg 2","Hyperbeam+1","Anchor","All For One+1","Bag of Preparation"],"campfire_rested":0,"item_purchase_floors":[3,3,19,19,37,47,47],"current_hp_per_floor":[75,75,75,64,64,64,64,64,64,47,44,35,35,35,35,1,75,51,51,29,24,24,24,36,36,36,36,26,26,25,28,28,34,52,46,42,42,42,48,48,42,42,42,42,42,49,49,33,33,23],"gold":70,"neow_bonus":"THREE_ENEMY_KILL","is_prod":false,"is_daily":false,"chose_seed":false,"campfire_upgraded":6,"win_rate":0,"timestamp":1542466798,"path_taken":["M","M","$","?","?","E","?","?","T","E","M","E","R","M","R","BOSS","M","$","?","M","?","R","M","?","T","R","E","R","E","M","R","BOSS","M","M","?","?","M","R","E","M","T","R","?","E","$","E","R","BOSS"],"build_version":"2018-11-15","purchased_purges":3,"victory":true,"max_hp_per_floor":[75,75,75,75,75,75,75,75,75,75,75,75,75,75,75,75,75,75,75,75,75,52,52,52,52,52,52,52,52,52,52,52,52,52,52,52,52,52,52,52,52,52,52,52,52,52,52,62,62,62],"card_choices":[{"not_picked":["Recycle","Redo"],"picked":"Genetic Algorithm","floor":1},{"not_picked":["Go for the Eyes","Streamline"],"picked":"Hyperbeam","floor":2},{"not_picked":["Self Repair","Lockon"],"picked":"Rebound","floor":6},{"not_picked":["Rip and Tear","Sweeping Beam"],"picked":"Scrape","floor":7},{"not_picked":["Coolheaded","Redo"],"picked":"Buffer+1","floor":10},{"not_picked":["Hologram","Coolheaded"],"picked":"Beam Cell","floor":11},{"not_picked":["Steam","Turbo"],"picked":"Rebound","floor":12},{"not_picked":["Undo","Turbo"],"picked":"FTL","floor":14},{"not_picked":["Biased Cognition+1","Buffer+1"],"picked":"Seek","floor":16},{"not_picked":["Sunder","Compile Driver"],"picked":"Stack","floor":17},{"not_picked":["Rebound","Fusion"],"picked":"Scrape","floor":17},{"not_picked":["Beam Cell","Defragment+1"],"picked":"Streamline","floor":17},{"not_picked":["Conserve Battery","Steam"],"picked":"Gash","floor":17},{"not_picked":["Sweeping Beam","Conserve Battery"],"picked":"Steam","floor":18},{"not_picked":["Barrage+1","Coolheaded"],"picked":"Leap","floor":20},{"not_picked":["Cold Snap+1","Hologram+1"],"picked":"Beam Cell+1","floor":21},{"not_picked":["Barrage+1","Stack"],"picked":"Steam","floor":21},{"not_picked":["Turbo","Echo Form+1"],"picked":"Beam Cell+1","floor":24},{"not_picked":["Static Discharge+1","Aggregate","Barrage+1"],"picked":"SKIP","floor":24},{"not_picked":["Barrage+1","Heatsinks+1"],"picked":"Beam Cell+1","floor":25},{"not_picked":["Auto Shields","Ball Lightning+1","Undo"],"picked":"SKIP","floor":25},{"not_picked":["Darkness+1","Lockon+1","Reprogram"],"picked":"SKIP","floor":28},{"not_picked":["Undo+1","Reinforced Body","Steam"],"picked":"SKIP","floor":30},{"not_picked":["Beam Cell+1","Recycle"],"picked":"Go for the Eyes+1","floor":31},{"not_picked":["Reinforced Body+1","Aggregate","Sweeping Beam+1"],"picked":"SKIP","floor":31},{"not_picked":["Reinforced Body","Stack+1","Cold Snap+1"],"picked":"SKIP","floor":35},{"not_picked":["Beam Cell+1","Cold Snap+1","Barrage+1"],"picked":"SKIP","floor":35},{"not_picked":["Blizzard+1","Skim"],"picked":"Rebound+1","floor":36},{"not_picked":["Heatsinks+1","Conserve Battery","Chaos"],"picked":"SKIP","floor":36},{"not_picked":["Cold Snap+1","Reinforced Body"],"picked":"Turbo","floor":39},{"not_picked":["Loop+1","Go for the Eyes+1","Barrage+1"],"picked":"SKIP","floor":39},{"not_picked":["Creative AI+1","Cold Snap+1"],"picked":"Streamline+1","floor":41},{"not_picked":["White Noise","Ball Lightning+1"],"picked":"Gash+1","floor":42},{"not_picked":["Doom and Gloom+1","Defragment+1","Sunder+1"],"picked":"SKIP","floor":42},{"not_picked":["Hello World+1","Coolheaded","Glacier"],"picked":"SKIP","floor":46},{"not_picked":["Coolheaded","Leap","Loop+1"],"picked":"SKIP","floor":48}],"player_experience":122751,"relics_obtained":[{"floor":6,"key":"Frozen Egg 2"},{"floor":9,"key":"Bottled Flame"},{"floor":10,"key":"Pocketwatch"},{"floor":12,"key":"Ancient Tea Set"},{"floor":20,"key":"Prayer Wheel"},{"floor":20,"key":"Pantograph"},{"floor":26,"key":"Blue Candle"},{"floor":28,"key":"Girya"},{"floor":30,"key":"War Paint"},{"floor":41,"key":"Bird Faced Urn"},{"floor":43,"key":"Dream Catcher"},{"floor":46,"key":"Nunchaku"},{"floor":48,"key":"Pear"}],"event_choices":[{"damage_healed":0,"gold_gain":75,"player_choice":"Gather Gold","damage_taken":11,"max_hp_gain":0,"max_hp_loss":0,"event_name":"World of Goop","floor":4,"gold_loss":0},{"damage_healed":0,"gold_gain":100,"player_choice":"Pray","damage_taken":0,"max_hp_gain":0,"max_hp_loss":0,"event_name":"Golden Shrine","floor":5,"gold_loss":0},{"damage_healed":0,"gold_gain":175,"player_choice":"AGREE","damage_taken":0,"max_hp_gain":0,"max_hp_loss":0,"event_name":"Liars Game","floor":8,"gold_loss":0,"cards_obtained":["Doubt"]},{"damage_healed":0,"gold_gain":0,"player_choice":"Fight","damage_taken":0,"max_hp_gain":0,"max_hp_loss":0,"event_name":"Colosseum","floor":20,"gold_loss":0},{"damage_healed":0,"gold_gain":0,"player_choice":"Fought Nobs","damage_taken":0,"max_hp_gain":0,"max_hp_loss":0,"event_name":"Colosseum","floor":20,"gold_loss":0},{"damage_healed":0,"gold_gain":0,"player_choice":"Became a vampire","damage_taken":0,"max_hp_gain":0,"max_hp_loss":23,"event_name":"Vampires","floor":22,"gold_loss":0,"cards_obtained":["Bite","Bite","Bite","Bite","Bite"]},{"cards_removed":["Bite"],"damage_healed":0,"gold_gain":0,"player_choice":"Removed Attack","damage_taken":0,"max_hp_gain":0,"max_hp_loss":0,"event_name":"Falling","floor":38,"gold_loss":0},{"damage_healed":0,"gold_gain":100,"player_choice":"Pray","damage_taken":0,"max_hp_gain":0,"max_hp_loss":0,"event_name":"Golden Shrine","floor":45,"gold_loss":0}],"is_beta":false,"boss_relics":[{"not_picked":["Busted Crown","Eternal Feather"],"picked":"Orrery"},{"not_picked":["Lizard Tail","Runic Pyramid"],"picked":"Philosopher\u0027s Stone"}],"items_purged_floors":[19,37,47],"is_endless":false,"potions_floor_spawned":[1,7,11,12,18,20,24,28,31,33,35,36,42],"ascension_level":1}