{"gold_per_floor":[109,109,120,45,58,58,93,93,116,191,211,229,229,262,262,262],"floor_reached":16,"playtime":425,"items_purged":["Strike_R"],"score":110,"play_id":"d442bcb6-38f5-4bfc-8bb8-67f8a11aaabd","local_time":"20181215195654","is_ascension_mode":false,"campfire_choices":[{"data":"Whirlwind","floor":6,"key":"SMITH"},{"floor":8,"key":"RECALL"},{"data":"Clothesline","floor":13,"key":"SMITH"},{"data":"Juggernaut","floor":15,"key":"SMITH"}],"neow_cost":"NONE","seed_source_timestamp":1399647489216755,"circlet_count":0,"master_deck":["Strike_R","Strike_R","Strike_R","Defend_R","Defend_R","Defend_R","Defend_R","Bash","Power Through","Metallicize","Whirlwind+1","Shrug It Off","Clothesline+1","Juggernaut+1"],"relics":["Burning Blood","NeowsBlessing","Smiling Mask","Letter Opener"],"potions_floor_usage":[16],"damage_taken":[{"damage":0,"enemies":"Jaw Worm","floor":1,"turns":1},{"damage":0,"enemies":"2 Louse","floor":3,"turns":1},{"damage":0,"enemies":"Cultist","floor":5,"turns":1},{"damage":27,"enemies":"3 Sentries","floor":7,"turns":5},{"damage":0,"enemies":"2 Fungi Beasts","floor":11,"turns":1},{"damage":0,"enemies":"3 Louse","floor":12,"turns":1},{"damage":32,"enemies":"Gremlin Nob","floor":14,"turns":7},{"damage":39,"enemies":"Slime Boss","floor":16,"turns":9}],"seed_played":"-7819547789682456635","potions_obtained":[{"floor":1,"key":"Fire Potion"},{"floor":12,"key":"Weak Potion"}],"is_trial":false,"path_per_floor":["M","?","M","$","M","R","E","R","T","?","M","M","R","E","R","B"],"character_chosen":"IRONCLAD","items_purchased":[],"campfire_rested":0,"item_purchase_floors":[],"current_hp_per_floor":[80,80,80,80,80,80,59,59,59,48,54,60,60,34,34,0],"gold":262,"neow_bonus":"THREE_ENEMY_KILL","is_prod":false,"is_daily":false,"chose_seed":false,"campfire_upgraded":3,"win_rate":0,"timestamp":1544871414,"path_taken":["M","?","M","$","M","R","E","R","T","?","M","M","R","E","R","BOSS"],"build_version":"2018-12-13","purchased_purges":1,"victory":false,"max_hp_per_floor":[80,80,80,80,80,80,80,80,80,80,80,80,80,80,80,80],"card_choices":[{"not_picked":["Dual Wield","Body Slam"],"picked":"Power Through","floor":1},{"not_picked":["Armaments","True Grit"],"picked":"Metallicize","floor":3},{"not_picked":["Clash","Clothesline"],"picked":"Whirlwind","floor":5},{"not_picked":["Rage","Warcry"],"picked":"Shrug It Off","floor":7},{"not_picked":["Anger","Flex"],"picked":"Clothesline","floor":11},{"not_picked":["Twin Strike","Pommel Strike","Clash"],"picked":"SKIP","floor":12},{"not_picked":["Twin Strike","Fiend Fire"],"picked":"Juggernaut","floor":14}],"player_experience":631567,"relics_obtained":[{"floor":7,"key":"Smiling Mask"},{"floor":14,"key":"Letter Opener"}],"event_choices":[{"cards_removed":["Strike_R"],"damage_healed":0,"gold_gain":0,"player_choice":"Forget","damage_taken":0,"max_hp_gain":0,"max_hp_loss":0,"event_name":"Living Wall","floor":2,"gold_loss":0},{"damage_healed":0,"gold_gain":75,"player_choice":"Gather Gold","damage_taken":11,"max_hp_gain":0,"max_hp_loss":0,"event_name":"World of Goop","floor":10,"gold_loss":0}],"is_beta":false,"boss_relics":[],"items_purged_floors":[4],"is_endless":false,"potions_floor_spawned":[1,12],"killed_by":"Slime Boss","ascension_level":0}