{"gold_per_floor":[114,114,264,264,25,25,38,69,69,104,134,146,158,182,194,280,292,315,377,139,139,150,150,175,175,175,209,124,136,51,65,65,144,144,159,169,220,220,230,256,274,274,274,33,33,33,33,49,49,49,49],"floor_reached":52,"playtime":4361,"items_purged":["Doubt","Strike_G","Clumsy"],"score":1977,"play_id":"89f7c11b-1534-42d7-8790-66db7ded5285","local_time":"20181025175850","is_ascension_mode":true,"campfire_choices":[{"data":"Finisher","floor":6,"key":"SMITH"},{"data":"Deadly Poison","floor":12,"key":"SMITH"},{"data":"Infinite Blades","floor":15,"key":"SMITH"},{"data":"Noxious Fumes","floor":23,"key":"SMITH"},{"data":"Well Laid Plans","floor":25,"key":"SMITH"},{"data":"Catalyst","floor":32,"key":"SMITH"},{"data":"Malaise","floor":42,"key":"SMITH"},{"data":"Acrobatics","floor":46,"key":"SMITH"},{"floor":49,"key":"REST"}],"neow_cost":"NONE","seed_source_timestamp":545929482137799,"circlet_count":0,"master_deck":["Defend_G","Defend_G","Defend_G","Defend_G","Defend_G","Strike_G","Survivor","Neutralize+1","AscendersBane","All Out Attack+1","Phantasmal Killer+1","Blade Dance+1","Finisher+1","Flying Knee","Infinite Blades+1","Deadly Poison+1","Noxious Fumes+1","Cloak And Dagger","Acrobatics+1","Ghostly","Ghostly","Ghostly","Ghostly","Ghostly","Well Laid Plans+1","Catalyst+1","Footwork","Cloak And Dagger","Corpse Explosion","Expertise","Backflip","Malaise+1","Acrobatics","Violence","Catalyst"],"relics":["Astrolabe","Blood Vial","Sundial","Singing Bowl","MawBank","Cursed Key","Strawberry","Potion Belt","Ancient Tea Set","WristBlade","Dead Branch","Meat on the Bone","WingedGreaves"],"potions_floor_usage":[10,24,33,33,40,50,50,51],"damage_taken":[{"damage":4,"enemies":"2 Louse","floor":1,"turns":3},{"damage":0,"enemies":"Jaw Worm","floor":7,"turns":2},{"damage":12,"enemies":"3 Sentries","floor":8,"turns":6},{"damage":6,"enemies":"Gremlin Nob","floor":10,"turns":3},{"damage":1,"enemies":"Small Slimes","floor":11,"turns":2},{"damage":1,"enemies":"Looter","floor":14,"turns":4},{"damage":28,"enemies":"The Guardian","floor":16,"turns":9},{"damage":6,"enemies":"Spheric Guardian","floor":18,"turns":3},{"damage":13,"enemies":"2 Thieves","floor":22,"turns":5},{"damage":7,"enemies":"Slavers","floor":24,"turns":6},{"damage":3,"enemies":"Book of Stabbing","floor":27,"turns":6},{"damage":0,"enemies":"Centurion and Healer","floor":29,"turns":6},{"damage":2,"enemies":"3 Cultists","floor":31,"turns":6},{"damage":31,"enemies":"Champ","floor":33,"turns":11},{"damage":2,"enemies":"3 Darklings","floor":35,"turns":6},{"damage":0,"enemies":"3 Shapes","floor":36,"turns":3},{"damage":2,"enemies":"2 Orb Walkers","floor":37,"turns":4},{"damage":0,"enemies":"Spire Growth","floor":39,"turns":2},{"damage":27,"enemies":"Nemesis","floor":40,"turns":7},{"damage":1,"enemies":"Maw","floor":41,"turns":7},{"damage":7,"enemies":"Writhing Mass","floor":48,"turns":7},{"damage":20,"enemies":"Awakened One","floor":50,"turns":15},{"damage":0,"enemies":"Donu and Deca","floor":51,"turns":6}],"seed_played":"-6966204944152625267","potions_obtained":[{"floor":1,"key":"AttackPotion"},{"floor":10,"key":"GamblersBrew"},{"floor":14,"key":"Dexterity Potion"},{"floor":27,"key":"GamblersBrew"},{"floor":33,"key":"Regen Potion"},{"floor":35,"key":"Dexterity Potion"},{"floor":40,"key":"Explosive Potion"},{"floor":41,"key":"EssenceOfSteel"}],"is_trial":false,"path_per_floor":["M","?","?","?","$","R","M","E","T","E","M","R","$","M","R","B",null,"M","?","$","?","M","R","E","R","T","E","?","M","$","M","R","B",null,"M","M","?","?","M","E","M","R","T","$","?","R","?","M","R","B","B"],"character_chosen":"THE_SILENT","items_purchased":["Blood Vial","Noxious Fumes","Cloak And Dagger","Acrobatics","Footwork","PowerPotion","Acrobatics"],"campfire_rested":1,"item_purchase_floors":[5,20,20,20,30,44,44],"current_hp_per_floor":[55,60,60,60,60,60,62,52,52,48,51,51,51,54,54,30,65,63,63,63,39,26,26,30,30,30,29,29,31,31,31,31,2,37,37,41,41,41,43,34,37,37,37,37,37,37,34,29,44,38,40],"gold":49,"neow_bonus":"BOSS_RELIC","is_prod":false,"is_daily":false,"chose_seed":false,"campfire_upgraded":8,"win_rate":0,"timestamp":1540504730,"path_taken":["M","?","?","?","$","R","M","E","T","E","M","R","?","M","R","BOSS","M","?","$","?","M","R","E","R","T","E","?","M","$","?","R","BOSS","M","M","?","?","?","E","M","R","T","$","?","R","?","M","R","BOSS","BOSS"],"build_version":"2018-10-19","purchased_purges":3,"victory":true,"max_hp_per_floor":[66,71,71,71,71,71,71,71,71,71,73,73,73,75,75,77,77,79,79,79,39,39,39,48,48,48,48,48,48,48,48,48,48,48,48,50,50,47,47,49,51,51,51,51,51,51,53,53,53,53,53],"card_choices":[{"not_picked":["Acrobatics","Dagger Spray"],"picked":"Finisher","floor":1},{"not_picked":["Dodge and Roll","Caltrops"],"picked":"Flying Knee","floor":7},{"not_picked":["Underhanded Strike","Bane"],"picked":"Infinite Blades","floor":8},{"not_picked":["Venomology","Blade Dance"],"picked":"Deadly Poison","floor":10},{"not_picked":["Deadly Poison","Bane","Slice"],"picked":"Singing Bowl","floor":11},{"not_picked":["Poisoned Stab","Heel Hook","Riddle With Holes"],"picked":"Singing Bowl","floor":14},{"not_picked":["Phantasmal Killer","Envenom","Night Terror"],"picked":"Singing Bowl","floor":16},{"not_picked":["Slice","Reflex","Quick Slash"],"picked":"Singing Bowl","floor":18},{"not_picked":["Riddle With Holes","Outmaneuver"],"picked":"Well Laid Plans","floor":22},{"not_picked":["Dodge and Roll","Flechettes","Underhanded Strike+1"],"picked":"Singing Bowl","floor":24},{"not_picked":["Blur+1","Blade Dance"],"picked":"Skewer+1","floor":27},{"not_picked":["Flying Knee","PiercingWail"],"picked":"Catalyst","floor":29},{"not_picked":["Slice+1","Endless Agony+1"],"picked":"Cloak And Dagger","floor":31},{"not_picked":["Glass Knife","Storm of Steel"],"picked":"Corpse Explosion","floor":33},{"not_picked":["Calculated Gamble","Deflect"],"picked":"Expertise","floor":35},{"not_picked":["Predator","Dagger Spray","Blade Dance"],"picked":"Singing Bowl","floor":36},{"not_picked":["Sucker Punch+1","Expertise"],"picked":"Backflip","floor":37},{"not_picked":["Endless Agony+1","Dodge and Roll"],"picked":"Malaise","floor":39},{"not_picked":["Masterful Stab","Quick Slash","Endless Agony"],"picked":"Singing Bowl","floor":40},{"not_picked":["Outmaneuver","Bouncing Flask","Bane"],"picked":"Singing Bowl","floor":41},{"not_picked":["Dramatic Entrance","Finesse","Purity"],"picked":"Singing Bowl","floor":47},{"not_picked":["Mind Blast","Mayhem"],"picked":"Violence","floor":47},{"not_picked":["Flechettes+1","Concentrate"],"picked":"Catalyst","floor":48}],"player_experience":1491387,"relics_obtained":[{"floor":8,"key":"Sundial"},{"floor":9,"key":"Singing Bowl"},{"floor":10,"key":"MawBank"},{"floor":24,"key":"Strawberry"},{"floor":27,"key":"Potion Belt"},{"floor":37,"key":"Dead Branch"},{"floor":40,"key":"Meat on the Bone"},{"floor":43,"key":"WingedGreaves"}],"event_choices":[{"damage_healed":0,"gold_gain":0,"player_choice":"Donut","damage_taken":0,"max_hp_gain":5,"max_hp_loss":0,"event_name":"Big Fish","floor":2,"gold_loss":0},{"damage_healed":0,"gold_gain":150,"player_choice":"AGREE","damage_taken":0,"max_hp_gain":0,"max_hp_loss":0,"event_name":"Liars Game","floor":3,"gold_loss":0,"cards_obtained":["Doubt"]},{"damage_healed":0,"gold_gain":0,"player_choice":"Grow","damage_taken":0,"max_hp_gain":0,"max_hp_loss":0,"event_name":"Living Wall","floor":4,"gold_loss":0,"cards_upgraded":["Neutralize"]},{"damage_healed":0,"gold_gain":50,"player_choice":"Stole From Cult","damage_taken":0,"max_hp_gain":0,"max_hp_loss":0,"event_name":"Nest","floor":19,"gold_loss":0},{"damage_healed":0,"gold_gain":0,"player_choice":"Became a Ghost","damage_taken":0,"max_hp_gain":0,"max_hp_loss":40,"event_name":"Ghosts","floor":21,"gold_loss":0,"cards_obtained":["Ghostly","Ghostly","Ghostly","Ghostly","Ghostly"]},{"damage_healed":0,"gold_gain":0,"player_choice":"Obtained Relic","damage_taken":0,"relics_obtained":["Ancient Tea Set"],"max_hp_gain":0,"max_hp_loss":0,"event_name":"Addict","floor":28,"gold_loss":85},{"damage_healed":0,"gold_gain":0,"player_choice":"Fight","damage_taken":0,"max_hp_gain":0,"max_hp_loss":0,"event_name":"Mysterious Sphere","floor":37,"gold_loss":0},{"damage_healed":0,"gold_gain":0,"player_choice":"Max HP","damage_taken":0,"max_hp_gain":0,"max_hp_loss":3,"event_name":"Winding Halls","floor":38,"gold_loss":0},{"cards_removed":["Skewer"],"damage_healed":0,"gold_gain":0,"player_choice":"Removed Attack","damage_taken":0,"max_hp_gain":0,"max_hp_loss":0,"event_name":"Falling","floor":45,"gold_loss":0},{"damage_healed":0,"gold_gain":0,"player_choice":"Memory 2","damage_taken":5,"max_hp_gain":0,"max_hp_loss":0,"event_name":"SensoryStone","floor":47,"gold_loss":0}],"is_beta":true,"boss_relics":[{"not_picked":["Busted Crown","Velvet Choker"],"picked":"Cursed Key"},{"not_picked":["White Beast Statue","Calling Bell"],"picked":"WristBlade"}],"items_purged_floors":[5,20,44],"is_endless":false,"potions_floor_spawned":[1,10,14,27,33,35,40,41],"ascension_level":20}