{"gold_per_floor":[117,70,21,21,36,36,63,63,63,63,98,98,23,43,43,142,142,156,11,11,110,123,123,133,162,162,162,188,34,34,44,44,141,141,152,167,178,178,158,158,185,43,91,91,91],"floor_reached":45,"playtime":3258,"items_purged":["Strike_B","Writhe","Defend_B"],"score":643,"play_id":"b64158b5-ebc8-4b36-bc36-fff8bc71f182","local_time":"20190201133230","is_ascension_mode":true,"campfire_choices":[{"data":"Zap","floor":6,"key":"SMITH"},{"data":"Go for the Eyes","floor":10,"key":"SMITH"},{"data":"Streamline","floor":12,"key":"SMITH"},{"data":"Cold Snap","floor":15,"key":"SMITH"},{"data":"Coolheaded","floor":23,"key":"SMITH"},{"data":"Melter","floor":27,"key":"SMITH"},{"floor":32,"key":"REST"},{"floor":40,"key":"REST"}],"neow_cost":"NONE","seed_source_timestamp":940256641503,"circlet_count":0,"master_deck":["Defend_B+1","Defend_B+1","Zap+1","Dualcast+1","Go for the Eyes+1","Streamline+1","Cold Snap+1","FTL+1","Coolheaded+1","Glacier+1","Electrodynamics","Electrodynamics+1","Fusion+1","Fission+1","Ball Lightning+1","White Noise","Melter+1","Ball Lightning+1","Rebound","Loop","Gash+1","Creative AI+1","Consume+1","Glacier+1","Capacitor+1","Coolheaded+1"],"relics":["FrozenCore","NeowsBlessing","Singing Bowl","Shuriken","Ginger","Astrolabe","War Paint","Smiling Mask","Pear","Thread and Needle","Gremlin Horn","Frozen Egg 2","Toxic Egg 2","Whetstone"],"potions_floor_usage":[11,16,28,33,41,41,44],"damage_taken":[{"damage":0,"enemies":"Cultist","floor":1,"turns":1},{"damage":0,"enemies":"Jaw Worm","floor":5,"turns":1},{"damage":0,"enemies":"Lagavulin","floor":7,"turns":1},{"damage":9,"enemies":"3 Sentries","floor":11,"turns":6},{"damage":0,"enemies":"Small Slimes","floor":14,"turns":2},{"damage":0,"enemies":"The Guardian","floor":16,"turns":10},{"damage":0,"enemies":"Spheric Guardian","floor":18,"turns":3},{"damage":0,"enemies":"3 Byrds","floor":22,"turns":2},{"damage":10,"enemies":"Snecko","floor":24,"turns":5},{"damage":23,"enemies":"Slavers","floor":25,"turns":4},{"damage":8,"enemies":"Book of Stabbing","floor":28,"turns":4},{"damage":11,"enemies":"Centurion and Healer","floor":31,"turns":3},{"damage":38,"enemies":"Automaton","floor":33,"turns":8},{"damage":46,"enemies":"3 Darklings","floor":35,"turns":3},{"damage":13,"enemies":"3 Shapes","floor":36,"turns":4},{"damage":19,"enemies":"Jaw Worm Horde","floor":37,"turns":4},{"damage":30,"enemies":"Giant Head","floor":41,"turns":14},{"damage":0,"enemies":"3 Darklings","floor":44,"turns":1},{"damage":12,"enemies":"Reptomancer","floor":45,"turns":1}],"seed_played":"3251852857004368297","potions_obtained":[{"floor":5,"key":"SkillPotion"},{"floor":11,"key":"EssenceOfSteel"},{"floor":22,"key":"EssenceOfSteel"},{"floor":24,"key":"Weak Potion"},{"floor":28,"key":"Energy Potion"},{"floor":35,"key":"SmokeBomb"},{"floor":39,"key":"Energy Potion"}],"is_trial":false,"path_per_floor":["M","$","$","?","M","R","E","?","T","R","E","R","$","M","R","B",null,"M","$","?","?","M","R","M","E","T","R","E","$","T","M","R","B",null,"M","M","M","?","?","R","E","$","T","M","E"],"character_chosen":"DEFECT","items_purchased":["Streamline","Cold Snap","War Paint","Rebound","Loop","Capacitor+1","Coolheaded+1"],"campfire_rested":2,"item_purchase_floors":[2,3,19,29,29,42,42],"current_hp_per_floor":[75,75,75,75,75,75,77,62,62,62,53,53,53,53,53,53,77,77,77,77,77,79,79,69,56,56,56,48,48,48,37,63,25,89,45,34,15,15,15,42,12,12,12,12,0],"gold":91,"neow_bonus":"THREE_ENEMY_KILL","is_prod":false,"is_daily":false,"chose_seed":false,"campfire_upgraded":6,"win_rate":0,"timestamp":1549045950,"path_taken":["M","?","$","?","?","R","E","?","T","R","E","R","$","M","R","BOSS","M","$","?","?","M","R","M","E","T","R","E","?","?","M","R","BOSS","M","M","M","?","?","R","E","$","T","M","E"],"build_version":"2019-01-23","purchased_purges":3,"victory":false,"max_hp_per_floor":[75,75,75,75,75,75,77,77,77,77,77,77,77,77,77,77,77,77,77,77,77,79,79,79,89,89,89,89,89,89,89,89,89,89,91,93,93,93,93,93,93,93,93,93,93],"card_choices":[{"not_picked":["Compile Driver","Beam Cell"],"picked":"Go for the Eyes","floor":1},{"not_picked":["Conserve Battery","Turbo"],"picked":"FTL","floor":5},{"not_picked":["Steam","Steam Power","Leap"],"picked":"Singing Bowl","floor":7},{"not_picked":["Steam","Reinforced Body"],"picked":"Coolheaded","floor":11},{"not_picked":["Go for the Eyes","Conserve Battery"],"picked":"Glacier","floor":14},{"not_picked":["Reboot","All For One"],"picked":"Electrodynamics","floor":16},{"not_picked":["Coolheaded","Aggregate"],"picked":"Ball Lightning","floor":18},{"not_picked":["Glacier","FTL","Coolheaded"],"picked":"Singing Bowl","floor":22},{"not_picked":["Loop","Doom and Gloom"],"picked":"White Noise","floor":24},{"not_picked":["Go for the Eyes","Hologram"],"picked":"Melter","floor":25},{"not_picked":["Redo","Fission"],"picked":"Ball Lightning+1","floor":28},{"not_picked":["Undo","Go for the Eyes"],"picked":"Gash+1","floor":31},{"not_picked":["Hyperbeam","Electrodynamics+1"],"picked":"Creative AI+1","floor":33},{"not_picked":["Compile Driver","Heatsinks+1","Ball Lightning"],"picked":"Singing Bowl","floor":35},{"not_picked":["Steam","Compile Driver","Cold Snap+1"],"picked":"Singing Bowl","floor":36},{"not_picked":["Cold Snap","Go for the Eyes"],"picked":"Consume+1","floor":37},{"not_picked":["Electrodynamics+1","Redo"],"picked":"Glacier+1","floor":41}],"player_experience":183614,"relics_obtained":[{"floor":7,"key":"Singing Bowl"},{"floor":9,"key":"Shuriken"},{"floor":11,"key":"Ginger"},{"floor":25,"key":"Pear"},{"floor":26,"key":"Thread and Needle"},{"floor":28,"key":"Gremlin Horn"},{"floor":30,"key":"Frozen Egg 2"},{"floor":41,"key":"Toxic Egg 2"},{"floor":43,"key":"Whetstone"}],"event_choices":[{"cards_removed":["Strike_B"],"damage_healed":0,"gold_gain":0,"player_choice":"Offered Basic","damage_taken":0,"max_hp_gain":0,"max_hp_loss":0,"event_name":"Bonfire Elementals","floor":4,"gold_loss":0},{"damage_healed":0,"gold_gain":0,"player_choice":"Entered Light","damage_taken":15,"max_hp_gain":0,"max_hp_loss":0,"event_name":"Shining Light","floor":8,"gold_loss":0,"cards_upgraded":["Defend_B","Dualcast"]},{"damage_healed":0,"gold_gain":0,"player_choice":"Opened","damage_taken":0,"relics_obtained":["Smiling Mask"],"max_hp_gain":0,"max_hp_loss":0,"event_name":"The Mausoleum","floor":20,"gold_loss":0,"cards_obtained":["Writhe"]},{"damage_healed":0,"gold_gain":99,"player_choice":"Stole From Cult","damage_taken":0,"max_hp_gain":0,"max_hp_loss":0,"event_name":"Nest","floor":21,"gold_loss":0},{"damage_healed":0,"gold_gain":0,"player_choice":"Ignored","damage_taken":0,"max_hp_gain":0,"max_hp_loss":0,"event_name":"Mysterious Sphere","floor":38,"gold_loss":0},{"damage_healed":0,"gold_gain":0,"player_choice":"Bought 1 Potion","damage_taken":0,"max_hp_gain":0,"max_hp_loss":0,"event_name":"The Woman in Blue","floor":39,"gold_loss":0}],"is_beta":false,"boss_relics":[{"not_picked":["Sozu","White Beast Statue"],"picked":"Astrolabe"},{"not_picked":["Busted Crown","Eternal Feather"],"picked":"FrozenCore"}],"items_purged_floors":[13,29,42],"is_endless":false,"potions_floor_spawned":[5,11,22,24,28,35],"killed_by":"Reptomancer","ascension_level":2}