{"gold_per_floor":[118,118,168,178,53,53,67,78,101,113,127,127,127,144,144,144],"floor_reached":16,"playtime":975,"items_purged":[],"score":188,"play_id":"3bad1024-cf5f-4835-aedb-ec02b699d223","local_time":"20181124050118","is_ascension_mode":true,"campfire_choices":[{"floor":6.0,"key":"REST"},{"data":"Noxious Fumes","floor":13,"key":"SMITH"},{"floor":15,"key":"REST"}],"neow_cost":"NONE","seed_source_timestamp":84637173838000,"circlet_count":0,"master_deck":["AscendersBane","Defend_G","Defend_G","Defend_G","Defend_G","Defend_G","Strike_G","Strike_G","Strike_G","Strike_G","Strike_G","Survivor","Neutralize","Leg Sweep","Poisoned Stab","Impatience","Cloak And Dagger","Terror","Dagger Spray","Noxious Fumes+1","Parasite","Choke"],"special_seed":0,"relics":["HoveringKite","PreservedInsect","Smiling Mask"],"potions_floor_usage":[16],"damage_taken":[{"damage":46.0,"enemies":"Jaw Worm","floor":1.0,"turns":10.0},{"damage":3.0,"enemies":"Cultist","floor":4.0,"turns":5.0},{"damage":0.0,"enemies":"2 Louse","floor":7.0,"turns":2.0},{"damage":2.0,"enemies":"Blue Slaver","floor":8.0,"turns":5.0},{"damage":0.0,"enemies":"Looter","floor":10.0,"turns":4.0},{"damage":13,"enemies":"Gremlin Gang","floor":11,"turns":5},{"damage":11,"enemies":"Exordium Thugs","floor":14,"turns":7},{"damage":34,"enemies":"The Guardian","floor":16,"turns":12}],"seed_played":"6308721726132371629","potions_obtained":[{"floor":4.0,"key":"Swift Potion"},{"floor":7.0,"key":"GamblersBrew"}],"is_trial":false,"path_per_floor":["M","?","?","M","$","R","M","M","T","M","M","?","R","M","R","B"],"character_chosen":"THE_SILENT","items_purchased":["Impatience","Cloak And Dagger"],"campfire_rested":2,"item_purchase_floors":[5,5],"current_hp_per_floor":[13,8,8,5,5,24,24,22,22,22,9,25,25,14,33,0],"gold":144,"neow_bonus":"BOSS_RELIC","is_prod":false,"is_daily":false,"chose_seed":false,"campfire_upgraded":1,"win_rate":0,"timestamp":1543053678,"path_taken":["M","?","?","?","$","R","M","M","T","M","M","?","R","M","R","BOSS"],"build_version":"2018-11-15","purchased_purges":0,"victory":false,"max_hp_per_floor":[66,66,66,66,66,66,66,66,66,66,66,66,66,66,66,66],"card_choices":[{"not_picked":["Dagger Spray","Riddle With Holes"],"picked":"Leg Sweep","floor":1.0},{"not_picked":["PiercingWail","Acrobatics"],"picked":"Poisoned Stab","floor":4.0},{"not_picked":["Outmaneuver","Prepared"],"picked":"Terror","floor":7.0},{"not_picked":["Outmaneuver","Accuracy"],"picked":"Dagger Spray","floor":8.0},{"not_picked":["Venomology","Tactician","Finisher"],"picked":"SKIP","floor":10.0},{"not_picked":["Venomology","Tactician","Finisher"],"picked":"SKIP","floor":10.0},{"not_picked":["Slice","Dagger Throw"],"picked":"Noxious Fumes","floor":11},{"not_picked":["Slice","Blade Dance"],"picked":"Choke","floor":14}],"player_experience":1664137,"relics_obtained":[{"floor":9.0,"key":"Smiling Mask"}],"event_choices":[{"damage_healed":0.0,"max_hp_gain":0.0,"max_hp_loss":0.0,"gold_gain":0.0,"event_name":"Scrap Ooze","player_choice":"Success","floor":2.0,"gold_loss":0.0,"damage_taken":5.0,"relics_obtained":["PreservedInsect"]},{"damage_healed":0.0,"max_hp_gain":0.0,"max_hp_loss":0.0,"gold_gain":50.0,"event_name":"Golden Shrine","player_choice":"Pray","floor":3.0,"gold_loss":0.0,"damage_taken":0.0},{"damage_healed":16,"gold_gain":0,"player_choice":"Healed and dodged fight","damage_taken":0,"max_hp_gain":0,"max_hp_loss":0,"event_name":"Mushrooms","floor":12,"gold_loss":0,"cards_obtained":["Parasite"]}],"is_beta":true,"boss_relics":[],"items_purged_floors":[],"is_endless":false,"potions_floor_spawned":[4,7],"killed_by":"The Guardian","ascension_level":20}