{"gold_per_floor":[112,132,150,170,68,68,128,128,128,199,274,289,308,325,325,325],"floor_reached":16,"playtime":817,"items_purged":["Strike_B"],"score":156,"play_id":"189146e6-af56-4515-ab78-effb62c4f2d3","local_time":"20181022000456","is_ascension_mode":true,"campfire_choices":[{"data":"Zap","floor":6,"key":"SMITH"},{"data":"Dualcast","floor":8,"key":"SMITH"},{"data":"Chaos","floor":15,"key":"SMITH"}],"neow_cost":"PERCENT_DAMAGE","seed_source_timestamp":7609326584946,"circlet_count":0,"master_deck":["Strike_B","Strike_B","Strike_B","Defend_B","Defend_B","Defend_B","Defend_B","Zap+1","Dualcast+1","AscendersBane","All For One","Static Discharge","Auto Shields","Sweeping Beam","Turbo","Biased Cognition","Coolheaded","Chaos+1","Cold Snap"],"relics":["Cracked Core","Tiny Chest","Strawberry","Pantograph"],"potions_floor_usage":[16,16],"damage_taken":[{"damage":0,"enemies":"Cultist","floor":1,"turns":3},{"damage":2,"enemies":"Jaw Worm","floor":2,"turns":3},{"damage":4,"enemies":"Small Slimes","floor":3,"turns":3},{"damage":1,"enemies":"2 Fungi Beasts","floor":4,"turns":3},{"damage":15,"enemies":"3 Sentries","floor":7,"turns":6},{"damage":13,"enemies":"Lots of Slimes","floor":12,"turns":3},{"damage":0,"enemies":"Large Slime","floor":13,"turns":6},{"damage":0,"enemies":"Looter","floor":14,"turns":4},{"damage":37,"enemies":"Hexaghost","floor":16,"turns":9}],"seed_played":"-1591561654658691335","potions_obtained":[{"floor":1,"key":"Swift Potion"},{"floor":7,"key":"Energy Potion"},{"floor":12,"key":"Regen Potion"}],"is_trial":false,"path_per_floor":["M","M","M","M","$","R","E","R","T","T","?","M","M","M","R"],"character_chosen":"DEFECT","items_purchased":["Turbo"],"campfire_rested":0,"item_purchase_floors":[5],"current_hp_per_floor":[50,48,44,43,43,43,28,28,35,35,24,11,11,11,11,0],"gold":325,"neow_bonus":"THREE_RARE_CARDS","is_prod":false,"is_daily":false,"chose_seed":false,"campfire_upgraded":3,"win_rate":0,"timestamp":1540134296,"path_taken":["M","?","M","M","$","R","E","R","T","?","?","M","M","M","R","BOSS"],"build_version":"2018-10-19","purchased_purges":1,"victory":false,"max_hp_per_floor":[75,75,75,75,75,75,75,75,82,82,82,82,82,82,82,82],"card_choices":[{"not_picked":["Amplify","Fission"],"picked":"All For One","floor":0},{"not_picked":["Hologram","Compile Driver","Genetic Algorithm"],"picked":"SKIP","floor":1},{"not_picked":["Undo","Auto Shields"],"picked":"Static Discharge","floor":2},{"not_picked":["Storm","Chill"],"picked":"Auto Shields","floor":3},{"not_picked":["Streamline","Blizzard"],"picked":"Sweeping Beam","floor":4},{"not_picked":["Go for the Eyes","Barrage"],"picked":"Biased Cognition","floor":7},{"not_picked":["Hologram","Streamline"],"picked":"Coolheaded","floor":12},{"not_picked":["Tempest","Barrage"],"picked":"Chaos","floor":13},{"not_picked":["Hologram","Recycle"],"picked":"Cold Snap","floor":14}],"player_experience":527012,"relics_obtained":[{"floor":7,"key":"Tiny Chest"},{"floor":9,"key":"Strawberry"},{"floor":10,"key":"Pantograph"}],"event_choices":[{"damage_healed":0,"gold_gain":75,"player_choice":"Gather Gold","damage_taken":11,"max_hp_gain":0,"max_hp_loss":0,"event_name":"World of Goop","floor":11,"gold_loss":0}],"is_beta":true,"boss_relics":[],"items_purged_floors":[5],"is_endless":false,"potions_floor_spawned":[1,7,12,14],"killed_by":"Hexaghost","ascension_level":10}