{"gold_per_floor":[112,41,41,41,41,67,81,81,81,81,92,107,107,123,123,219,219,230,249,299,224,237,237,237,266,319,319,319,55,132,150,150,255,255,265,282,282,292,292],"floor_reached":39,"playtime":3517,"items_purged":["Strike_G","Writhe"],"score":424,"play_id":"aaea2478-1049-4ca6-9016-ab5db4299492","local_time":"20190105132113","is_ascension_mode":false,"campfire_choices":[{"data":"Neutralize","floor":8,"key":"SMITH"},{"data":"Dash","floor":10,"key":"SMITH"},{"floor":13,"key":"REST"},{"data":"Noxious Fumes","floor":15,"key":"SMITH"},{"data":"Crippling Poison","floor":23,"key":"SMITH"},{"floor":28,"key":"REST"},{"data":"Well Laid Plans","floor":32,"key":"SMITH"}],"neow_cost":"NONE","seed_source_timestamp":1625390149964637,"circlet_count":0,"master_deck":["Defend_G","Defend_G","Defend_G","Defend_G","Strike_G","Strike_G","Strike_G","Survivor+1","Neutralize+1","Cloak And Dagger+1","Well Laid Plans+1","Crippling Poison+1","Dash+1","Noxious Fumes+1","Well Laid Plans","Outmaneuver","Tools of the Trade","Blade Dance+1","Escape Plan","Clumsy","Mayhem+1","Shame","PiercingWail+1","Storm of Steel","Escape Plan","Well Laid Plans+1","Well Laid Plans+1","Caltrops+1","Mayhem+1","Accuracy+1"],"relics":["Cursed Key","Regal Pillow","Mummified Hand","Empty Cage","Enchiridion","Dodecahedron","Tiny Chest","Frozen Egg 2","Singing Bowl","Orrery"],"potions_floor_usage":[14,33,33],"damage_taken":[{"damage":1,"enemies":"Cultist","floor":1,"turns":5},{"damage":38,"enemies":"Lagavulin","floor":6,"turns":10},{"damage":0,"enemies":"Small Slimes","floor":7,"turns":4},{"damage":0,"enemies":"Jaw Worm","floor":11,"turns":3},{"damage":3,"enemies":"3 Louse","floor":12,"turns":3},{"damage":9,"enemies":"Exordium Thugs","floor":14,"turns":6},{"damage":21,"enemies":"Hexaghost","floor":16,"turns":11},{"damage":0,"enemies":"Shell Parasite","floor":18,"turns":6},{"damage":10,"enemies":"3 Byrds","floor":19,"turns":6},{"damage":15,"enemies":"Snake Plant","floor":22,"turns":6},{"damage":19,"enemies":"Gremlin Leader","floor":25,"turns":7},{"damage":1,"enemies":"3 Cultists","floor":31,"turns":5},{"damage":44,"enemies":"Collector","floor":33,"turns":9},{"damage":45,"enemies":"3 Darklings","floor":35,"turns":6},{"damage":9,"enemies":"3 Shapes","floor":36,"turns":6},{"damage":5,"enemies":"3 Darklings","floor":38,"turns":6},{"damage":18,"enemies":"Jaw Worm Horde","floor":39,"turns":2}],"seed_played":"-502706791784899422","potions_obtained":[{"floor":6,"key":"Swift Potion"},{"floor":11,"key":"Block Potion"},{"floor":16,"key":"LiquidBronze"},{"floor":18,"key":"GamblersBrew"},{"floor":33,"key":"SteroidPotion"},{"floor":36,"key":"Dexterity Potion"}],"is_trial":false,"path_per_floor":["M","$","?","$","?","E","M","R","T","R","M","M","R","M","R","B",null,"M","M","?","$","M","R","?","E","T","?","R","$","T","M","R","B",null,"M","M","?","M","M"],"character_chosen":"THE_SILENT","items_purchased":["Well Laid Plans","Mayhem+1"],"campfire_rested":2,"item_purchase_floors":[2,29],"current_hp_per_floor":[69,69,55,55,48,10,10,10,10,10,10,7,43,34,34,13,70,70,60,60,60,45,45,29,10,10,10,46,46,46,45,45,1,74,29,22,22,17,0],"gold":292,"neow_bonus":"BOSS_RELIC","is_prod":false,"is_daily":false,"chose_seed":false,"campfire_upgraded":5,"win_rate":0,"timestamp":1546662073,"path_taken":["M","?","?","?","?","E","?","R","T","R","M","M","R","M","R","BOSS","M","M","?","$","?","R","?","E","T","?","R","$","?","M","R","BOSS","M","M","?","?","M"],"build_version":"2019-01-03v4","purchased_purges":2,"victory":false,"max_hp_per_floor":[70,70,70,70,70,70,70,70,70,70,70,70,70,70,70,70,70,70,70,70,70,70,70,70,70,70,70,70,70,70,70,70,70,74,74,76,76,76,76],"card_choices":[{"not_picked":["Dodge and Roll","Underhanded Strike"],"picked":"Cloak And Dagger","floor":1},{"not_picked":["Expertise","Prepared"],"picked":"Crippling Poison","floor":6},{"not_picked":["Dagger Throw","Poisoned Stab"],"picked":"Dash","floor":7},{"not_picked":["Expertise","Poisoned Stab"],"picked":"Noxious Fumes","floor":11},{"not_picked":["Slice","Backflip"],"picked":"Well Laid Plans","floor":12},{"not_picked":["Backflip","Poisoned Stab"],"picked":"Outmaneuver","floor":14},{"not_picked":["Night Terror","Die Die Die"],"picked":"Tools of the Trade","floor":16},{"not_picked":["Setup","Poisoned Stab","Finisher"],"picked":"SKIP","floor":18},{"not_picked":["Quick Slash","Slice"],"picked":"Blade Dance+1","floor":19},{"not_picked":["Quick Slash+1","Poisoned Stab","Bane"],"picked":"SKIP","floor":22},{"not_picked":["Underhanded Strike","Deadly Poison+1"],"picked":"Escape Plan","floor":25},{"not_picked":["Distraction","Quick Slash"],"picked":"PiercingWail+1","floor":31},{"not_picked":["Corpse Explosion","Venomology"],"picked":"Storm of Steel","floor":33},{"not_picked":["Backflip+1","Slice+1","Eviscerate"],"picked":"Singing Bowl","floor":34},{"not_picked":["Leg Sweep+1","Underhanded Strike"],"picked":"Escape Plan","floor":34},{"not_picked":["Acrobatics+1","Deflect"],"picked":"Well Laid Plans+1","floor":34},{"not_picked":["Deadly Poison","Poisoned Stab","Blade Dance"],"picked":"Singing Bowl","floor":34},{"not_picked":["Backflip+1","Bane"],"picked":"Well Laid Plans+1","floor":34},{"not_picked":["Slice","Prepared"],"picked":"Caltrops+1","floor":35},{"not_picked":["Poisoned Stab","Outmaneuver+1","Endless Agony+1"],"picked":"Singing Bowl","floor":36},{"not_picked":["Flying Knee","Escape Plan+1"],"picked":"Accuracy+1","floor":38}],"player_experience":756480,"relics_obtained":[{"floor":6,"key":"Regal Pillow"},{"floor":9,"key":"Mummified Hand"},{"floor":24,"key":"Enchiridion"},{"floor":25,"key":"Dodecahedron"},{"floor":26,"key":"Tiny Chest"},{"floor":30,"key":"Singing Bowl"}],"event_choices":[{"damage_healed":0,"gold_gain":0,"player_choice":"Entered Light","damage_taken":14,"max_hp_gain":0,"max_hp_loss":0,"event_name":"Shining Light","floor":3,"gold_loss":0,"cards_upgraded":["Cloak And Dagger","Survivor"]},{"cards_removed":["Strike_G"],"damage_healed":0,"gold_gain":0,"player_choice":"Card Removal","damage_taken":7,"max_hp_gain":0,"max_hp_loss":0,"event_name":"Golden Wing","floor":5,"gold_loss":0},{"damage_healed":0,"gold_gain":100,"player_choice":"Bet on Murderer","damage_taken":0,"max_hp_gain":0,"max_hp_loss":0,"event_name":"The Joust","floor":20,"gold_loss":50},{"damage_healed":0,"gold_gain":0,"player_choice":"Obtained Book","damage_taken":16,"max_hp_gain":0,"max_hp_loss":0,"event_name":"Cursed Tome","floor":24,"gold_loss":0},{"damage_healed":0,"gold_gain":0,"player_choice":"Opened","damage_taken":0,"relics_obtained":["Frozen Egg 2"],"max_hp_gain":0,"max_hp_loss":0,"event_name":"The Mausoleum","floor":27,"gold_loss":0,"cards_obtained":["Writhe"]},{"damage_healed":0,"gold_gain":0,"player_choice":"Copied","damage_taken":0,"max_hp_gain":0,"max_hp_loss":0,"event_name":"Duplicator","floor":37,"gold_loss":0,"cards_obtained":["Mayhem"]}],"is_beta":false,"boss_relics":[{"not_picked":["Runic Pyramid","Black Star"],"picked":"Empty Cage"},{"not_picked":["Calling Bell","Snecko Eye"],"picked":"Orrery"}],"items_purged_floors":[21,29],"is_endless":false,"potions_floor_spawned":[6,11,16,18,19,33,36],"killed_by":"Jaw Worm Horde","ascension_level":0}