{"gold_per_floor":[115,115,134,153,153,153,183,183,183,183,206,206,222,25,25,25],"floor_reached":16,"playtime":809,"items_purged":[],"score":100,"play_id":"a236548b-b9dc-4967-b94c-569d66b3fae2","local_time":"20190112122843","is_ascension_mode":false,"campfire_choices":[{"data":"1","floor":6,"key":"LIFT"},{"floor":8,"key":"REST"},{"floor":15,"key":"REST"}],"neow_cost":"CURSE","seed_source_timestamp":903294201651622,"circlet_count":0,"master_deck":["Defend_G","Defend_G","Defend_G","Defend_G","Defend_G","Strike_G","Strike_G","Strike_G","Strike_G","Strike_G","Survivor","Neutralize","Doubt","Dagger Spray","Outmaneuver","Outmaneuver","Night Terror","Injury","Underhanded Strike","Dagger Throw","Mayhem"],"relics":["Ring of the Snake","Girya","Ninja Scroll","Vajra","Golden Idol"],"potions_floor_usage":[],"damage_taken":[{"damage":1,"enemies":"Jaw Worm","floor":1,"turns":6},{"damage":1,"enemies":"Cultist","floor":3,"turns":4},{"damage":0,"enemies":"2 Louse","floor":4,"turns":2},{"damage":53,"enemies":"Lagavulin","floor":7,"turns":11},{"damage":0,"enemies":"2 Fungi Beasts","floor":11,"turns":1},{"damage":13,"enemies":"Red Slaver","floor":13,"turns":2},{"damage":44,"enemies":"The Guardian","floor":16,"turns":12}],"seed_played":"-8884971426719094595","potions_obtained":[{"floor":2,"key":"EssenceOfSteel"},{"floor":2,"key":"FearPotion"},{"floor":2,"key":"LiquidBronze"},{"floor":3,"key":"Explosive Potion"},{"floor":7,"key":"Regen Potion"},{"floor":13,"key":"Fire Potion"}],"is_trial":false,"path_per_floor":["M","?","M","M","$","R","E","R","T","?","M","?","M","$","R","B"],"character_chosen":"THE_SILENT","items_purchased":["Mayhem"],"campfire_rested":2,"item_purchase_floors":[14],"current_hp_per_floor":[69,69,68,68,68,68,15,36,36,36,36,36,23,23,44,0],"gold":25,"neow_bonus":"ONE_RARE_RELIC","is_prod":false,"is_daily":false,"chose_seed":false,"campfire_upgraded":0,"win_rate":0.0,"timestamp":1547292523,"path_taken":["M","?","M","?","?","R","E","R","T","?","M","?","?","?","R","BOSS"],"build_version":"2019-01-10","purchased_purges":0,"victory":false,"max_hp_per_floor":[70,70,70,70,70,70,70,70,70,70,70,70,70,70,70,70],"card_choices":[{"not_picked":["Expertise","Deadly Poison"],"picked":"Dagger Spray","floor":1},{"not_picked":["Sucker Punch","Slice"],"picked":"Outmaneuver","floor":3},{"not_picked":["Slice","Prepared"],"picked":"Outmaneuver","floor":4},{"not_picked":["Expertise","Underhanded Strike"],"picked":"Night Terror","floor":7},{"not_picked":["Deflect","Flying Knee"],"picked":"Underhanded Strike","floor":11},{"not_picked":["Quick Slash","Backflip"],"picked":"Dagger Throw","floor":13}],"player_experience":149854,"relics_obtained":[{"floor":7,"key":"Ninja Scroll"},{"floor":9,"key":"Vajra"}],"event_choices":[{"damage_healed":0,"gold_gain":0,"player_choice":"Got Potions","damage_taken":0,"max_hp_gain":0,"max_hp_loss":0,"event_name":"Lab","floor":2,"gold_loss":0},{"damage_healed":0,"gold_gain":0,"player_choice":"Take Wound","damage_taken":0,"relics_obtained":["Golden Idol"],"max_hp_gain":0,"max_hp_loss":0,"event_name":"Golden Idol","floor":10,"gold_loss":0,"cards_obtained":["Injury"]},{"damage_healed":0,"gold_gain":0,"player_choice":"Bought 0 Potions","damage_taken":0,"max_hp_gain":0,"max_hp_loss":0,"event_name":"The Woman in Blue","floor":12,"gold_loss":0}],"is_beta":false,"boss_relics":[],"items_purged_floors":[],"is_endless":false,"potions_floor_spawned":[3,7,13],"killed_by":"The Guardian","ascension_level":0}