{"gold_per_floor":[115,69,69,87,101,131,131,150,150,150,150,150,162,180,180,285,285,295,295,311,331,79,79,110,128,154,171,185,205,130,45,45,140,140,159,174,191,91,109,143,143,172,172,192,192,16,16,30,30,30],"floor_reached":51,"playtime":2835,"items_purged":["Strike_B","Strike_B","Strike_B"],"score":935,"play_id":"93cde0ab-2035-4ff0-aee1-83eda290b42b","local_time":"20181207202705","is_ascension_mode":true,"campfire_choices":[{"data":"Zap","floor":7,"key":"SMITH"},{"data":"Coolheaded","floor":11,"key":"SMITH"},{"data":"Gash","floor":15,"key":"SMITH"},{"data":"Beam Cell","floor":23,"key":"SMITH"},{"floor":32,"key":"REST"},{"data":"Go for the Eyes","floor":45,"key":"SMITH"},{"data":"Gash","floor":47,"key":"SMITH"},{"data":"Gash","floor":49,"key":"SMITH"}],"neow_cost":"NONE","seed_source_timestamp":84898645248116,"circlet_count":0,"master_deck":["Defend_B","Defend_B","Defend_B","Defend_B","Zap+1","Dualcast","Cold Snap","Streamline+1","Ball Lightning","Coolheaded+1","All For One+1","Gash+1","Chill+1","Gash+1","Seek+1","FTL","Beam Cell+1","Hologram+1","All For One","Rebound","Gash","Undo+1","Gash+1","Conserve Battery+1","Machine Learning","Go for the Eyes+1","BootSequence+1","Reprogram+1","Cold Snap+1","Double Energy+1","Writhe","Stack+1","Rebound+1"],"relics":["Cracked Core","NeowsBlessing","Potion Belt","DataDisk","Toxic Egg 2","Philosopher\u0027s Stone","Centennial Puzzle","Regal Pillow","Nunchaku","Inserter","Oddly Smooth Stone","Happy Flower","Molten Egg 2"],"potions_floor_usage":[16,16,28,33,33,33,33,42,50,50,50,50],"damage_taken":[{"damage":0,"enemies":"2 Louse","floor":1,"turns":1},{"damage":0,"enemies":"Cultist","floor":4,"turns":1},{"damage":0,"enemies":"Small Slimes","floor":5,"turns":1},{"damage":18,"enemies":"3 Sentries","floor":6,"turns":6},{"damage":10,"enemies":"Red Slaver","floor":8,"turns":2},{"damage":0,"enemies":"3 Louse","floor":13,"turns":2},{"damage":3,"enemies":"Looter","floor":14,"turns":2},{"damage":25,"enemies":"The Guardian","floor":16,"turns":9},{"damage":17,"enemies":"Shell Parasite","floor":18,"turns":4},{"damage":0,"enemies":"Chosen","floor":20,"turns":3},{"damage":8,"enemies":"Snecko","floor":21,"turns":3},{"damage":32,"enemies":"Book of Stabbing","floor":24,"turns":4},{"damage":0,"enemies":"Cultist and Chosen","floor":25,"turns":4},{"damage":1,"enemies":"Centurion and Healer","floor":27,"turns":4},{"damage":6,"enemies":"Shelled Parasite and Fungi","floor":28,"turns":2},{"damage":1,"enemies":"3 Cultists","floor":29,"turns":5},{"damage":4,"enemies":"Automaton","floor":33,"turns":6},{"damage":14,"enemies":"Orb Walker","floor":35,"turns":2},{"damage":1,"enemies":"3 Darklings","floor":36,"turns":3},{"damage":4,"enemies":"Transient","floor":37,"turns":5},{"damage":0,"enemies":"Sphere and 2 Shapes","floor":39,"turns":6},{"damage":10,"enemies":"Giant Head","floor":40,"turns":6},{"damage":2,"enemies":"Nemesis","floor":42,"turns":5},{"damage":0,"enemies":"4 Shapes","floor":44,"turns":5},{"damage":0,"enemies":"3 Darklings","floor":48,"turns":4},{"damage":35,"enemies":"Donu and Deca","floor":50,"turns":7}],"seed_played":"866227265303815753","potions_obtained":[{"floor":4,"key":"FocusPotion"},{"floor":5,"key":"Strength Potion"},{"floor":14,"key":"SpeedPotion"},{"floor":16,"key":"Dexterity Potion"},{"floor":21,"key":"Poison Potion"},{"floor":27,"key":"Block Potion"},{"floor":28,"key":"Weak Potion"},{"floor":29,"key":"SteroidPotion"},{"floor":33,"key":"Fire Potion"},{"floor":35,"key":"PowerPotion"},{"floor":40,"key":"Weak Potion"},{"floor":42,"key":"SkillPotion"}],"is_trial":false,"path_per_floor":["M","$","?","M","M","E","R","M","T","?","R","?","M","M","R","B",null,"M","?","M","M","$","R","E","M","T","M","M","M","?","?","R","B",null,"M","M","M","$","M","E","?","E","T","M","R","$","R","M","R","B",null],"character_chosen":"DEFECT","items_purchased":["Streamline","All For One","Rebound","Energy Potion"],"campfire_rested":1,"item_purchase_floors":[2,22,22,46],"current_hp_per_floor":[75,75,75,75,75,57,57,47,47,29,29,29,29,26,26,1,57,40,65,65,57,57,57,25,25,25,24,18,17,17,17,54,50,69,55,54,50,50,50,40,59,57,57,57,57,57,57,57,57,22],"gold":30,"neow_bonus":"THREE_ENEMY_KILL","is_prod":false,"is_daily":false,"chose_seed":false,"campfire_upgraded":7,"win_rate":0,"timestamp":1544232425,"path_taken":["M","$","?","?","M","E","R","M","T","?","R","?","M","?","R","BOSS","M","?","M","M","$","R","E","M","T","M","M","M","?","?","R","BOSS","M","M","M","$","M","E","?","E","T","M","R","$","R","M","R","BOSS"],"build_version":"2018-12-06","purchased_purges":3,"victory":true,"max_hp_per_floor":[75,75,75,75,75,75,75,75,75,75,75,75,75,75,75,75,75,75,75,75,75,75,75,75,75,75,75,75,75,75,75,75,75,75,75,75,75,75,75,75,75,75,75,75,75,75,75,75,75,75],"card_choices":[{"not_picked":["Force Field","Steam"],"picked":"Cold Snap","floor":1},{"not_picked":["Barrage","Doom and Gloom"],"picked":"Ball Lightning","floor":4},{"not_picked":["Double Energy","Redo"],"picked":"Coolheaded","floor":5},{"not_picked":["Force Field","Beam Cell"],"picked":"All For One","floor":6},{"not_picked":["Stack","Ball Lightning"],"picked":"Gash","floor":8},{"not_picked":["Storm","Ball Lightning"],"picked":"Chill+1","floor":13},{"not_picked":["Barrage","Steam+1"],"picked":"Gash","floor":14},{"not_picked":["Multi-Cast+1","Rainbow+1"],"picked":"Seek+1","floor":16},{"not_picked":["Gash","Redo+1"],"picked":"FTL","floor":18},{"not_picked":["Streamline","FTL"],"picked":"Beam Cell","floor":20},{"not_picked":["Coolheaded+1","Turbo+1"],"picked":"Hologram+1","floor":21},{"not_picked":["Sweeping Beam","Cold Snap"],"picked":"Gash","floor":24},{"not_picked":["Redo+1","Fusion+1"],"picked":"Undo+1","floor":25},{"not_picked":["Ball Lightning","Rebound"],"picked":"Gash","floor":27},{"not_picked":["Steam+1","Redo+1"],"picked":"Conserve Battery+1","floor":28},{"not_picked":["Barrage","Rebound","Sweeping Beam"],"picked":"SKIP","floor":29},{"not_picked":["Multi-Cast+1","Biased Cognition"],"picked":"Machine Learning","floor":33},{"not_picked":["Streamline+1","Sweeping Beam"],"picked":"Go for the Eyes","floor":35},{"not_picked":["Conserve Battery+1","Redo+1"],"picked":"BootSequence+1","floor":36},{"not_picked":["Chill+1","Conserve Battery+1"],"picked":"Reprogram+1","floor":37},{"not_picked":["Chaos+1","Lockon"],"picked":"Cold Snap+1","floor":39},{"not_picked":["Rainbow+1","Coolheaded+1"],"picked":"Double Energy+1","floor":40},{"not_picked":["Auto Shields+1","Electrodynamics"],"picked":"Stack+1","floor":42},{"not_picked":["Steam+1","Barrage+1","Sweeping Beam+1"],"picked":"SKIP","floor":44},{"not_picked":["Hyperbeam+1","Capacitor+1"],"picked":"Rebound+1","floor":48}],"player_experience":291758,"relics_obtained":[{"floor":6,"key":"Potion Belt"},{"floor":9,"key":"DataDisk"},{"floor":24,"key":"Centennial Puzzle"},{"floor":26,"key":"Regal Pillow"},{"floor":40,"key":"Oddly Smooth Stone"},{"floor":42,"key":"Happy Flower"},{"floor":43,"key":"Molten Egg 2"}],"event_choices":[{"damage_healed":0,"gold_gain":0,"player_choice":"Upgraded","damage_taken":0,"max_hp_gain":0,"max_hp_loss":0,"event_name":"Upgrade Shrine","floor":3,"gold_loss":0,"cards_upgraded":["Streamline"]},{"damage_healed":0,"gold_gain":0,"player_choice":"Success","damage_taken":18,"relics_obtained":["Toxic Egg 2"],"max_hp_gain":0,"max_hp_loss":0,"event_name":"Scrap Ooze","floor":10,"gold_loss":0},{"damage_healed":0,"gold_gain":0,"player_choice":"Forge","damage_taken":0,"max_hp_gain":0,"max_hp_loss":0,"event_name":"Accursed Blacksmith","floor":12,"gold_loss":0,"cards_upgraded":["All For One"]},{"damage_healed":25,"gold_gain":0,"player_choice":"Heal","damage_taken":0,"max_hp_gain":0,"max_hp_loss":0,"event_name":"The Library","floor":19,"gold_loss":0},{"cards_removed":["Strike_B"],"damage_healed":0,"gold_gain":0,"player_choice":"Gave Gold","damage_taken":0,"max_hp_gain":0,"max_hp_loss":0,"event_name":"Beggar","floor":30,"gold_loss":75},{"damage_healed":0,"gold_gain":0,"player_choice":"Obtained Relic","damage_taken":0,"relics_obtained":["Nunchaku"],"max_hp_gain":0,"max_hp_loss":0,"event_name":"Addict","floor":31,"gold_loss":85},{"damage_healed":19,"gold_gain":0,"player_choice":"Writhe","damage_taken":0,"max_hp_gain":0,"max_hp_loss":0,"event_name":"Winding Halls","floor":41,"gold_loss":0,"cards_obtained":["Writhe"]}],"is_beta":false,"boss_relics":[{"not_picked":["Calling Bell","White Beast Statue"],"picked":"Philosopher\u0027s Stone"},{"not_picked":["Tiny House","Lizard Tail"],"picked":"Inserter"}],"items_purged_floors":[22,38,46],"is_endless":false,"potions_floor_spawned":[4,5,14,16,21,27,28,29,33,35,40,42],"ascension_level":5}