{"gold_per_floor":[116,128,148,164,19,49,49,79,79,106,126,126,126,142,142,245,245,257,269,269,269,269,269,289,289,289,317,328,341,341,5,5,105,105,124,147,147,167,1166,1166,1166],"floor_reached":41,"playtime":2208,"items_purged":["Strike_R"],"score":478,"play_id":"93406ed8-29bb-44f8-ade8-ae7a58a616b9","local_time":"20190105041923","is_ascension_mode":true,"campfire_choices":[{"data":"Rage","floor":7,"key":"SMITH"},{"data":"Pommel Strike","floor":12,"key":"SMITH"},{"floor":15,"key":"REST"},{"floor":23,"key":"REST"},{"floor":25,"key":"REST"},{"floor":30,"key":"REST"},{"floor":32,"key":"REST"},{"floor":40,"key":"REST"}],"neow_cost":"NONE","seed_source_timestamp":885993295855882,"circlet_count":0,"master_deck":["Strike_R","Strike_R","Strike_R","Strike_R+1","Defend_R","Defend_R","Defend_R","Defend_R","Bash+1","Clothesline","Pommel Strike","Clothesline","Rampage","Shrug It Off","Rage+1","Pommel Strike+1","Flex","Demon Form","Armaments+1","Iron Wave","Disarm+1","Flex","Demon Form","Sword Boomerang+1","Cleave"],"relics":["Burning Blood","PreservedInsect","Dodecahedron","Pen Nib","Art of War","Gremlin Horn","Velvet Choker","Enchiridion","Omamori","Self Forming Clay","Whetstone","Mercury Hourglass","Orrery","Orichalcum","GremlinMask"],"potions_floor_usage":[16,16,24,24,33,33,41],"damage_taken":[{"damage":6,"enemies":"Cultist","floor":1,"turns":4},{"damage":11,"enemies":"Jaw Worm","floor":2,"turns":2},{"damage":0,"enemies":"Small Slimes","floor":3,"turns":3},{"damage":14,"enemies":"Blue Slaver","floor":4,"turns":3},{"damage":10,"enemies":"Gremlin Nob","floor":6,"turns":3},{"damage":8,"enemies":"Lagavulin","floor":8,"turns":6},{"damage":20,"enemies":"Gremlin Nob","floor":10,"turns":4},{"damage":10,"enemies":"2 Fungi Beasts","floor":11,"turns":2},{"damage":5,"enemies":"Lots of Slimes","floor":14,"turns":3},{"damage":57,"enemies":"Hexaghost","floor":16,"turns":10},{"damage":24,"enemies":"3 Byrds","floor":18,"turns":5},{"damage":15,"enemies":"Spheric Guardian","floor":19,"turns":4},{"damage":7,"enemies":"Centurion and Healer","floor":24,"turns":5},{"damage":30,"enemies":"Gremlin Leader","floor":27,"turns":4},{"damage":9,"enemies":"Snake Plant","floor":28,"turns":4},{"damage":23,"enemies":"Shelled Parasite and Fungi","floor":29,"turns":6},{"damage":50,"enemies":"Automaton","floor":33,"turns":8},{"damage":4,"enemies":"3 Shapes","floor":35,"turns":5},{"damage":49,"enemies":"3 Darklings","floor":38,"turns":5},{"damage":85,"enemies":"Reptomancer","floor":41,"turns":2}],"seed_played":"-7578771756506975736","potions_obtained":[{"floor":3,"key":"EssenceOfSteel"},{"floor":6,"key":"FearPotion"},{"floor":10,"key":"Weak Potion"},{"floor":16,"key":"EssenceOfSteel"},{"floor":19,"key":"AttackPotion"},{"floor":27,"key":"LiquidBronze"},{"floor":28,"key":"Fire Potion"},{"floor":38,"key":"PowerPotion"}],"is_trial":false,"path_per_floor":["M","M","M","M","$","E","R","E","T","E","M","R","?","M","R","B",null,"M","M","?","?","?","R","M","R","T","E","M","M","R","$","R","B",null,"M","T","?","M","?","R","E"],"character_chosen":"IRONCLAD","items_purchased":["PreservedInsect","Mercury Hourglass"],"campfire_rested":6,"item_purchase_floors":[5,31],"current_hp_per_floor":[80,75,80,72,72,68,68,66,66,52,48,48,53,54,78,27,80,62,53,38,22,22,47,46,71,71,47,44,27,52,52,77,33,85,85,85,85,42,42,67,0],"gold":1166,"neow_bonus":"THREE_CARDS","is_prod":false,"is_daily":false,"chose_seed":false,"campfire_upgraded":2,"win_rate":0,"timestamp":1546679963,"path_taken":["M","M","?","M","?","E","R","E","T","E","M","R","?","?","R","BOSS","M","?","?","?","?","R","M","R","T","E","?","M","R","?","R","BOSS","M","?","?","?","?","R","E"],"build_version":"2019-01-03v4","purchased_purges":1,"victory":false,"max_hp_per_floor":[80,80,80,80,80,80,80,80,80,80,80,80,80,80,80,80,80,80,80,85,85,85,85,85,85,85,85,85,85,85,85,85,85,85,85,85,85,85,85,85,85],"card_choices":[{"not_picked":["Anger","Infernal Blade"],"picked":"Clothesline","floor":0},{"not_picked":["Sword Boomerang","Twin Strike"],"picked":"Pommel Strike","floor":1},{"not_picked":["Infernal Blade","Shrug It Off"],"picked":"Clothesline","floor":2},{"not_picked":["Body Slam","Sword Boomerang"],"picked":"Rampage","floor":3},{"not_picked":["Sword Boomerang","Anger"],"picked":"Shrug It Off","floor":4},{"not_picked":["Rampage","Sentinel"],"picked":"Rage","floor":6},{"not_picked":["Bloodletting","Intimidate"],"picked":"Warcry","floor":8},{"not_picked":["Burning Pact","Bludgeon"],"picked":"Pommel Strike","floor":10},{"not_picked":["Dual Wield","Bloodletting"],"picked":"Flex","floor":11},{"not_picked":["Battle Trance","Shrug It Off","Sword Boomerang"],"picked":"SKIP","floor":14},{"not_picked":["Berserk","Limit Break"],"picked":"Demon Form","floor":16},{"not_picked":["Headbutt","Pommel Strike"],"picked":"Armaments+1","floor":18},{"not_picked":["Whirlwind","Sentinel+1","Bloodletting"],"picked":"SKIP","floor":19},{"not_picked":["Power Through+1","Rampage"],"picked":"Iron Wave","floor":24},{"not_picked":["Iron Wave","Combust"],"picked":"Disarm+1","floor":27},{"not_picked":["Ghostly Armor","Wild Strike+1"],"picked":"Flex","floor":28},{"not_picked":["Dual Wield","True Grit","Intimidate"],"picked":"SKIP","floor":29},{"not_picked":["Offering","Brutality"],"picked":"Demon Form","floor":33},{"not_picked":["Clothesline+1","Havoc"],"picked":"Sword Boomerang+1","floor":35},{"not_picked":["Seeing Red","Iron Wave"],"picked":"Cleave","floor":38}],"player_experience":142852,"relics_obtained":[{"floor":6,"key":"Dodecahedron"},{"floor":8,"key":"Pen Nib"},{"floor":9,"key":"Art of War"},{"floor":10,"key":"Gremlin Horn"},{"floor":21,"key":"Enchiridion"},{"floor":26,"key":"Self Forming Clay"},{"floor":27,"key":"Whetstone"},{"floor":36,"key":"Orichalcum"}],"event_choices":[{"cards_removed":["Warcry"],"damage_healed":5,"gold_gain":0,"player_choice":"Offered Common","damage_taken":0,"max_hp_gain":0,"max_hp_loss":0,"event_name":"Bonfire Elementals","floor":13,"gold_loss":0},{"cards_removed":["Warcry"],"damage_healed":5,"gold_gain":0,"player_choice":"Offered Special","damage_taken":0,"max_hp_gain":0,"max_hp_loss":0,"event_name":"Bonfire Elementals","floor":13,"gold_loss":0},{"damage_healed":0,"gold_gain":0,"player_choice":"Shed Blood","damage_taken":20,"max_hp_gain":5,"max_hp_loss":0,"event_name":"Forgotten Altar","floor":20,"gold_loss":0},{"damage_healed":0,"gold_gain":0,"player_choice":"Obtained Book","damage_taken":16,"max_hp_gain":0,"max_hp_loss":0,"event_name":"Cursed Tome","floor":21,"gold_loss":0},{"damage_healed":0,"gold_gain":0,"player_choice":"Gave Potion","damage_taken":0,"relics_obtained":["Omamori"],"max_hp_gain":0,"max_hp_loss":0,"event_name":"WeMeetAgain","floor":22,"gold_loss":0},{"damage_healed":0,"gold_gain":0,"player_choice":"Trade","damage_taken":0,"relics_obtained":["GremlinMask"],"max_hp_gain":0,"max_hp_loss":0,"event_name":"FaceTrader","floor":37,"gold_loss":0},{"damage_healed":0,"gold_gain":999,"player_choice":"Gold","damage_taken":0,"max_hp_gain":0,"max_hp_loss":0,"event_name":"MindBloom","floor":39,"gold_loss":0,"cards_obtained":["Normality","Normality"]}],"is_beta":false,"boss_relics":[{"not_picked":["Mark of Pain","Ectoplasm"],"picked":"Velvet Choker"},{"not_picked":["Coffee Dripper","Philosopher\u0027s Stone"],"picked":"Orrery"}],"items_purged_floors":[31],"is_endless":false,"potions_floor_spawned":[3,6,10,16,19,27,28,38],"killed_by":"Reptomancer","ascension_level":1}