{"gold_per_floor":[118,131,151,151,151,151,176,176,227,227,238,46,66,81,81,158,158,171,188,188,188,238,238,264,264,264,274,285,297,314,51,51,130,130,142,142,142,142,0,0,18,32,32,32,32,45,58,58,58,58],"floor_reached":51,"playtime":15884,"items_purged":["Strike_G","Strike_G"],"score":1236,"play_id":"83f2b7c5-77d7-43ed-bce5-836e87839da8","local_time":"20190209222145","is_ascension_mode":true,"campfire_choices":[{"data":"Deadly Poison","floor":6,"key":"SMITH"},{"data":"Neutralize","floor":8,"key":"SMITH"},{"data":"Survivor","floor":10,"key":"SMITH"},{"data":"Catalyst","floor":15,"key":"SMITH"},{"floor":23,"key":"REST"},{"floor":25,"key":"REST"},{"floor":32,"key":"REST"},{"floor":40,"key":"REST"},{"floor":45,"key":"REST"},{"floor":49,"key":"REST"}],"neow_cost":"NONE","seed_source_timestamp":2248939123363723,"circlet_count":0,"master_deck":["AscendersBane","Defend_G+1","Defend_G+1","Defend_G+1","Survivor+1","Neutralize+1","PiercingWail+1","Deadly Poison+1","Well Laid Plans+1","Dash+1","Catalyst+1","Predator+1","Escape Plan+1","Dagger Spray+1","After Image+1","Cloak And Dagger+1","Noxious Fumes+1","Night Terror+1","Flying Knee+1","Cloak And Dagger+1","Deflect+1","Deadly Poison+1","Corpse Explosion+1","Die Die Die+1","Quick Slash+1","Footwork+1","PiercingWail+1","Bouncing Flask+1","Acrobatics+1"],"relics":["Ring of the Snake","NeowsBlessing","Blood Vial","Boot","Fusion Hammer","Enchiridion","Lantern","Orichalcum","Snake Skull","Astrolabe","Mark of the Bloom","Red Mask","Turnip"],"potions_floor_usage":[16,28,30,41,47,50],"damage_taken":[{"damage":0,"enemies":"Cultist","floor":1,"turns":1},{"damage":0,"enemies":"Small Slimes","floor":2,"turns":1},{"damage":0,"enemies":"Jaw Worm","floor":3,"turns":1},{"damage":0,"enemies":"Blue Slaver","floor":11,"turns":4},{"damage":1,"enemies":"Looter","floor":13,"turns":4},{"damage":8,"enemies":"Large Slime","floor":14,"turns":7},{"damage":28,"enemies":"Hexaghost","floor":16,"turns":9},{"damage":11,"enemies":"3 Byrds","floor":18,"turns":5},{"damage":2,"enemies":"Chosen","floor":19,"turns":4},{"damage":42,"enemies":"Slavers","floor":24,"turns":6},{"damage":13,"enemies":"Sentry and Sphere","floor":27,"turns":5},{"damage":8,"enemies":"Shelled Parasite and Fungi","floor":28,"turns":5},{"damage":0,"enemies":"Centurion and Healer","floor":29,"turns":6},{"damage":0,"enemies":"Snake Plant","floor":30,"turns":3},{"damage":4,"enemies":"Champ","floor":33,"turns":3},{"damage":7,"enemies":"3 Darklings","floor":35,"turns":3},{"damage":0,"enemies":"3 Shapes","floor":41,"turns":3},{"damage":0,"enemies":"Jaw Worm Horde","floor":42,"turns":2},{"damage":0,"enemies":"Transient","floor":46,"turns":6},{"damage":11,"enemies":"Spire Growth","floor":47,"turns":6},{"damage":33,"enemies":"Donu and Deca","floor":50,"turns":5}],"seed_played":"5725910470538096612","potions_obtained":[{"floor":2,"key":"Energy Potion"},{"floor":11,"key":"LiquidBronze"},{"floor":27,"key":"SkillPotion"},{"floor":29,"key":"GamblersBrew"},{"floor":30,"key":"Block Potion"},{"floor":46,"key":"SpeedPotion"}],"is_trial":false,"path_per_floor":["M","M","M","?","?","R","T","R","T","R","M","$","M","M","R","B",null,"M","M","?","?","?","R","E","R","T","M","M","M","M","$","R","B",null,"M","?","?","?","?","R","M","M","T","?","R","M","M","$","R","B",null],"character_chosen":"THE_SILENT","items_purchased":["Catalyst","Predator","Snake Skull"],"campfire_rested":6,"item_purchase_floors":[12,12,31],"current_hp_per_floor":[59,59,59,64,64,64,64,64,64,64,66,66,67,61,61,35,62,53,53,32,32,32,53,13,34,34,23,17,19,21,21,42,40,63,58,58,58,58,58,58,58,58,58,58,58,58,47,47,47,14],"gold":58,"neow_bonus":"THREE_ENEMY_KILL","is_prod":false,"is_daily":false,"chose_seed":false,"campfire_upgraded":4,"win_rate":0,"timestamp":1549768905,"path_taken":["M","?","M","?","?","R","?","R","T","R","M","$","M","M","R","BOSS","M","M","?","?","?","R","E","R","T","M","M","M","M","$","R","BOSS","M","?","?","?","?","R","M","M","T","?","R","M","M","$","R","BOSS"],"build_version":"2019-01-23","purchased_purges":2,"victory":true,"max_hp_per_floor":[66,66,66,71,71,71,71,71,71,71,71,71,71,71,71,71,71,71,71,71,71,71,71,71,71,71,71,71,71,71,71,71,71,71,71,71,71,67,67,67,67,67,67,67,67,67,67,67,67,67],"card_choices":[{"not_picked":["Underhanded Strike","Flying Knee"],"picked":"PiercingWail","floor":1},{"not_picked":["Finisher","Cloak And Dagger"],"picked":"Deadly Poison","floor":2},{"not_picked":["Poisoned Stab","Bouncing Flask"],"picked":"Well Laid Plans","floor":3},{"not_picked":["Outmaneuver","Underhanded Strike"],"picked":"Dash","floor":11},{"not_picked":["Outmaneuver","Dagger Throw"],"picked":"Escape Plan","floor":13},{"not_picked":["Quick Slash","Choke"],"picked":"Dagger Spray","floor":14},{"not_picked":["Doppelganger","Die Die Die"],"picked":"After Image","floor":16},{"not_picked":["Deflect","Riddle With Holes"],"picked":"Cloak And Dagger","floor":18},{"not_picked":["Choke","Dash"],"picked":"Noxious Fumes","floor":19},{"not_picked":["Outmaneuver","Caltrops"],"picked":"Cloak And Dagger","floor":24},{"not_picked":["Reflex","Caltrops"],"picked":"Deflect","floor":27},{"not_picked":["Prepared","Sucker Punch","Predator"],"picked":"SKIP","floor":28},{"not_picked":["Skewer","PiercingWail"],"picked":"Deadly Poison","floor":29},{"not_picked":["Phantasmal Killer","Slice","Quick Slash"],"picked":"SKIP","floor":30},{"not_picked":["Grand Finale","Phantasmal Killer"],"picked":"Corpse Explosion","floor":33},{"not_picked":["Bane","Sucker Punch"],"picked":"PiercingWail+1","floor":35},{"not_picked":["Dagger Throw+1","Heel Hook"],"picked":"Bouncing Flask+1","floor":41},{"not_picked":["Setup","Backstab"],"picked":"Acrobatics+1","floor":42},{"not_picked":["Backflip","Quick Slash+1","Prepared"],"picked":"SKIP","floor":46},{"not_picked":["Masterful Stab","Escape Plan","Flechettes"],"picked":"SKIP","floor":47}],"player_experience":3567863,"relics_obtained":[{"floor":7,"key":"Blood Vial"},{"floor":9,"key":"Boot"},{"floor":20,"key":"Enchiridion"},{"floor":24,"key":"Lantern"},{"floor":26,"key":"Orichalcum"},{"floor":43,"key":"Turnip"}],"event_choices":[{"damage_healed":0,"gold_gain":0,"player_choice":"Donut","damage_taken":0,"max_hp_gain":5,"max_hp_loss":0,"event_name":"Big Fish","floor":4,"gold_loss":0},{"damage_healed":0,"gold_gain":0,"player_choice":"Grow","damage_taken":0,"max_hp_gain":0,"max_hp_loss":0,"event_name":"Living Wall","floor":5,"gold_loss":0,"cards_upgraded":["Well Laid Plans"]},{"damage_healed":0,"gold_gain":0,"player_choice":"Obtained Book","damage_taken":21,"max_hp_gain":0,"max_hp_loss":0,"event_name":"Cursed Tome","floor":20,"gold_loss":0},{"damage_healed":0,"gold_gain":0,"cards_transformed":["Strike_G","Strike_G"],"player_choice":"Became Test Subject","damage_taken":0,"max_hp_gain":0,"max_hp_loss":0,"event_name":"Drug Dealer","floor":21,"gold_loss":0,"cards_obtained":["Night Terror","Flying Knee"]},{"damage_healed":0,"gold_gain":50,"player_choice":"Stole From Cult","damage_taken":0,"max_hp_gain":0,"max_hp_loss":0,"event_name":"Nest","floor":22,"gold_loss":0},{"damage_healed":0,"gold_gain":0,"player_choice":"Ignored","damage_taken":0,"max_hp_gain":0,"max_hp_loss":0,"event_name":"Mysterious Sphere","floor":36,"gold_loss":0},{"damage_healed":0,"gold_gain":0,"player_choice":"Upgrade","damage_taken":0,"relics_obtained":["Mark of the Bloom"],"max_hp_gain":0,"max_hp_loss":0,"event_name":"MindBloom","floor":37,"gold_loss":0,"cards_upgraded":["Defend_G","Defend_G","Defend_G","PiercingWail","Dash","Predator","Escape Plan","Dagger Spray","After Image","Cloak And Dagger","Noxious Fumes","Night Terror","Flying Knee","Cloak And Dagger","Deflect","Deadly Poison","Corpse Explosion"]},{"damage_healed":0,"gold_gain":0,"player_choice":"Max HP","damage_taken":0,"max_hp_gain":0,"max_hp_loss":4,"event_name":"Winding Halls","floor":38,"gold_loss":0},{"damage_healed":0,"gold_gain":0,"player_choice":"Paid","damage_taken":0,"relics_obtained":["Red Mask"],"max_hp_gain":0,"max_hp_loss":0,"event_name":"Tomb of Lord Red Mask","floor":39,"gold_loss":142},{"damage_healed":0,"gold_gain":0,"player_choice":"Memory 1","damage_taken":0,"max_hp_gain":0,"max_hp_loss":0,"event_name":"SensoryStone","floor":44,"gold_loss":0}],"is_beta":false,"boss_relics":[{"not_picked":["Pandora\u0027s Box","Ring of the Serpent"],"picked":"Fusion Hammer"},{"not_picked":["White Beast Statue","Coffee Dripper"],"picked":"Astrolabe"}],"items_purged_floors":[12,31],"is_endless":false,"potions_floor_spawned":[2,11,14,27,29,30,33,46],"ascension_level":19}