{"path_per_floor":["M","?","?","M","?","R","E","M","T","M","M","R","M","M","R","B"],"character_chosen":"DEFECT","items_purchased":[],"gold_per_floor":[109,109,109,126,126,126,155,175,175,185,196,196,166,185,185,286,286],"floor_reached":17,"campfire_rested":2,"playtime":1056,"item_purchase_floors":[],"current_hp_per_floor":[75,68,68,51,51,51,24,24,24,10,1,23,23,22,44,3,75],"items_purged":[],"gold":286,"score":157,"play_id":"04fc0df9-eadc-424e-8d73-1caf75605407","local_time":"20180530154639","is_prod":false,"is_daily":false,"chose_seed":false,"is_ascension_mode":false,"campfire_upgraded":1,"win_rate":0,"timestamp":1527662799,"campfire_choices":[{"data":"Consume","floor":6,"key":"SMITH"},{"floor":12,"key":"REST"},{"floor":15,"key":"REST"}],"path_taken":["M","?","?","M","?","R","E","M","T","M","M","R","M","M","R","BOSS"],"build_version":"2018-05-28","seed_source_timestamp":61252095596456,"purchased_purges":0,"victory":false,"master_deck":["Strike_B","Strike_B","Defend_B","Defend_B","Defend_B","Defend_B","Zap","Dualcast","Consume+1","Tempest","Turbo","Buffer","Ball Lightning","Coolheaded","Stack","Static Discharge","Sweeping Beam","Biased Cognition"],"max_hp_per_floor":[75,75,75,75,75,75,75,75,75,75,75,75,75,75,75,75,75],"relics":["Runic Pyramid","Question Card","Blue Candle","Nuclear Battery"],"card_choices":[{"not_picked":["Compile Driver","Cold Snap"],"picked":"Consume","floor":1},{"not_picked":["Leap","Fusion"],"picked":"Turbo","floor":4},{"not_picked":["Steam","Sunder"],"picked":"Buffer","floor":7},{"not_picked":["Steam Power","Chaos","Storm"],"picked":"Ball Lightning","floor":8},{"not_picked":["Scrape","Gash","Rebound"],"picked":"Coolheaded","floor":10},{"not_picked":["Undo","Rebound","Beam Cell"],"picked":"Stack","floor":11},{"not_picked":["Steam","Turbo","Amplify"],"picked":"Static Discharge","floor":13},{"not_picked":["Sunder","Hologram","Beam Cell"],"picked":"Sweeping Beam","floor":14},{"not_picked":["Thunder Strike","Reboot","Hyperbeam"],"picked":"Biased Cognition","floor":16}],"player_experience":203249,"potions_floor_usage":[],"damage_taken":[{"damage":0,"enemies":"Cultist","floor":1,"turns":4},{"damage":17,"enemies":"2 Louse","floor":4,"turns":3},{"damage":27,"enemies":"3 Sentries","floor":7,"turns":6},{"damage":0,"enemies":"Small Slimes","floor":8,"turns":3},{"damage":14,"enemies":"Blue Slaver","floor":10,"turns":4},{"damage":9,"enemies":"3 Louse","floor":11,"turns":3},{"damage":0,"enemies":"Looter","floor":13,"turns":4},{"damage":1,"enemies":"2 Fungi Beasts","floor":14,"turns":4},{"damage":41,"enemies":"Hexaghost","floor":16,"turns":9}],"relics_obtained":[{"floor":7,"key":"Question Card"},{"floor":9,"key":"Blue Candle"}],"event_choices":[{"event_name":"Golden Wing","player_choice":"Card Removal","floor":2,"damage_taken":0},{"event_name":"Living Wall","player_choice":"Change","floor":3,"damage_taken":0},{"event_name":"The Woman in Blue","player_choice":"Bought 0 Potions","floor":5,"damage_taken":0}],"boss_relics":[{"not_picked":["Runic Dome","Ectoplasm"],"picked":"Nuclear Battery"}],"items_purged_floors":[],"potions_floor_spawned":[1,8,10,16],"seed_played":"5707280497339212002","ascension_level":0,"potions_obtained":[{"floor":1,"key":"Regen Potion"},{"floor":8,"key":"PowerPotion"},{"floor":10,"key":"Block Potion"}],"is_trial":false}