{"gold_per_floor":[109,109,109,126,144,144,163,163,163,179,194,226,226,237,237,340,340,359,359,239,239,86,86,101,132,132,132,150,166,166,234,234,234],"floor_reached":33,"playtime":2100,"items_purged":["Writhe"],"score":380,"play_id":"8900e62e-f8cc-4a93-8cd2-1e80030af42a","local_time":"20190207231653","is_ascension_mode":true,"campfire_choices":[{"data":"Backflip","floor":6,"key":"SMITH"},{"data":"Terror","floor":8,"key":"SMITH"},{"data":"Crippling Poison","floor":13,"key":"SMITH"},{"data":"Caltrops","floor":15,"key":"SMITH"},{"floor":23,"key":"REST"},{"floor":27,"key":"REST"},{"floor":32,"key":"REST"}],"neow_cost":"NONE","seed_source_timestamp":2599029943589916,"circlet_count":0,"master_deck":["Defend_G+1","Defend_G","Defend_G","Defend_G","Defend_G","Strike_G","Strike_G+1","Strike_G","Strike_G","Strike_G","Survivor","Neutralize+1","Dagger Throw","Caltrops+1","Backflip+1","Terror+1","Infinite Blades","Crippling Poison+1","Infinite Blades","Blade Dance+1","Night Terror+1","Predator","PiercingWail+1","Mind Blast","Blade Dance+1","Backflip+1","Accuracy","PiercingWail+1"],"relics":["Ring of the Snake","NeowsBlessing","Paper Crane","Toxic Egg 2","Snecko Eye","Gambling Chip","Bag of Marbles","Regal Pillow","Pantograph","Gremlin Horn"],"potions_floor_usage":[12,16,25,25],"damage_taken":[{"damage":0,"enemies":"Jaw Worm","floor":1,"turns":1},{"damage":0,"enemies":"Small Slimes","floor":4,"turns":1},{"damage":0,"enemies":"Cultist","floor":5,"turns":1},{"damage":0,"enemies":"3 Louse","floor":7,"turns":4},{"damage":2,"enemies":"Exordium Wildlife","floor":10,"turns":4},{"damage":4,"enemies":"Red Slaver","floor":11,"turns":4},{"damage":0,"enemies":"Lagavulin","floor":12,"turns":6},{"damage":0,"enemies":"Blue Slaver","floor":14,"turns":4},{"damage":6,"enemies":"The Guardian","floor":16,"turns":8},{"damage":3,"enemies":"3 Byrds","floor":18,"turns":1},{"damage":24,"enemies":"Shell Parasite","floor":24,"turns":6},{"damage":26,"enemies":"Slavers","floor":25,"turns":4},{"damage":5,"enemies":"Snecko","floor":28,"turns":5},{"damage":27,"enemies":"Shelled Parasite and Fungi","floor":29,"turns":3},{"damage":91,"enemies":"Automaton","floor":33,"turns":8}],"seed_played":"-5579167862340440375","potions_obtained":[{"floor":1,"key":"Energy Potion"},{"floor":11,"key":"PowerPotion"},{"floor":12,"key":"PowerPotion"},{"floor":14,"key":"FairyPotion"},{"floor":24,"key":"AttackPotion"}],"is_trial":false,"path_per_floor":["M","?","?","M","M","R","M","R","T","M","M","E","R","M","R","B",null,"M","?","$","?","$","R","M","E","T","R","M","M","?","T","R","B"],"character_chosen":"THE_SILENT","items_purchased":["PiercingWail+1","Bag of Marbles"],"campfire_rested":3,"item_purchase_floors":[20,22],"current_hp_per_floor":[63,49,49,49,49,49,49,49,49,47,43,43,43,43,43,37,62,59,59,59,59,59,70,46,20,20,56,51,24,11,11,48,0],"gold":234,"neow_bonus":"THREE_ENEMY_KILL","is_prod":false,"is_daily":false,"chose_seed":false,"campfire_upgraded":4,"win_rate":0,"timestamp":1549599413,"path_taken":["M","?","?","?","M","R","M","R","T","M","M","E","R","M","R","BOSS","M","?","$","?","$","R","M","E","T","R","?","M","?","?","R","BOSS"],"build_version":"2019-01-23","purchased_purges":1,"victory":false,"max_hp_per_floor":[70,70,70,70,70,70,70,70,70,70,70,70,70,70,70,70,70,70,70,70,70,70,70,70,70,70,70,70,70,75,75,75,75],"card_choices":[{"not_picked":["Cloak And Dagger","Bane"],"picked":"Dagger Throw","floor":1},{"not_picked":["Reflex","Outmaneuver"],"picked":"Caltrops","floor":4},{"not_picked":["Underhanded Strike","Acrobatics"],"picked":"Backflip","floor":5},{"not_picked":["Bane","Heel Hook"],"picked":"Terror","floor":7},{"not_picked":["Deflect","Cloak And Dagger"],"picked":"Infinite Blades","floor":10},{"not_picked":["Endless Agony","Tactician"],"picked":"Crippling Poison","floor":11},{"not_picked":["Prepared","Acrobatics"],"picked":"Infinite Blades","floor":12},{"not_picked":["Flying Knee","Poisoned Stab"],"picked":"Blade Dance+1","floor":14},{"not_picked":["Storm of Steel+1","Tools of the Trade"],"picked":"Night Terror+1","floor":16},{"not_picked":["Noxious Fumes","Riddle With Holes"],"picked":"Predator","floor":18},{"not_picked":["Poisoned Stab","Acrobatics+1"],"picked":"Blade Dance+1","floor":24},{"not_picked":["Prepared+1","Expertise+1"],"picked":"Backflip+1","floor":25},{"not_picked":["Dodge and Roll+1","Bane+1"],"picked":"Accuracy","floor":28},{"not_picked":["Underhanded Strike","Concentrate+1"],"picked":"PiercingWail+1","floor":29}],"player_experience":307554,"relics_obtained":[{"floor":9,"key":"Paper Crane"},{"floor":12,"key":"Toxic Egg 2"},{"floor":25,"key":"Regal Pillow"},{"floor":26,"key":"Pantograph"},{"floor":31,"key":"Gremlin Horn"}],"event_choices":[{"damage_healed":0,"gold_gain":0,"player_choice":"Entered Light","damage_taken":14,"max_hp_gain":0,"max_hp_loss":0,"event_name":"Shining Light","floor":2,"gold_loss":0,"cards_upgraded":["Strike_G","Defend_G"]},{"damage_healed":0,"gold_gain":0,"player_choice":"Upgraded","damage_taken":0,"max_hp_gain":0,"max_hp_loss":0,"event_name":"Upgrade Shrine","floor":3,"gold_loss":0,"cards_upgraded":["Neutralize"]},{"damage_healed":0,"gold_gain":0,"player_choice":"Opened","damage_taken":0,"relics_obtained":["Gambling Chip"],"max_hp_gain":0,"max_hp_loss":0,"event_name":"The Mausoleum","floor":19,"gold_loss":0,"cards_obtained":["Writhe"]},{"damage_healed":0,"gold_gain":0,"player_choice":"1 cards matched","damage_taken":0,"max_hp_gain":0,"max_hp_loss":0,"event_name":"Match and Keep!","floor":21,"gold_loss":0,"cards_obtained":["Mind Blast"]},{"damage_healed":0,"gold_gain":0,"player_choice":"Shed Blood","damage_taken":18,"max_hp_gain":5,"max_hp_loss":0,"event_name":"Forgotten Altar","floor":30,"gold_loss":0}],"is_beta":false,"boss_relics":[{"not_picked":["Ring of the Serpent","Lizard Tail"],"picked":"Snecko Eye"}],"items_purged_floors":[20],"is_endless":false,"potions_floor_spawned":[1,11,12,14,24],"killed_by":"Automaton","ascension_level":6}