{"gold_per_floor":[109,123,136,151,166,201,201,212,512,530,530,541,541,556,556,657,657,668,167,167,186,201,201,215,242,242,271,287,287,302,320,320,416,416,426,116,116,116,16,26,52,68,92,192,207,221,221,29,29,29],"floor_reached":50,"playtime":3619,"items_purged":["Strike_R","Bash"],"score":622,"play_id":"802b5587-9503-4736-94bc-fdc23429287d","local_time":"20190128181610","is_ascension_mode":false,"campfire_choices":[{"data":"Whirlwind","floor":7.0,"key":"SMITH"},{"floor":15.0,"key":"REST"},{"floor":23.0,"key":"REST"},{"floor":29.0,"key":"REST"},{"floor":32.0,"key":"REST"},{"floor":47,"key":"REST"},{"floor":49,"key":"REST"}],"neow_cost":"NONE","seed_source_timestamp":1702773168641805,"circlet_count":0,"master_deck":["Strike_R","Strike_R","Strike_R","Defend_R","Defend_R","Defend_R","Defend_R+1","Pummel","Headbutt","Whirlwind+1","Pummel","Heavy Blade+1","Inflame","Twin Strike","Headbutt","Flex+1","Demon Form","Cleave+1","Secret Weapon","Necronomicurse","Twin Strike","Heavy Blade","Pummel","Inflame","Reaper","Whirlwind","Heavy Blade+1","Pummel+1"],"special_seed":0,"relics":["Burning Blood","Unceasing Top","Old Coin","White Beast Statue","PreservedInsect","War Paint","Necronomicon","Ancient Tea Set","Darkstone Periapt","Dodecahedron","Fusion Hammer","Toy Ornithopter","FossilizedHelix","Vajra","Calipers","Membership Card"],"potions_floor_usage":[41,42,45,45,50,50],"damage_taken":[{"damage":3.0,"enemies":"Cultist","floor":1.0,"turns":5.0},{"damage":0.0,"enemies":"Small Slimes","floor":2.0,"turns":3.0},{"damage":6.0,"enemies":"Jaw Worm","floor":3.0,"turns":3.0},{"damage":10.0,"enemies":"3 Louse","floor":4.0,"turns":3.0},{"damage":6.0,"enemies":"2 Fungi Beasts","floor":5.0,"turns":2.0},{"damage":18.0,"enemies":"3 Sentries","floor":6.0,"turns":4.0},{"damage":14.0,"enemies":"Blue Slaver","floor":8.0,"turns":4.0},{"damage":23.0,"enemies":"Large Slime","floor":10.0,"turns":5.0},{"damage":16.0,"enemies":"Red Slaver","floor":12.0,"turns":3.0},{"damage":0.0,"enemies":"2 Fungi Beasts","floor":14.0,"turns":2.0},{"damage":18.0,"enemies":"Slime Boss","floor":16.0,"turns":6.0},{"damage":5.0,"enemies":"3 Byrds","floor":18.0,"turns":4.0},{"damage":10.0,"enemies":"Spheric Guardian","floor":21.0,"turns":3.0},{"damage":10.0,"enemies":"Chosen and Byrds","floor":22.0,"turns":3.0},{"damage":15.0,"enemies":"Snecko","floor":24.0,"turns":3.0},{"damage":24.0,"enemies":"Book of Stabbing","floor":25.0,"turns":3.0},{"damage":0.0,"enemies":"Gremlin Leader","floor":27.0,"turns":3.0},{"damage":21.0,"enemies":"Snake Plant","floor":28.0,"turns":3.0},{"damage":18.0,"enemies":"Shelled Parasite and Fungi","floor":30.0,"turns":2.0},{"damage":6.0,"enemies":"Cultist and Chosen","floor":31.0,"turns":4.0},{"damage":59.0,"enemies":"Champ","floor":33.0,"turns":7.0},{"damage":10.0,"enemies":"3 Darklings","floor":35.0,"turns":2.0},{"damage":20.0,"enemies":"3 Shapes","floor":40.0,"turns":3.0},{"damage":0,"enemies":"Reptomancer","floor":41,"turns":2},{"damage":17,"enemies":"Spire Growth","floor":42,"turns":4},{"damage":0,"enemies":"Mind Bloom Boss Battle","floor":44,"turns":2},{"damage":55,"enemies":"Writhing Mass","floor":45,"turns":4},{"damage":0,"enemies":"Jaw Worm Horde","floor":46,"turns":1},{"damage":118,"enemies":"Awakened One","floor":50,"turns":7}],"seed_played":"4542315056496173216","potions_obtained":[{"floor":1.0,"key":"Explosive Potion"},{"floor":3.0,"key":"EssenceOfSteel"},{"floor":4.0,"key":"Explosive Potion"},{"floor":10.0,"key":"SteroidPotion"},{"floor":14.0,"key":"EssenceOfSteel"},{"floor":16.0,"key":"Strength Potion"},{"floor":18.0,"key":"SkillPotion"},{"floor":21.0,"key":"SkillPotion"},{"floor":24.0,"key":"Weak Potion"},{"floor":25.0,"key":"PowerPotion"},{"floor":27.0,"key":"BloodPotion"},{"floor":28.0,"key":"FearPotion"},{"floor":30.0,"key":"Block Potion"},{"floor":31.0,"key":"PowerPotion"},{"floor":33.0,"key":"SteroidPotion"},{"floor":35.0,"key":"SteroidPotion"},{"floor":40.0,"key":"SpeedPotion"},{"floor":41,"key":"LiquidBronze"},{"floor":42,"key":"SmokeBomb"},{"floor":44,"key":"BloodPotion"},{"floor":45,"key":"Swift Potion"},{"floor":46,"key":"SpeedPotion"}],"is_trial":false,"path_per_floor":["M","M","M","M","M","E","R","M","T","M","?","M","?","M","R","B",null,"M","$","?","M","M","R","M","E","T","E","M","R","M","M","R","B",null,"M","$","?","?","$","M","E","M","T","?","M","M","R","$","R","B"],"character_chosen":"IRONCLAD","items_purchased":["PreservedInsect","Secret Weapon","War Paint","Whirlwind","Toy Ornithopter","Membership Card"],"campfire_rested":6,"item_purchase_floors":[19,19,19,36,36,48],"current_hp_per_floor":[80,80,80,76,76,64,64,56,56,39,39,29,29,35,59,47,80,80,80,64,60,56,80,71,53,53,59,52,76,64,64,80,27,80,76,76,76,76,76,66,77,69,69,75,53,59,80,80,80,0],"gold":29,"neow_bonus":"THREE_CARDS","is_prod":false,"is_daily":false,"chose_seed":false,"campfire_upgraded":1,"win_rate":0.0,"timestamp":1548735370,"path_taken":["M","M","M","M","M","E","R","M","T","M","?","M","?","M","R","BOSS","M","$","?","M","M","R","M","E","T","E","M","R","M","M","R","BOSS","M","$","?","?","$","M","E","M","T","?","M","M","R","$","R","BOSS"],"build_version":"2019-01-23","purchased_purges":2,"victory":false,"max_hp_per_floor":[80,80,80,80,80,80,80,80,80,80,80,80,80,80,80,80,80,80,80,80,80,80,80,80,80,80,80,80,80,80,80,80,80,80,80,80,80,80,80,80,80,80,80,80,80,80,80,80,80,80],"card_choices":[{"not_picked":["Uppercut","Anger","Flame Barrier"],"picked":"SKIP","floor":1.0},{"not_picked":["Feel No Pain","Twin Strike"],"picked":"Pummel","floor":2.0},{"not_picked":["Pommel Strike","True Grit"],"picked":"Headbutt","floor":3.0},{"not_picked":["Rupture","Anger"],"picked":"Whirlwind","floor":4.0},{"not_picked":["Juggernaut","Clothesline"],"picked":"Pummel","floor":5.0},{"not_picked":["Headbutt","Seeing Red"],"picked":"Heavy Blade","floor":6.0},{"not_picked":["Dual Wield","Uppercut"],"picked":"Inflame","floor":8.0},{"not_picked":["Searing Blow","Fire Breathing"],"picked":"Twin Strike","floor":10.0},{"not_picked":["Entrench","Body Slam"],"picked":"Headbutt","floor":12.0},{"not_picked":["Perfected Strike","Carnage"],"picked":"Flex","floor":14.0},{"not_picked":["Offering","Berserk"],"picked":"Demon Form","floor":16.0},{"not_picked":["Twin Strike+1","Pommel Strike"],"picked":"Cleave+1","floor":18.0},{"not_picked":["Pommel Strike","Flame Barrier"],"picked":"Twin Strike","floor":21.0},{"not_picked":["Entrench","Iron Wave","True Grit"],"picked":"SKIP","floor":22.0},{"not_picked":["Ghostly Armor+1","Body Slam"],"picked":"Heavy Blade","floor":24.0},{"not_picked":["Anger+1","Rage"],"picked":"Pummel","floor":25.0},{"not_picked":["Bludgeon","Sword Boomerang+1","Searing Blow"],"picked":"SKIP","floor":27.0},{"not_picked":["Burning Pact","Hemokinesis","Cleave"],"picked":"SKIP","floor":28.0},{"not_picked":["Heavy Blade","Corruption","Clash"],"picked":"SKIP","floor":30.0},{"not_picked":["True Grit","Rampage"],"picked":"Inflame","floor":31.0},{"not_picked":["Offering","Double Tap"],"picked":"Reaper","floor":33.0},{"not_picked":["Power Through","Second Wind","Dropkick"],"picked":"SKIP","floor":35.0},{"not_picked":["Infernal Blade","Battle Trance"],"picked":"Heavy Blade+1","floor":40.0},{"not_picked":["Flame Barrier+1","Twin Strike","True Grit"],"picked":"SKIP","floor":41},{"not_picked":["Battle Trance","Hemokinesis"],"picked":"Pummel+1","floor":42},{"not_picked":["Iron Wave","Anger+1","Reckless Charge"],"picked":"SKIP","floor":45},{"not_picked":["Clash+1","Ghostly Armor","Anger+1"],"picked":"SKIP","floor":46}],"player_experience":30685,"relics_obtained":[{"floor":6.0,"key":"Unceasing Top"},{"floor":9.0,"key":"Old Coin"},{"floor":20.0,"key":"Necronomicon"},{"floor":25.0,"key":"Ancient Tea Set"},{"floor":26.0,"key":"Darkstone Periapt"},{"floor":27.0,"key":"Dodecahedron"},{"floor":41,"key":"FossilizedHelix"},{"floor":43,"key":"Vajra"},{"floor":44,"key":"Calipers"}],"event_choices":[{"damage_healed":0.0,"max_hp_gain":0.0,"max_hp_loss":0.0,"gold_gain":0.0,"event_name":"Golden Idol","player_choice":"Ignored","floor":11.0,"gold_loss":0.0,"damage_taken":0.0},{"damage_healed":0.0,"max_hp_gain":0.0,"max_hp_loss":0.0,"gold_gain":0.0,"event_name":"Living Wall","player_choice":"Grow","floor":13.0,"gold_loss":0.0,"damage_taken":0.0,"cards_upgraded":["Heavy Blade"]},{"damage_healed":0.0,"max_hp_gain":0.0,"max_hp_loss":0.0,"gold_gain":0.0,"event_name":"Cursed Tome","player_choice":"Obtained Book","floor":20.0,"gold_loss":0.0,"damage_taken":16.0},{"damage_healed":0.0,"max_hp_gain":0.0,"max_hp_loss":0.0,"gold_gain":0.0,"event_name":"SensoryStone","player_choice":"Memory 1","floor":37.0,"gold_loss":0.0,"damage_taken":0.0},{"cards_removed":["Strike_R"],"damage_healed":0.0,"max_hp_gain":0.0,"max_hp_loss":0.0,"gold_gain":0.0,"event_name":"Falling","player_choice":"Removed Attack","floor":38.0,"gold_loss":0.0,"damage_taken":0.0},{"damage_healed":0,"gold_gain":0,"player_choice":"Fight","damage_taken":0,"max_hp_gain":0,"max_hp_loss":0,"event_name":"MindBloom","floor":44,"gold_loss":0}],"is_beta":false,"boss_relics":[{"not_picked":["Runic Cube","Philosopher\u0027s Stone"],"picked":"White Beast Statue"},{"not_picked":["Tiny House","Black Blood"],"picked":"Fusion Hammer"}],"items_purged_floors":[36,39],"is_endless":false,"potions_floor_spawned":[1,3,4,10,14,16,18,21,22,24,25,27,28,30,31,33,35,40,41,42,44,45,46],"killed_by":"Awakened One","ascension_level":0}