{"gold_per_floor":[114,289,289,289,300,325,325,358,411,448,460,501,528,560,572,584],"floor_reached":16,"playtime":605,"items_purged":[],"score":184,"play_id":"cace53fe-5e42-4fd5-b169-1a37e4647d76","local_time":"20181202214400","is_ascension_mode":true,"campfire_choices":[{"data":"Gash","floor":7,"key":"SMITH"},{"floor":11,"key":"REST"},{"floor":15,"key":"REST"}],"neow_cost":"NONE","seed_source_timestamp":175376931450162,"circlet_count":0,"master_deck":["Strike_B","Strike_B","Strike_B","Strike_B","Defend_B","Defend_B","Defend_B","Defend_B","Zap","Dualcast","Gash+1","Rebound","BootSequence","Echo Form","FTL","Sweeping Beam","Leap"],"relics":["Cracked Core","NeowsBlessing","Lantern","Bag of Marbles","Smiling Mask","MawBank","Incense Burner","Unceasing Top"],"potions_floor_usage":[10,12,16],"damage_taken":[{"damage":0,"enemies":"Small Slimes","floor":1,"turns":1},{"damage":0,"enemies":"2 Louse","floor":5,"turns":1},{"damage":0,"enemies":"3 Sentries","floor":6,"turns":1},{"damage":28,"enemies":"Gremlin Nob","floor":8,"turns":4},{"damage":20,"enemies":"3 Sentries","floor":10,"turns":6},{"damage":32,"enemies":"Gremlin Nob","floor":12,"turns":4},{"damage":0,"enemies":"Cultist","floor":13,"turns":2},{"damage":0,"enemies":"Exordium Wildlife","floor":14,"turns":2},{"damage":31,"enemies":"Hexaghost","floor":16,"turns":9}],"seed_played":"8902750616607591358","potions_obtained":[{"floor":6,"key":"Poison Potion"},{"floor":8,"key":"Fire Potion"},{"floor":12,"key":"Regen Potion"}],"is_trial":false,"path_per_floor":["M","?","?","?","M","E","R","E","T","E","R","E","M","M","R","B"],"character_chosen":"DEFECT","items_purchased":[],"campfire_rested":2,"item_purchase_floors":[],"current_hp_per_floor":[75,75,75,75,75,75,75,47,47,27,49,17,17,17,39,23],"gold":584,"neow_bonus":"THREE_ENEMY_KILL","is_prod":false,"is_daily":false,"chose_seed":false,"campfire_upgraded":1,"win_rate":0,"timestamp":1543805040,"path_taken":["M","?","?","?","M","E","R","E","T","E","R","E","M","?","R","BOSS"],"build_version":"2018-11-15","purchased_purges":0,"victory":false,"max_hp_per_floor":[75,75,75,75,75,75,75,75,75,75,75,75,75,75,75,75],"card_choices":[{"not_picked":["Hologram","Double Energy"],"picked":"Cold Snap","floor":1},{"not_picked":["Skim","Compile Driver"],"picked":"Gash","floor":5},{"not_picked":["Reinforced Body","Cold Snap"],"picked":"Rebound","floor":6},{"not_picked":["Amplify","Chaos"],"picked":"BootSequence","floor":8},{"not_picked":["Cold Snap","Capacitor"],"picked":"Echo Form","floor":10},{"not_picked":["Ball Lightning","Doom and Gloom"],"picked":"FTL","floor":12},{"not_picked":["Coolheaded","Barrage"],"picked":"Sweeping Beam","floor":13},{"not_picked":["Double Energy","Consume"],"picked":"Leap","floor":14}],"player_experience":249254,"relics_obtained":[{"floor":6,"key":"Bag of Marbles"},{"floor":8,"key":"Smiling Mask"},{"floor":9,"key":"MawBank"},{"floor":10,"key":"Incense Burner"},{"floor":12,"key":"Unceasing Top"}],"event_choices":[{"damage_healed":0,"gold_gain":175,"player_choice":"AGREE","damage_taken":0,"max_hp_gain":0,"max_hp_loss":0,"event_name":"Liars Game","floor":2,"gold_loss":0,"cards_obtained":["Doubt"]},{"cards_removed":["Doubt"],"damage_healed":0,"gold_gain":0,"player_choice":"Forget","damage_taken":0,"max_hp_gain":0,"max_hp_loss":0,"event_name":"Living Wall","floor":3,"gold_loss":0},{"cards_removed":["Cold Snap"],"damage_healed":0,"gold_gain":0,"player_choice":"Gave Card","damage_taken":0,"relics_obtained":["Lantern"],"max_hp_gain":0,"max_hp_loss":0,"event_name":"WeMeetAgain","floor":4,"gold_loss":0}],"is_beta":false,"boss_relics":[],"items_purged_floors":[],"is_endless":false,"potions_floor_spawned":[6,8,12],"killed_by":"Hexaghost","ascension_level":4}