{"gold_per_floor":[116,136,55,55,80,80,103,134,134,134,170,194,207,230,230,360,360,373,391,391,410,296,296,309,350,374,474,159,175,175,190,190,314,314,328,328,341,7,26,26,51,51,74,74,98,111,135,35,35,35],"floor_reached":51,"playtime":3351,"items_purged":["Decay","Pain"],"score":725,"play_id":"5758d1fc-fd96-4313-867d-c39a612feff1","local_time":"20180703215013","daily_mods":["Draft"],"is_ascension_mode":false,"campfire_choices":[{"data":"Defragment","floor":6,"key":"SMITH"},{"data":"Loop","floor":10,"key":"SMITH"},{"data":"Static Discharge","floor":15,"key":"SMITH"},{"data":"Defragment","floor":23,"key":"SMITH"},{"data":"Seek","floor":30,"key":"SMITH"},{"data":"Loop","floor":32,"key":"SMITH"},{"data":"Capacitor","floor":40,"key":"SMITH"},{"data":"Force Field","floor":42,"key":"SMITH"},{"data":"Barrage","floor":44,"key":"SMITH"},{"floor":49,"key":"REST"}],"neow_cost":"","seed_source_timestamp":0,"circlet_count":0,"master_deck":["Ball Lightning","Leap","Glacier","Self Repair","Auto Shields","FTL","Streamline","Go for the Eyes","Turbo","BootSequence","Self Repair","Loop+1","Beam Cell","Recycle","White Noise","Static Discharge+1","Defragment+1","FTL","Coolheaded","Self Repair","Static Discharge","Barrage","Glacier","Conserve Battery","Fission","Self Repair","Ball Lightning+1","Defragment+1","Defragment+1","Ball Lightning","Capacitor+1","Loop+1","Seek+1","Turbo+1","Force Field+1","Echo Form","Redo+1","Barrage+1","FTL+1","Glacier+1","Ball Lightning","Skim","Barrage"],"relics":["Cracked Core","Golden Idol","Bottled Tornado","Shuriken","Odd Mushroom","Cursed Key","Bag of Marbles","Orichalcum","White Beast Statue","Calipers","Blood Vial"],"potions_floor_usage":[35,39,41,46,50,50,50],"damage_taken":[{"damage":0,"enemies":"Cultist","floor":1,"turns":4},{"damage":0,"enemies":"2 Louse","floor":2,"turns":3},{"damage":5,"enemies":"Jaw Worm","floor":5,"turns":3},{"damage":9,"enemies":"2 Fungi Beasts","floor":7,"turns":4},{"damage":3,"enemies":"3 Sentries","floor":8,"turns":4},{"damage":14,"floor":11,"turns":5},{"damage":3,"enemies":"Exordium Wildlife","floor":12,"turns":3},{"damage":0,"enemies":"Exordium Thugs","floor":13,"turns":4},{"damage":7,"enemies":"2 Fungi Beasts","floor":14,"turns":4},{"damage":25,"enemies":"Hexaghost","floor":16,"turns":12},{"damage":0,"enemies":"Shell Parasite","floor":18,"turns":4},{"damage":30,"enemies":"2 Thieves","floor":19,"turns":4},{"damage":7,"enemies":"Snake Plant","floor":21,"turns":6},{"damage":15,"enemies":"Chosen and Byrds","floor":24,"turns":4},{"damage":28,"enemies":"Gremlin Leader","floor":25,"turns":5},{"damage":12,"enemies":"3 Cultists","floor":29,"turns":4},{"damage":3,"enemies":"Centurion and Healer","floor":31,"turns":6},{"damage":12,"enemies":"Collector","floor":33,"turns":8},{"damage":5,"enemies":"Flame Bruiser 1 Orb","floor":35,"turns":6},{"damage":24,"enemies":"3 Shapes","floor":37,"turns":5},{"damage":54,"enemies":"Flame Bruiser 2 Orb","floor":39,"turns":4},{"damage":6,"enemies":"Spire Growth","floor":41,"turns":5},{"damage":2,"enemies":"Maw","floor":45,"turns":7},{"damage":3,"enemies":"Flame Bruiser 2 Orb","floor":46,"turns":4},{"damage":20,"enemies":"Sphere and 2 Shapes","floor":47,"turns":4},{"damage":54,"enemies":"Donu and Deca","floor":50,"turns":7}],"seed_played":"2474707672513692063","potions_obtained":[{"floor":2,"key":"PowerPotion"},{"floor":5,"key":"Fire Potion"},{"floor":7,"key":"Block Potion"},{"floor":35,"key":"LiquidBronze"},{"floor":39,"key":"Fire Potion"},{"floor":41,"key":"Swift Potion"},{"floor":46,"key":"Strength Potion"},{"floor":47,"key":"PowerPotion"}],"is_trial":true,"path_per_floor":["M","M","$","?","M","R","M","E","T","R","?","M","M","M","R","B",null,"M","M","?","M","$","R","M","E","T","?","$","M","R","M","R","B",null,"M","?","M","$","M","R","M","R","T","R","M","M","M","$","R","B"],"character_chosen":"DEFECT","items_purchased":["Defragment","Defragment","Ball Lightning","Loop","Seek","Calipers","Barrage"],"campfire_rested":1,"item_purchase_floors":[3,22,22,28,28,38,38],"current_hp_per_floor":[75,75,75,57,66,66,71,75,75,75,75,75,75,75,75,75,75,75,73,73,75,75,75,74,67,67,67,67,75,75,75,75,75,75,75,75,75,75,28,28,43,43,43,43,71,70,52,52,74,42],"gold":35,"neow_bonus":"","is_prod":false,"is_daily":false,"chose_seed":false,"campfire_upgraded":9,"win_rate":0,"timestamp":1530622213,"path_taken":["M","M","?","?","M","R","M","E","T","R","?","M","?","M","R","BOSS","M","M","?","M","$","R","M","E","T","?","$","M","R","M","R","BOSS","M","?","M","$","M","R","M","R","T","R","M","M","M","$","R","BOSS"],"build_version":"2018-07-02","purchased_purges":2,"victory":true,"max_hp_per_floor":[75,75,75,75,75,75,75,75,75,75,75,75,75,75,75,75,75,75,75,75,75,75,75,75,75,75,75,75,75,75,75,75,75,75,75,75,75,75,75,75,75,75,75,75,75,75,75,75,75,75],"card_choices":[{"not_picked":["Compile Driver","Sweeping Beam"],"picked":"Ball Lightning","floor":0},{"not_picked":["Reinforced Body","Gash"],"picked":"Leap","floor":0},{"not_picked":["Gash","BootSequence"],"picked":"Glacier","floor":0},{"not_picked":["Redo","Turbo"],"picked":"Self Repair","floor":0},{"not_picked":["Tempest","Blizzard"],"picked":"Auto Shields","floor":0},{"not_picked":["Storm","Sweeping Beam"],"picked":"Double Energy","floor":0},{"not_picked":["Chaos","Stack"],"picked":"FTL","floor":0},{"not_picked":["Fusion","Hologram"],"picked":"Streamline","floor":0},{"not_picked":["Steam","Compile Driver"],"picked":"Go for the Eyes","floor":0},{"not_picked":["Darkness","Barrage"],"picked":"Turbo","floor":0},{"not_picked":["Streamline","Rebound"],"picked":"BootSequence","floor":0},{"not_picked":["Coolheaded","Darkness"],"picked":"Self Repair","floor":0},{"not_picked":["Gash","Conserve Battery"],"picked":"Loop","floor":0},{"not_picked":["Force Field","BootSequence"],"picked":"Beam Cell","floor":0},{"not_picked":["Streamline","Leap"],"picked":"Recycle","floor":0},{"not_picked":["Conserve Battery","Steam Power"],"picked":"White Noise","floor":1},{"not_picked":["Stack","Glacier"],"picked":"Static Discharge","floor":2},{"not_picked":["Barrage","Darkness"],"picked":"FTL","floor":5},{"not_picked":["Streamline","Rebound"],"picked":"Coolheaded","floor":7},{"not_picked":["Streamline","Auto Shields"],"picked":"Self Repair","floor":8},{"not_picked":["Coolheaded","Hologram"],"picked":"Static Discharge","floor":11},{"not_picked":["Redo","Sweeping Beam"],"picked":"Barrage","floor":12},{"not_picked":["Fusion","Darkness"],"picked":"Glacier","floor":13},{"not_picked":["Compile Driver","Go for the Eyes"],"picked":"Conserve Battery","floor":14},{"not_picked":["Core Surge","Hyperbeam"],"picked":"Fission","floor":16},{"not_picked":["Stack+1","BootSequence"],"picked":"Self Repair","floor":18},{"not_picked":["Sweeping Beam+1","Chaos"],"picked":"Ball Lightning+1","floor":19},{"not_picked":["Capacitor+1","Turbo"],"picked":"Defragment+1","floor":21},{"not_picked":["Gash+1","Darkness+1"],"picked":"Capacitor","floor":24},{"not_picked":["Chaos","Fusion","Rip and Tear"],"picked":"SKIP","floor":25},{"not_picked":["Hello World","Gash"],"picked":"Turbo+1","floor":29},{"not_picked":["Rip and Tear+1","Steam+1"],"picked":"Force Field","floor":31},{"not_picked":["All For One","Machine Learning"],"picked":"Echo Form","floor":33},{"not_picked":["Hologram+1","Chaos"],"picked":"Redo+1","floor":35},{"not_picked":["Hologram+1","Reinforced Body","Stack"],"picked":"SKIP","floor":37},{"not_picked":["Streamline+1","Coolheaded"],"picked":"FTL+1","floor":39},{"not_picked":["Genetic Algorithm+1","Tempest"],"picked":"Glacier+1","floor":41},{"not_picked":["Heatsinks","Cold Snap+1"],"picked":"Ball Lightning","floor":45},{"not_picked":["Streamline","Sweeping Beam"],"picked":"Skim","floor":46},{"not_picked":["Heatsinks","Auto Shields+1"],"picked":"Barrage","floor":47}],"player_experience":262873,"relics_obtained":[{"floor":8,"key":"Bottled Tornado"},{"floor":9,"key":"Shuriken"},{"floor":11,"key":"Odd Mushroom"},{"floor":25,"key":"Bag of Marbles"},{"floor":26,"key":"Orichalcum"},{"floor":43,"key":"Blood Vial"}],"event_choices":[{"event_name":"Golden Idol","player_choice":"Take Damage","floor":4,"damage_taken":0},{"event_name":"Mushrooms","player_choice":"Fought Mushrooms","floor":11,"damage_taken":0},{"event_name":"Back to Basics","player_choice":"Elegance","floor":20,"damage_taken":0},{"event_name":"Golden Shrine","player_choice":"Pray","floor":27,"damage_taken":0},{"event_name":"The Woman in Blue","player_choice":"Bought 0 Potions","floor":36,"damage_taken":0}],"boss_relics":[{"not_picked":["Coffee Dripper","Eternal Feather"],"picked":"Cursed Key"},{"not_picked":["Black Star","Orrery"],"picked":"White Beast Statue"}],"items_purged_floors":[28,48],"is_endless":false,"potions_floor_spawned":[2,5,7,8,19,24,25,29,31,35,37,39,41,45,46,47],"ascension_level":0}