{"gold_per_floor":[116,129,145,145,100,130,130,158,158,174,224,251,265,282,282,384,384,402,114,134,134,150,180,180,180,261,293,293,243,243,193,193,193],"floor_reached":33,"playtime":1508,"items_purged":["Strike_B","Defend_B"],"score":358,"play_id":"1040464e-98d7-49b6-8de6-b82507ec1642","local_time":"20181121203843","is_ascension_mode":true,"campfire_choices":[{"floor":15,"key":"REST"},{"data":"1","floor":28,"key":"LIFT"},{"data":"2","floor":30,"key":"LIFT"},{"floor":32,"key":"REST"}],"neow_cost":"NONE","seed_source_timestamp":620143830906736,"circlet_count":0,"master_deck":["Defend_B","Defend_B","Defend_B","Zap","Dualcast","Defragment","Ball Lightning","Static Discharge","Ball Lightning","Barrage","Echo Form","Leap","Core Surge","Glacier","Conserve Battery","Creative AI","Regret","Clumsy","Shame","Storm+1","Barrage+1","Lockon+1","Turbo","Decay","Bite+1","Bite+1","Bite+1","Bite+1","Bite+1","Glacier+1"],"relics":["Cracked Core","NeowsBlessing","Centennial Puzzle","Du-Vu Doll","Vajra","Pear","Letter Opener","Calling Bell","Smiling Mask","Molten Egg 2","Thread and Needle","Mummified Hand","Boot","Girya","Toxic Egg 2","Singing Bowl"],"potions_floor_usage":[14,23,27,33],"damage_taken":[{"damage":0,"enemies":"Cultist","floor":1,"turns":1},{"damage":0,"enemies":"Jaw Worm","floor":2,"turns":1},{"damage":0,"enemies":"2 Louse","floor":3,"turns":1},{"damage":28,"enemies":"Gremlin Nob","floor":6,"turns":3},{"damage":27,"enemies":"3 Sentries","floor":8,"turns":4},{"damage":6,"enemies":"Looter","floor":10,"turns":2},{"damage":12,"enemies":"Lagavulin","floor":12,"turns":6},{"damage":0,"enemies":"2 Fungi Beasts","floor":13,"turns":2},{"damage":6,"enemies":"Lots of Slimes","floor":14,"turns":5},{"damage":10,"enemies":"Hexaghost","floor":16,"turns":7},{"damage":12,"enemies":"Shell Parasite","floor":18,"turns":4},{"damage":16,"enemies":"2 Thieves","floor":20,"turns":3},{"damage":12,"enemies":"3 Cultists","floor":22,"turns":4},{"damage":39,"enemies":"Slavers","floor":23,"turns":3},{"damage":17,"enemies":"Book of Stabbing","floor":27,"turns":5},{"damage":49,"enemies":"Collector","floor":33,"turns":7}],"seed_played":"267462065975113012","potions_obtained":[{"floor":3,"key":"PowerPotion"},{"floor":8,"key":"PowerPotion"},{"floor":10,"key":"PowerPotion"},{"floor":13,"key":"Dexterity Potion"},{"floor":14,"key":"LiquidBronze"},{"floor":23,"key":"PowerPotion"}],"is_trial":false,"path_per_floor":["M","M","M","?","$","E","$","E","T","M","T","E","M","M","R","B",null,"M","$","M","?","M","E","?","?","T","E","R","$","R","?","R","B"],"character_chosen":"DEFECT","items_purchased":["Ball Lightning","Mummified Hand"],"campfire_rested":2,"item_purchase_floors":[5,19],"current_hp_per_floor":[75,75,75,75,75,47,47,20,30,24,24,14,16,12,37,29,85,73,73,59,59,49,12,12,12,12,4,4,4,4,4,29,0],"gold":193,"neow_bonus":"THREE_ENEMY_KILL","is_prod":false,"is_daily":false,"chose_seed":false,"campfire_upgraded":0,"win_rate":0,"timestamp":1542850723,"path_taken":["M","M","?","?","$","E","?","E","T","M","?","E","M","M","R","BOSS","M","$","M","?","M","E","?","?","T","E","R","$","R","?","R","BOSS"],"build_version":"2018-11-15","purchased_purges":2,"victory":false,"max_hp_per_floor":[75,75,75,75,75,75,75,75,85,85,85,85,85,85,85,85,85,85,85,85,85,85,85,85,85,85,85,85,85,85,85,85,85],"card_choices":[{"not_picked":["Cold Snap","Melter"],"picked":"Defragment","floor":1},{"not_picked":["Melter","Hello World"],"picked":"Ball Lightning","floor":2},{"not_picked":["Steam","FTL"],"picked":"Static Discharge","floor":3},{"not_picked":["Steam","Stack"],"picked":"Barrage","floor":6},{"not_picked":["FTL","Core Surge"],"picked":"Echo Form","floor":8},{"not_picked":["Go for the Eyes","Auto Shields"],"picked":"Leap","floor":10},{"not_picked":["BootSequence","Scrape"],"picked":"Core Surge","floor":12},{"not_picked":["Cold Snap","Darkness"],"picked":"Glacier","floor":13},{"not_picked":["Aggregate","Darkness"],"picked":"Conserve Battery","floor":14},{"not_picked":["All For One","Echo Form"],"picked":"Creative AI","floor":16},{"not_picked":["Coolheaded+1","Sunder+1"],"picked":"Storm+1","floor":18},{"not_picked":["Sweeping Beam+1","Core Surge+1"],"picked":"Barrage+1","floor":20},{"not_picked":["Sweeping Beam+1","Turbo+1"],"picked":"Lockon+1","floor":22},{"not_picked":["Skim","Conserve Battery"],"picked":"Turbo","floor":23},{"not_picked":["Go for the Eyes+1","Static Discharge"],"picked":"Glacier+1","floor":27}],"player_experience":179714,"relics_obtained":[{"floor":6,"key":"Du-Vu Doll"},{"floor":8,"key":"Vajra"},{"floor":9,"key":"Pear"},{"floor":11,"key":"Blood Vial"},{"floor":12,"key":"Letter Opener"},{"floor":17,"key":"Smiling Mask"},{"floor":17,"key":"Molten Egg 2"},{"floor":17,"key":"Thread and Needle"},{"floor":23,"key":"Girya"},{"floor":26,"key":"Toxic Egg 2"},{"floor":27,"key":"Singing Bowl"}],"event_choices":[{"damage_healed":0,"gold_gain":0,"player_choice":"Gave Potion","damage_taken":0,"relics_obtained":["Centennial Puzzle"],"max_hp_gain":0,"max_hp_loss":0,"event_name":"WeMeetAgain","floor":4,"gold_loss":0},{"damage_healed":0,"gold_gain":0,"player_choice":"Opened","damage_taken":0,"relics_obtained":["Boot"],"max_hp_gain":0,"max_hp_loss":0,"event_name":"The Mausoleum","floor":21,"gold_loss":0},{"damage_healed":0,"gold_gain":0,"player_choice":"Smashed Altar","damage_taken":0,"max_hp_gain":0,"max_hp_loss":0,"event_name":"Forgotten Altar","floor":24,"gold_loss":0,"cards_obtained":["Decay"]},{"damage_healed":0,"gold_gain":0,"player_choice":"Became a vampire (Vial)","damage_taken":0,"max_hp_gain":0,"max_hp_loss":0,"event_name":"Vampires","floor":25,"relics_lost":["Blood Vial"],"gold_loss":0,"cards_obtained":["Bite","Bite","Bite","Bite","Bite"]},{"damage_healed":0,"gold_gain":0,"player_choice":"Bet on Murderer","damage_taken":0,"max_hp_gain":0,"max_hp_loss":0,"event_name":"The Joust","floor":31,"gold_loss":50}],"is_beta":false,"boss_relics":[{"not_picked":["Velvet Choker","Ectoplasm"],"picked":"Calling Bell"}],"items_purged_floors":[19,29],"is_endless":false,"potions_floor_spawned":[3,8,10,13,14,18,20,23],"killed_by":"Collector","ascension_level":2}