{"gold_per_floor":[114,114,129,144,159,159,189,204,204,204,204,219,219,219,219,319,319,334,349,449,449,464,524,539,539,539,569,569,599,599,629,629,729,729,744,759,376,391,406,436,186,186,236,266,116,146,146,161,161,161],"floor_reached":51,"playtime":46024,"items_purged":[],"score":1015,"play_id":"f29debec-f6ce-4bbd-b298-047216715305","local_time":"20190209135038","daily_mods":["Chimera","Hoarder","Elite Swarm"],"is_ascension_mode":false,"campfire_choices":[{"data":"Armaments","floor":6,"key":"SMITH"},{"data":"Barricade","floor":13,"key":"SMITH"},{"data":"Armaments","floor":15,"key":"SMITH"},{"data":"Armaments","floor":25,"key":"SMITH"},{"data":"Clothesline","floor":28,"key":"SMITH"},{"floor":30,"key":"REST"},{"floor":32,"key":"REST"},{"data":"Demon Form","floor":42,"key":"SMITH"},{"data":"Flame Barrier","floor":47,"key":"SMITH"},{"data":"Brutality","floor":49,"key":"SMITH"}],"neow_cost":"","seed_source_timestamp":0,"circlet_count":0,"master_deck":["Bash","Survivor","Zap","Strike_R","Strike_G","Strike_B","Defend_R","Defend_G","Defend_B+1","Headbutt","Headbutt","Headbutt+1","Armaments+1","Armaments+1","Armaments+1","Ghostly Armor","Ghostly Armor","Ghostly Armor","Disarm","Disarm+1","Disarm","Barricade","Barricade+1","Inflame","Inflame","Inflame","Shrug It Off","Shrug It Off","Shrug It Off","Impervious","Impervious","Impervious","Havoc","Havoc","Havoc","Heavy Blade+1","Heavy Blade+1","Heavy Blade+1","Writhe","Writhe","Writhe","Immolate","Immolate","Immolate","Clothesline","Clothesline+1","Clothesline","Juggernaut","Juggernaut","Juggernaut","Demon Form","Demon Form+1","Demon Form","Feed","Feed","Feed","Clothesline","Clothesline","Clothesline+1","Uppercut+1","Uppercut+1","Uppercut+1","Mayhem","Mayhem","Mayhem","Flame Barrier+1","Flame Barrier","Flame Barrier","Brutality+1","Brutality","Brutality","Fiend Fire","Fiend Fire","Fiend Fire"],"special_seed":17934,"relics":["Burning Blood","Gremlin Horn","Red Skull","Self Forming Clay","Snecko Eye","FossilizedHelix","Singing Bowl","Letter Opener","Tiny Chest","Bottled Tornado","Lantern","Pen Nib","Mercury Hourglass","Sozu","Ancient Tea Set","War Paint","Pantograph","Art of War","Dream Catcher","Whetstone","Vajra"],"potions_floor_usage":[7,16,16,20,20,29,29,31,38],"damage_taken":[{"damage":2.0,"enemies":"Small Slimes","floor":1.0,"turns":4.0},{"damage":1.0,"enemies":"Cultist","floor":3.0,"turns":3.0},{"damage":2.0,"enemies":"2 Louse","floor":4.0,"turns":3.0},{"damage":4,"enemies":"2 Fungi Beasts","floor":5,"turns":3},{"damage":16,"enemies":"Gremlin Nob","floor":7,"turns":6},{"damage":7,"enemies":"Blue Slaver","floor":8,"turns":5},{"damage":3,"enemies":"Lots of Slimes","floor":12,"turns":5},{"damage":45,"enemies":"Slime Boss","floor":16,"turns":21},{"damage":0,"enemies":"Spheric Guardian","floor":18,"turns":10},{"damage":0,"enemies":"3 Byrds","floor":19,"turns":8},{"damage":2,"enemies":"Colosseum Slavers","floor":20,"turns":5},{"damage":13,"enemies":"Colosseum Nobs","floor":20,"turns":6},{"damage":20,"enemies":"Cultist and Chosen","floor":22,"turns":11},{"damage":0,"enemies":"Slavers","floor":23,"turns":6},{"damage":0,"enemies":"Snake Plant","floor":24,"turns":5},{"damage":1,"enemies":"Book of Stabbing","floor":27,"turns":5},{"damage":37,"enemies":"Slavers","floor":29,"turns":5},{"damage":14,"enemies":"Book of Stabbing","floor":31,"turns":6},{"damage":2,"enemies":"Collector","floor":33,"turns":7},{"damage":16,"enemies":"3 Darklings","floor":35,"turns":3},{"damage":0,"enemies":"Orb Walker","floor":36,"turns":4},{"damage":11,"enemies":"Jaw Worm Horde","floor":38,"turns":4},{"damage":0,"enemies":"Maw","floor":39,"turns":6},{"damage":0,"enemies":"Giant Head","floor":40,"turns":8},{"damage":0,"enemies":"Nemesis","floor":44,"turns":5},{"damage":0,"enemies":"Giant Head","floor":46,"turns":6},{"damage":11,"enemies":"Spire Growth","floor":48,"turns":4},{"damage":28,"enemies":"Awakened One","floor":50,"turns":11}],"seed_played":"-7067944116089753152","potions_obtained":[{"floor":4,"key":"EssenceOfSteel"},{"floor":8,"key":"Energy Potion"},{"floor":12,"key":"FearPotion"},{"floor":16,"key":"Swift Potion"},{"floor":19,"key":"SteroidPotion"},{"floor":20,"key":"Explosive Potion"},{"floor":23,"key":"SpeedPotion"},{"floor":27,"key":"Weak Potion"},{"floor":33,"key":"PowerPotion"}],"is_trial":false,"path_per_floor":["M","?","M","M","M","R","E","M","T","?","?","M","R","T","R","B",null,"M","M","?","?","M","E","M","R","T","E","R","E","R","E","R","B",null,"M","M","$","M","M","E","$","R","T","E","$","E","R","M","R","B",null],"character_chosen":"IRONCLAD","items_purchased":["Mayhem","Flame Barrier","Ancient Tea Set","Pantograph","Whetstone"],"campfire_rested":2,"item_purchase_floors":[37,37,37,41,45],"current_hp_per_floor":[80,80,80,80,80,80,70,69,69,62,67,70,70,70,70,31,85,85,85,80,80,68,74,80,80,80,85,85,54,80,74,91,91,91,85,91,91,91,99,104,104,104,104,107,107,107,107,107,107,93],"gold":161,"neow_bonus":"","is_prod":false,"is_daily":true,"chose_seed":false,"campfire_upgraded":8,"win_rate":0,"timestamp":1549738238,"path_taken":["M","?","?","M","?","R","E","M","T","?","?","M","R","?","R","BOSS","M","?","?","?","M","E","?","R","T","E","R","E","R","E","R","BOSS","M","M","$","M","?","E","$","R","T","E","?","E","R","M","R","BOSS"],"build_version":"2019-01-23","purchased_purges":0,"victory":true,"max_hp_per_floor":[80,80,80,80,80,80,80,80,80,80,85,85,85,85,85,85,85,85,85,87,87,89,89,89,89,89,89,89,89,89,91,91,91,91,95,95,95,100,102,104,104,104,104,107,107,107,107,112,112,115],"card_choices":[{"not_picked":["Cleave","Anger"],"picked":"Headbutt","floor":1.0},{"not_picked":["Clothesline","Entrench"],"picked":"Ghostly Armor","floor":3.0},{"not_picked":["Clash","Anger","Thunderclap"],"picked":"SKIP","floor":4},{"not_picked":["Flex","Armaments"],"picked":"Disarm","floor":5},{"not_picked":["Bludgeon","Impervious"],"picked":"Barricade","floor":7},{"not_picked":["Rupture","Searing Blow"],"picked":"Inflame","floor":8},{"not_picked":["Rage","Clash"],"picked":"Shrug It Off","floor":12},{"not_picked":["Feed","Dark Embrace"],"picked":"Impervious","floor":16},{"not_picked":["Rampage","Armaments"],"picked":"Havoc","floor":18},{"not_picked":["Body Slam","Shrug It Off"],"picked":"Heavy Blade+1","floor":19},{"not_picked":["Anger","Clash","Wild Strike"],"picked":"Singing Bowl","floor":20},{"not_picked":["Twin Strike","Searing Blow","Headbutt"],"picked":"Singing Bowl","floor":22},{"not_picked":["Offering","Brutality"],"picked":"Immolate","floor":23},{"not_picked":["Perfected Strike","Iron Wave"],"picked":"Clothesline","floor":24},{"not_picked":["Brutality","Demon Form"],"picked":"Juggernaut","floor":27},{"not_picked":["Offering","Reaper"],"picked":"Demon Form","floor":29},{"not_picked":["Juggernaut","Limit Break","Offering"],"picked":"Singing Bowl","floor":31},{"not_picked":["Double Tap","Immolate"],"picked":"Feed","floor":33},{"not_picked":["Inflame","Body Slam+1"],"picked":"Clothesline","floor":35},{"not_picked":["Dropkick+1","Anger+1"],"picked":"Uppercut+1","floor":36},{"not_picked":["Havoc","Corruption+1","Feed"],"picked":"Singing Bowl","floor":38},{"not_picked":["Clothesline+1","Seeing Red","Sword Boomerang"],"picked":"Singing Bowl","floor":39},{"not_picked":["Juggernaut","Barricade","Immolate"],"picked":"Singing Bowl","floor":40},{"not_picked":["Impervious","Immolate"],"picked":"Brutality","floor":44},{"not_picked":["Berserk","Brutality"],"picked":"Fiend Fire","floor":46},{"not_picked":["Cleave","True Grit+1","Twin Strike"],"picked":"Singing Bowl","floor":48}],"player_experience":871357,"relics_obtained":[{"floor":7,"key":"Gremlin Horn"},{"floor":9,"key":"Red Skull"},{"floor":14,"key":"Self Forming Clay"},{"floor":20,"key":"FossilizedHelix"},{"floor":20,"key":"Singing Bowl"},{"floor":23,"key":"Tiny Chest"},{"floor":26,"key":"Bottled Tornado"},{"floor":27,"key":"Lantern"},{"floor":29,"key":"Pen Nib"},{"floor":31,"key":"Mercury Hourglass"},{"floor":40,"key":"War Paint"},{"floor":43,"key":"Art of War"},{"floor":44,"key":"Dream Catcher"},{"floor":46,"key":"Vajra"}],"event_choices":[{"damage_healed":0.0,"max_hp_gain":0.0,"max_hp_loss":0.0,"gold_gain":0.0,"event_name":"Match and Keep!","player_choice":"1 cards matched","floor":2.0,"gold_loss":0.0,"damage_taken":0.0,"cards_obtained":["Armaments"]},{"cards_removed":["Barricade"],"damage_healed":0,"gold_gain":0,"player_choice":"Card Removal","damage_taken":7,"max_hp_gain":0,"max_hp_loss":0,"event_name":"Golden Wing","floor":10,"gold_loss":0},{"damage_healed":0,"gold_gain":0,"player_choice":"Donut","damage_taken":0,"max_hp_gain":5,"max_hp_loss":0,"event_name":"Big Fish","floor":11,"gold_loss":0},{"damage_healed":0,"gold_gain":0,"player_choice":"Fight","damage_taken":0,"max_hp_gain":0,"max_hp_loss":0,"event_name":"Colosseum","floor":20,"gold_loss":0},{"damage_healed":0,"gold_gain":0,"player_choice":"Fought Nobs","damage_taken":0,"max_hp_gain":0,"max_hp_loss":0,"event_name":"Colosseum","floor":20,"gold_loss":0},{"damage_healed":0,"gold_gain":0,"player_choice":"Opened","damage_taken":0,"relics_obtained":["Letter Opener"],"max_hp_gain":0,"max_hp_loss":0,"event_name":"The Mausoleum","floor":21,"gold_loss":0,"cards_obtained":["Writhe"]}],"is_beta":false,"boss_relics":[{"not_picked":["Black Star","Lizard Tail"],"picked":"Snecko Eye"},{"not_picked":["Astrolabe","White Beast Statue"],"picked":"Sozu"}],"items_purged_floors":[],"is_endless":false,"potions_floor_spawned":[4,8,12,16,19,20,23,27,33,38,40],"ascension_level":0}