{"gold_per_floor":[109,109,34,34,54,54,129,129,129,129,147,164,26,43,43,145,145,164,263,263,283,297,297],"floor_reached":23,"playtime":1287,"items_purged":["Strike_B","Strike_B"],"score":181,"play_id":"cc0e5f22-53d2-45ae-b550-6f8296ebf05a","local_time":"20180729001526","is_ascension_mode":false,"campfire_choices":[{"data":"Dualcast","floor":6,"key":"SMITH"},{"data":"Zap","floor":8,"key":"SMITH"},{"data":"Conserve Battery","floor":10,"key":"SMITH"},{"data":"Consume","floor":15,"key":"SMITH"}],"neow_cost":"","seed_source_timestamp":6741217958133,"circlet_count":0,"master_deck":["Strike_B+1","Defend_B","Defend_B+1","Defend_B","Defend_B","Zap+1","Dualcast+1","Streamline","Machine Learning","Conserve Battery+1","Cold Snap","Ball Lightning","Consume+1","Go for the Eyes","Electrodynamics","Glacier","Streamline+1","Ball Lightning"],"relics":["Cracked Core","Nunchaku","Black Star","Nilry\u0027s Codex"],"potions_floor_usage":[23,23,23],"damage_taken":[{"damage":6,"enemies":"Jaw Worm","floor":1,"turns":4},{"damage":0,"enemies":"Cultist","floor":5,"turns":3},{"damage":0,"enemies":"2 Louse","floor":11,"turns":2},{"damage":4,"enemies":"Large Slime","floor":12,"turns":5},{"damage":13,"enemies":"2 Fungi Beasts","floor":14,"turns":3},{"damage":6,"enemies":"Slime Boss","floor":16,"turns":8},{"damage":0,"enemies":"Chosen","floor":18,"turns":4},{"damage":19,"enemies":"3 Byrds","floor":21,"turns":4},{"damage":38,"enemies":"Snake Plant","floor":22,"turns":4},{"damage":10,"enemies":"Gremlin Leader","floor":23,"turns":1}],"seed_played":"-4847259889643826889","potions_obtained":[{"floor":5,"key":"Swift Potion"},{"floor":11,"key":"Swift Potion"},{"floor":14,"key":"Regen Potion"},{"floor":21,"key":"Poison Potion"}],"is_trial":false,"path_per_floor":["M","?","$","?","M","R","?","R","T","R","M","M","$","M","R","B",null,"M","?","?","M","M"],"character_chosen":"DEFECT","items_purchased":["Consume"],"campfire_rested":0,"item_purchase_floors":[13],"current_hp_per_floor":[69,54,54,54,54,54,43,43,43,43,43,39,39,26,26,20,75,75,75,59,40,2,0],"gold":297,"neow_bonus":"","is_prod":false,"is_daily":false,"chose_seed":false,"campfire_upgraded":4,"win_rate":0,"timestamp":1532790926,"path_taken":["M","?","$","?","M","R","?","R","T","R","M","M","?","M","R","BOSS","M","?","?","M","M","E"],"build_version":"2018-07-26","purchased_purges":2,"victory":false,"max_hp_per_floor":[75,75,75,75,75,75,75,75,75,75,75,75,75,75,75,75,75,75,75,75,75,75,75],"card_choices":[{"not_picked":["Compile Driver","Tempest"],"picked":"Streamline","floor":1},{"not_picked":["Steam","Rebound"],"picked":"Conserve Battery","floor":5},{"not_picked":["Steam Power","Compile Driver"],"picked":"Cold Snap","floor":11},{"not_picked":["Auto Shields","Rebound"],"picked":"Ball Lightning","floor":12},{"not_picked":["Beam Cell","Barrage"],"picked":"Go for the Eyes","floor":14},{"not_picked":["Core Surge","Meteor Strike"],"picked":"Electrodynamics","floor":16},{"not_picked":["Skim","Streamline"],"picked":"Glacier","floor":18},{"not_picked":["Force Field","Barrage"],"picked":"Streamline+1","floor":21},{"not_picked":["Lockon","Rip and Tear+1"],"picked":"Ball Lightning","floor":22}],"player_experience":305142,"relics_obtained":[{"floor":9,"key":"Nunchaku"},{"floor":20,"key":"Nilry\u0027s Codex"}],"event_choices":[{"event_name":"Shining Light","player_choice":"Entered Light","floor":2,"damage_taken":0},{"event_name":"Living Wall","player_choice":"Change","floor":4,"damage_taken":0},{"event_name":"World of Goop","player_choice":"Gather Gold","floor":7,"damage_taken":0},{"event_name":"Nest","player_choice":"Stole From Cult","floor":19,"damage_taken":0},{"event_name":"Cursed Tome","player_choice":"Obtained Book","floor":20,"damage_taken":0}],"is_beta":true,"boss_relics":[{"not_picked":["Fusion Hammer","Snecko Eye"],"picked":"Black Star"}],"items_purged_floors":[3,13],"is_endless":false,"potions_floor_spawned":[5,11,14,21],"killed_by":"Gremlin Leader","ascension_level":0}