{"gold_per_floor":[144,144,35,80,125,125,170,215,215,260,305,350,10,10,10,310,310],"floor_reached":17,"playtime":1457,"items_purged":["Strike_G","Defend_G"],"score":176,"play_id":"93e88678-9b80-4788-84cc-5979d665f6f6","local_time":"20181104182838","daily_mods":["Specialized","Vintage","Midas"],"is_ascension_mode":false,"campfire_choices":[{"floor":6,"key":"REST"},{"floor":15,"key":"REST"}],"neow_cost":"","seed_source_timestamp":0,"circlet_count":0,"master_deck":["Defend_G","Defend_G","Defend_G","Strike_G","Strike_G","Strike_G","Strike_G","Survivor","Neutralize","Cloak And Dagger","Cloak And Dagger","Cloak And Dagger","Cloak And Dagger","Cloak And Dagger","Accuracy","Panache","Footwork","Die Die Die"],"special_seed":17839,"relics":["Ring of the Snake","Vajra","Pocketwatch","Happy Flower","Question Card","Paper Crane","Bottled Lightning","Prayer Wheel","Tingsha","Regal Pillow","Velvet Choker"],"potions_floor_usage":[12,16],"damage_taken":[{"damage":0,"enemies":"Jaw Worm","floor":1,"turns":5},{"damage":0,"enemies":"Cultist","floor":4,"turns":4},{"damage":5,"enemies":"Small Slimes","floor":5,"turns":4},{"damage":2,"enemies":"Exordium Thugs","floor":7,"turns":4},{"damage":0,"enemies":"Blue Slaver","floor":8,"turns":2},{"damage":0,"enemies":"2 Fungi Beasts","floor":10,"turns":3},{"damage":0,"enemies":"Exordium Wildlife","floor":11,"turns":3},{"damage":0,"enemies":"Large Slime","floor":12,"turns":5},{"damage":18,"enemies":"Slime Boss","floor":16,"turns":7}],"seed_played":"-2369398875627800595","potions_obtained":[{"floor":1,"key":"Regen Potion"},{"floor":4,"key":"SpeedPotion"},{"floor":11,"key":"Dexterity Potion"},{"floor":16,"key":"Explosive Potion"}],"is_trial":false,"path_per_floor":["M","?","$","M","M","R","M","M","T","M","M","M","$","$","R","B",null],"character_chosen":"THE_SILENT","items_purchased":["Accuracy","Panache","Footwork"],"campfire_rested":2,"item_purchase_floors":[3,13,13],"current_hp_per_floor":[70,70,70,70,65,70,68,68,68,68,68,68,68,68,70,52,70],"gold":310,"neow_bonus":"","is_prod":false,"is_daily":true,"chose_seed":false,"campfire_upgraded":0,"win_rate":0,"timestamp":1541374118,"path_taken":["M","?","$","?","M","R","M","M","T","M","?","M","?","$","R","BOSS"],"build_version":"2018-11-01","purchased_purges":2,"victory":false,"max_hp_per_floor":[70,70,70,70,70,70,70,70,70,70,70,70,70,70,70,70,70],"card_choices":[{"not_picked":["Malaise","Phantasmal Killer","Venomology"],"picked":"Die Die Die","floor":16}],"player_experience":464300,"relics_obtained":[{"floor":1,"key":"Vajra"},{"floor":4,"key":"Pocketwatch"},{"floor":5,"key":"Happy Flower"},{"floor":7,"key":"Question Card"},{"floor":8,"key":"Paper Crane"},{"floor":9,"key":"Bottled Lightning"},{"floor":10,"key":"Prayer Wheel"},{"floor":11,"key":"Tingsha"},{"floor":12,"key":"Regal Pillow"}],"event_choices":[{"cards_removed":["Defend_G"],"damage_healed":0,"gold_gain":0,"player_choice":"Offered Basic","damage_taken":0,"max_hp_gain":0,"max_hp_loss":0,"event_name":"Bonfire Elementals","floor":2,"gold_loss":0}],"is_beta":false,"boss_relics":[{"not_picked":["Lizard Tail","Tiny House"],"picked":"Velvet Choker"}],"items_purged_floors":[3,13],"is_endless":false,"potions_floor_spawned":[1,4,11,16],"ascension_level":0}