{"gold_per_floor":[118,118,61,61,61,97,118,18,68,48,48,48,48,66,66,162,162,175,189,189,59,72,72],"floor_reached":23,"playtime":555,"items_purged":[],"score":337,"play_id":"f91ef11e-5345-4260-ab72-b11db97474db","local_time":"20181230163126","is_ascension_mode":true,"campfire_choices":[{"floor":12,"key":"REST"},{"data":"Defragment","floor":15,"key":"SMITH"}],"neow_cost":"NONE","seed_source_timestamp":254738392242761,"circlet_count":0,"master_deck":["AscendersBane","Strike_B","Strike_B","Strike_B","Strike_B","Defend_B","Defend_B","Defend_B","Defend_B","Zap","Dualcast","Fission+1","Barrage","Ball Lightning","Loop","Defragment+1","Coolheaded","Cold Snap","Turbo","Electrodynamics","Defragment","Storm+1","Ghostly","Ghostly","Ghostly","Chill"],"relics":["Cracked Core","Golden Idol","The Courier","Pear","Cursed Key","Orichalcum"],"potions_floor_usage":[16,16,23],"damage_taken":[{"damage":9,"enemies":"Jaw Worm","floor":1,"turns":4},{"damage":25,"enemies":"Lagavulin","floor":6,"turns":6},{"damage":3,"enemies":"2 Louse","floor":7,"turns":2},{"damage":0,"enemies":"Small Slimes","floor":14,"turns":2},{"damage":40,"enemies":"Hexaghost","floor":16,"turns":12},{"damage":25,"enemies":"Spheric Guardian","floor":18,"turns":5},{"damage":28,"enemies":"Shell Parasite","floor":19,"turns":4},{"damage":2,"enemies":"Snecko","floor":22,"turns":5},{"damage":0,"enemies":"Snake Plant","floor":23,"turns":1}],"seed_played":"-6022114597291669862","potions_obtained":[{"floor":1,"key":"EssenceOfSteel"},{"floor":6,"key":"EssenceOfSteel"},{"floor":22,"key":"Regen Potion"}],"is_trial":false,"path_per_floor":["M","?","$","?","$","E","M","$","T","$","?","R","?","M","R","B",null,"M","M","?","$","M","M"],"character_chosen":"DEFECT","items_purchased":["Ball Lightning","Defragment","Coolheaded","Cold Snap","Orichalcum"],"campfire_rested":1,"item_purchase_floors":[3,8,8,10,21],"current_hp_per_floor":[55,55,55,55,55,30,27,27,27,27,19,41,41,41,41,1,56,31,3,3,3,1,1],"gold":72,"neow_bonus":"ONE_RANDOM_RARE_CARD","is_prod":false,"is_daily":false,"chose_seed":false,"campfire_upgraded":1,"win_rate":0,"timestamp":1546205486,"path_taken":["M","?","$","?","?","E","M","$","T","$","?","R","?","M","R","BOSS","M","M","?","$","M","M"],"build_version":"2018-12-20","purchased_purges":0,"victory":false,"max_hp_per_floor":[71,64,64,64,64,64,64,64,64,64,74,74,74,74,74,74,74,74,74,37,37,37,37],"card_choices":[{"not_picked":["FTL","Reinforced Body"],"picked":"Barrage","floor":1},{"not_picked":["Rebound","Genetic Algorithm"],"picked":"Loop","floor":6},{"not_picked":["Stack","Aggregate","Blizzard"],"picked":"SKIP","floor":7},{"not_picked":["Beam Cell","Barrage"],"picked":"Turbo","floor":14},{"not_picked":["Machine Learning","Amplify"],"picked":"Electrodynamics","floor":16},{"not_picked":["Reprogram","Gash"],"picked":"Defragment","floor":18},{"not_picked":["Redo","Ball Lightning"],"picked":"Storm+1","floor":19},{"not_picked":["Compile Driver","Gash"],"picked":"Chill","floor":22}],"player_experience":453442,"relics_obtained":[{"floor":6,"key":"The Courier"}],"event_choices":[{"damage_healed":0,"gold_gain":0,"player_choice":"Lose Max HP","damage_taken":0,"relics_obtained":["Golden Idol"],"max_hp_gain":0,"max_hp_loss":7,"event_name":"Golden Idol","floor":2,"gold_loss":0},{"damage_healed":0,"gold_gain":0,"player_choice":"Grow","damage_taken":0,"max_hp_gain":0,"max_hp_loss":0,"event_name":"Living Wall","floor":4,"gold_loss":0,"cards_upgraded":["Fission"]},{"damage_healed":0,"gold_gain":0,"player_choice":"Success","damage_taken":18,"relics_obtained":["Pear"],"max_hp_gain":0,"max_hp_loss":0,"event_name":"Scrap Ooze","floor":11,"gold_loss":0},{"damage_healed":0,"gold_gain":0,"player_choice":"Leave","damage_taken":0,"max_hp_gain":0,"max_hp_loss":0,"event_name":"The Cleric","floor":13,"gold_loss":0},{"damage_healed":0,"gold_gain":0,"player_choice":"Became a Ghost","damage_taken":0,"max_hp_gain":0,"max_hp_loss":37,"event_name":"Ghosts","floor":20,"gold_loss":0,"cards_obtained":["Ghostly","Ghostly","Ghostly"]}],"is_beta":false,"boss_relics":[{"not_picked":["Calling Bell","Nuclear Battery"],"picked":"Cursed Key"}],"items_purged_floors":[],"is_endless":false,"potions_floor_spawned":[1,6,14,22],"killed_by":"Snake Plant","ascension_level":16}