{"gold_per_floor":[11,11,30,30,30,30,45,45,72,72,72,87,114,132,132,132],"floor_reached":16,"playtime":448,"items_purged":[],"score":120,"play_id":"ff264fec-3ecb-4b7e-9ead-1b921bb388b9","local_time":"20180914152433","is_ascension_mode":true,"campfire_choices":[{"data":"Blizzard","floor":6,"key":"SMITH"},{"data":"Capacitor","floor":8,"key":"SMITH"},{"data":"Dualcast","floor":10,"key":"SMITH"},{"data":"Blizzard","floor":15,"key":"SMITH"}],"neow_cost":"NO_GOLD","seed_source_timestamp":66436753068882,"circlet_count":0,"master_deck":["Strike_B","Defend_B","Defend_B","Defend_B","Defend_B","Zap","Dualcast+1","Ball Lightning","Fusion","Cold Snap","Blizzard+1","Capacitor+1","Coolheaded","Blizzard+1","BootSequence"],"relics":["Cracked Core","Dead Branch","Ancient Tea Set","GremlinMask","Bag of Preparation"],"potions_floor_usage":[13],"damage_taken":[{"damage":6,"enemies":"Jaw Worm","floor":1,"turns":4},{"damage":0,"enemies":"Cultist","floor":3,"turns":2},{"damage":0,"enemies":"2 Louse","floor":7,"turns":2},{"damage":6,"enemies":"Looter","floor":12,"turns":3},{"damage":18,"enemies":"3 Sentries","floor":13,"turns":6},{"damage":12,"enemies":"3 Louse","floor":14,"turns":3},{"damage":29,"enemies":"Slime Boss","floor":16,"turns":6}],"seed_played":"1241780419148524153","potions_obtained":[{"floor":7,"key":"Fire Potion"}],"is_trial":false,"path_per_floor":["M","?","M","?","?","R","M","R","T","R","?","M","E","M","R"],"character_chosen":"DEFECT","items_purchased":[],"campfire_rested":0,"item_purchase_floors":[],"current_hp_per_floor":[69,69,69,69,62,62,62,62,62,62,62,56,38,26,26,0],"gold":132,"neow_bonus":"TRANSFORM_TWO_CARDS","is_prod":false,"is_daily":false,"chose_seed":false,"campfire_upgraded":4,"win_rate":0,"timestamp":1536906273,"path_taken":["M","?","M","?","?","R","?","R","T","R","?","?","E","M","R","BOSS"],"build_version":"2018-09-12","purchased_purges":0,"victory":false,"max_hp_per_floor":[75,75,75,75,75,75,75,75,75,75,75,75,75,75,75,75],"card_choices":[{"not_picked":["Scrape","Genetic Algorithm"],"picked":"Cold Snap","floor":1},{"not_picked":["Go for the Eyes","Lockon"],"picked":"Blizzard","floor":3},{"not_picked":["Ball Lightning","Turbo"],"picked":"Capacitor","floor":7},{"not_picked":["Doom and Gloom","Redo"],"picked":"Coolheaded","floor":12},{"not_picked":["Sunder","Gash"],"picked":"Blizzard","floor":13},{"not_picked":["Compile Driver","Melter"],"picked":"BootSequence","floor":14}],"player_experience":423038,"relics_obtained":[{"floor":2,"key":"Dead Branch"},{"floor":9,"key":"Ancient Tea Set"},{"floor":13,"key":"Bag of Preparation"}],"event_choices":[{"event_name":"Wheel of Change","player_choice":"Relic","floor":2,"damage_taken":0},{"event_name":"The Cleric","player_choice":"Leave","floor":4,"damage_taken":0},{"event_name":"Golden Wing","player_choice":"Card Removal","floor":5,"damage_taken":0},{"event_name":"FaceTrader","player_choice":"Trade","floor":11,"damage_taken":0}],"is_beta":true,"boss_relics":[],"items_purged_floors":[],"is_endless":false,"potions_floor_spawned":[7],"killed_by":"Slime Boss","ascension_level":4}