{"gold_per_floor":[114,129,144,114,129,159,159,174,174,189,189,219,234,249,249,349,349,364,379,301,316,316],"floor_reached":22,"playtime":2153,"items_purged":[],"score":302,"play_id":"2087b492-d06d-4f1f-a77d-d530d75bcd1e","local_time":"20190121164519","daily_mods":["Shiny","Hoarder","Binary"],"is_ascension_mode":false,"campfire_choices":[{"floor":7,"key":"DIG"},{"floor":11,"key":"DIG"},{"floor":15,"key":"DIG"}],"neow_cost":"","seed_source_timestamp":0,"circlet_count":0,"master_deck":["Double Tap","Demon Form","Bludgeon","Feed","Limit Break","Barricade","Fiend Fire","Dark Embrace","Berserk","Impervious","Juggernaut","Brutality","Reaper","Exhume","Offering","Immolate","Sword Boomerang","Sword Boomerang","Sword Boomerang","True Grit","True Grit","True Grit","Clothesline","Clothesline","Clothesline","Second Wind+1","Second Wind+1","Second Wind+1","Rage+1","Rage+1","Rage+1","Juggernaut","Juggernaut","Juggernaut","Shrug It Off+1","Shrug It Off+1","Shrug It Off+1","Spot Weakness+1","Spot Weakness+1","Spot Weakness+1","Inflame","Inflame","Inflame","Immolate","Immolate","Immolate"],"special_seed":17917,"relics":["Burning Blood","Shovel","Kunai","Toxic Egg 2","Turnip","Sundial","Potion Belt","Sozu"],"potions_floor_usage":[12],"damage_taken":[{"damage":6,"enemies":"Small Slimes","floor":1,"turns":1},{"damage":1,"enemies":"Cultist","floor":2,"turns":2},{"damage":6,"enemies":"2 Louse","floor":3,"turns":3},{"damage":0,"enemies":"Gremlin Gang","floor":5,"turns":1},{"damage":30,"enemies":"3 Sentries","floor":6,"turns":5},{"damage":13,"enemies":"Looter","floor":8,"turns":3},{"damage":0,"enemies":"3 Louse","floor":10,"turns":1},{"damage":20,"enemies":"Gremlin Nob","floor":12,"turns":3},{"damage":25,"enemies":"Red Slaver","floor":13,"turns":2},{"damage":16,"enemies":"Exordium Thugs","floor":14,"turns":3},{"damage":16,"enemies":"Slime Boss","floor":16,"turns":6},{"damage":25,"enemies":"3 Byrds","floor":18,"turns":6},{"damage":15,"enemies":"Chosen","floor":19,"turns":6},{"damage":35,"enemies":"Centurion and Healer","floor":21,"turns":5},{"damage":50,"enemies":"Snake Plant","floor":22,"turns":4}],"seed_played":"8847064133434649062","potions_obtained":[{"floor":3,"key":"SneckoOil"},{"floor":4,"key":"SpeedPotion"},{"floor":4,"key":"FearPotion"},{"floor":12,"key":"Dexterity Potion"}],"is_trial":false,"path_per_floor":["M","M","M","?","M","E","R","M","T","M","R","E","M","M","R","B",null,"M","M","$","M","M"],"character_chosen":"IRONCLAD","items_purchased":["Inflame"],"campfire_rested":0,"item_purchase_floors":[20],"current_hp_per_floor":[83,86,89,89,92,71,71,64,64,70,70,56,37,34,34,24,98,82,73,73,44,0],"gold":316,"neow_bonus":"","is_prod":false,"is_daily":true,"chose_seed":false,"campfire_upgraded":0,"win_rate":0,"timestamp":1548107119,"path_taken":["M","M","M","?","M","E","R","M","T","?","R","E","M","M","R","BOSS","M","M","$","M","M"],"build_version":"2019-01-17v2","purchased_purges":0,"victory":false,"max_hp_per_floor":[83,86,89,89,92,95,95,95,95,95,95,95,95,98,98,98,98,101,101,101,101,101],"card_choices":[{"not_picked":["Armaments"],"picked":"Sword Boomerang","floor":1},{"not_picked":["Cleave"],"picked":"True Grit","floor":2},{"not_picked":["Sword Boomerang","Rupture"],"picked":"SKIP","floor":3},{"not_picked":["Sword Boomerang","Rupture"],"picked":"SKIP","floor":3},{"not_picked":["Havoc","Anger"],"picked":"SKIP","floor":5},{"not_picked":["Bludgeon"],"picked":"Clothesline","floor":6},{"not_picked":["Twin Strike","Cleave"],"picked":"SKIP","floor":8},{"not_picked":["Sword Boomerang","Thunderclap"],"picked":"SKIP","floor":10},{"not_picked":["Hemokinesis"],"picked":"Second Wind+1","floor":12},{"not_picked":["Perfected Strike","Rupture"],"picked":"SKIP","floor":13},{"not_picked":["Entrench+1"],"picked":"Rage+1","floor":14},{"not_picked":["Demon Form"],"picked":"Juggernaut","floor":16},{"not_picked":["Whirlwind"],"picked":"Shrug It Off+1","floor":18},{"not_picked":["Iron Wave"],"picked":"Spot Weakness+1","floor":19},{"not_picked":["Heavy Blade"],"picked":"Immolate","floor":21}],"player_experience":116716,"relics_obtained":[{"floor":6,"key":"Shovel"},{"floor":7,"key":"Kunai"},{"floor":9,"key":"Toxic Egg 2"},{"floor":11,"key":"Turnip"},{"floor":12,"key":"Sundial"},{"floor":15,"key":"Potion Belt"}],"event_choices":[{"damage_healed":0,"gold_gain":0,"player_choice":"Bought 2 Potions","damage_taken":0,"max_hp_gain":0,"max_hp_loss":0,"event_name":"The Woman in Blue","floor":4,"gold_loss":0}],"is_beta":false,"boss_relics":[{"not_picked":["Cursed Key","Fusion Hammer"],"picked":"Sozu"}],"items_purged_floors":[],"is_endless":false,"potions_floor_spawned":[3,5,10,12,13],"killed_by":"Snake Plant","ascension_level":0}