{"path_per_floor":["M","?","$","?","M","R","M","E","T","M","E","R","M","?","R","B",null,"M","?","M","M","M"],"character_chosen":"THE_SILENT","items_purchased":["Backflip"],"gold_per_floor":[99,99,0,0,0,0,0,0,0,0,0,0,0,0,0,0,0,0,0,0,0,0,0],"floor_reached":23,"campfire_rested":1,"playtime":1889,"current_hp_per_floor":[69,69,69,65,65,65,65,50,50,37,38,60,60,60,60,57,75,71,71,63,38,15,0],"items_purged":["Regret"],"gold":0,"score":203,"play_id":"ab0451a4-506c-47c8-a693-db799a89e3af","local_time":"20180331132715","is_prod":false,"is_daily":false,"is_ascension_mode":false,"campfire_upgraded":1,"timestamp":1522517235,"path_taken":["M","?","?","?","M","R","M","E","T","M","E","R","M","?","R","BOSS","M","?","?","M","M","E"],"build_version":"2018-03-29v2","purchased_purges":1,"victory":false,"master_deck":["Defend_G","Defend_G","Defend_G","Defend_G","Defend_G","Strike_G","Strike_G","Strike_G","Strike_G","Survivor","Neutralize","Dodge and Roll","Backflip","Dash+1","Flying Knee","Storm of Steel","Sucker Punch","Footwork","Footwork","Accuracy","A Thousand Cuts","Infinite Blades","Writhe","Cloak And Dagger","Finisher","Leg Sweep"],"max_hp_per_floor":[70,70,70,65,65,65,65,65,65,65,75,75,75,75,75,75,75,75,75,75,75,75,75],"relics":["Ectoplasm","Letter Opener","Golden Idol","Ninja Scroll","Peace Pipe","Pear","Odd Mushroom","Black Star","Paper Crane"],"card_choices":[{"not_picked":["Dagger Throw","PiercingWail"],"picked":"Dodge and Roll","floor":1},{"not_picked":["Backflip","Flying Knee"],"picked":"Dash","floor":5},{"not_picked":["Masterful Stab","Slice"],"picked":"Flying Knee","floor":7},{"not_picked":["Prepared","Outmaneuver"],"picked":"Storm of Steel","floor":8},{"not_picked":["Crippling Poison","Blade Dance"],"picked":"Sucker Punch","floor":10},{"not_picked":["Finisher","Infinite Blades"],"picked":"Footwork","floor":11},{"not_picked":["Flying Knee","Outmaneuver"],"picked":"Footwork","floor":13},{"not_picked":["PiercingWail","Blade Dance"],"picked":"Accuracy","floor":14},{"not_picked":["Corpse Explosion","Night Terror"],"picked":"A Thousand Cuts","floor":16},{"not_picked":["Dodge and Roll","Noxious Fumes"],"picked":"Infinite Blades","floor":18},{"not_picked":["Masterful Stab","Bane"],"picked":"Cloak And Dagger","floor":20},{"not_picked":["Dodge and Roll","Slice"],"picked":"Finisher","floor":21},{"not_picked":["Reflex","Deadly Poison"],"picked":"Leg Sweep","floor":22}],"player_experience":60559,"potions_floor_usage":[11,16,16,21],"damage_taken":[{"damage":1,"enemies":"2 Louse","floor":1,"turns":5},{"damage":0,"enemies":"Jaw Worm","floor":5,"turns":4},{"damage":0,"enemies":"Cultist","floor":7,"turns":3},{"damage":15,"enemies":"Gremlin Nob","floor":8,"turns":5},{"damage":13,"enemies":"3 Louse","floor":10,"turns":2},{"damage":9,"enemies":"Lagavulin","floor":11,"turns":7},{"damage":0,"enemies":"Blue Slaver","floor":13,"turns":2},{"damage":0,"enemies":"The Mushroom Lair","floor":14,"turns":4},{"damage":18,"enemies":"Slime Boss","floor":16,"turns":18},{"damage":4,"enemies":"Spheric Guardian","floor":18,"turns":5},{"damage":8,"enemies":"Shell Parasite","floor":20,"turns":5},{"damage":25,"enemies":"Snake Plant","floor":21,"turns":6},{"damage":23,"enemies":"Cultist and Chosen","floor":22,"turns":8},{"damage":16,"enemies":"Slavers","floor":23,"turns":1}],"event_choices":[{"event_name":"Big Fish","player_choice":"Box","floor":2,"damage_taken":0},{"event_name":"Golden Idol","player_choice":"Lose Max HP","floor":4,"damage_taken":0},{"event_name":"Mushrooms","player_choice":"Fought Mushrooms","floor":14,"damage_taken":0},{"event_name":"The Mausoleum","player_choice":"Yes","floor":19,"damage_taken":0}],"boss_relics":[{"not_picked":["Orrery","Cursed Key"],"picked":"Black Star"}],"potions_floor_spawned":[8,11,13,20],"seed_played":"3602843934989356971","killed_by":"Slavers","ascension_level":0,"is_trial":false}