{"gold_per_floor":[99,99,40,40,40,40,40,40,40,40],"floor_reached":10,"playtime":315,"items_purged":[],"score":152,"play_id":"15da2c02-fbad-43dd-ac0e-139b9b9b42e3","local_time":"20181029021700","is_ascension_mode":true,"campfire_choices":[{"data":"Dagger Spray","floor":7,"key":"SMITH"}],"neow_cost":"NONE","seed_source_timestamp":839083865601200,"circlet_count":0,"master_deck":["Defend_G","Defend_G","Defend_G","Defend_G","Defend_G","Strike_G","Strike_G","Strike_G","Strike_G","Strike_G","Survivor","Neutralize","AscendersBane","Predator","Deadly Poison","Dagger Spray+1","Poisoned Stab","Dodge and Roll"],"relics":["Ectoplasm","Calipers","Bottled Lightning","Blue Candle"],"potions_floor_usage":[],"damage_taken":[{"damage":1,"enemies":"Small Slimes","floor":1,"turns":4},{"damage":0,"enemies":"Jaw Worm","floor":4,"turns":3},{"damage":0,"enemies":"Cultist","floor":5,"turns":4},{"damage":17,"enemies":"Lagavulin","floor":6,"turns":7},{"damage":39,"enemies":"Gremlin Nob","floor":8,"turns":4},{"damage":5,"enemies":"Red Slaver","floor":10,"turns":1}],"seed_played":"-8012182224986058250","potions_obtained":[{"floor":5,"key":"LiquidBronze"}],"is_trial":false,"path_per_floor":["M","?","$","M","M","E","R","E","T"],"character_chosen":"THE_SILENT","items_purchased":["Deadly Poison"],"campfire_rested":0,"item_purchase_floors":[3],"current_hp_per_floor":[58,58,58,58,58,41,41,2,2,0],"gold":40,"neow_bonus":"BOSS_RELIC","is_prod":false,"is_daily":false,"chose_seed":false,"campfire_upgraded":1,"win_rate":0,"timestamp":1540793820,"path_taken":["M","?","$","M","M","E","R","E","T","M"],"build_version":"2018-10-19","purchased_purges":0,"victory":false,"max_hp_per_floor":[66,66,66,66,66,66,66,66,66,66],"card_choices":[{"not_picked":["Backflip","Leg Sweep"],"picked":"Predator","floor":1},{"not_picked":["Distraction","Reflex"],"picked":"Dagger Spray","floor":4},{"not_picked":["Backstab","Underhanded Strike"],"picked":"Poisoned Stab","floor":5},{"not_picked":["Calculated Gamble","Dagger Throw"],"picked":"Dodge and Roll","floor":6},{"not_picked":["Deadly Poison","Quick Slash","Concentrate"],"picked":"SKIP","floor":8}],"player_experience":1545195,"relics_obtained":[{"floor":6,"key":"Calipers"},{"floor":8,"key":"Bottled Lightning"},{"floor":9,"key":"Blue Candle"}],"event_choices":[{"damage_healed":0,"gold_gain":0,"player_choice":"Ignored","damage_taken":0,"max_hp_gain":0,"max_hp_loss":0,"event_name":"Liars Game","floor":2,"gold_loss":0}],"is_beta":true,"boss_relics":[],"items_purged_floors":[],"is_endless":false,"potions_floor_spawned":[5],"killed_by":"Red Slaver","ascension_level":20}