{"gold_per_floor":[114,126,126,4,4,35,35,50,99,133,146,159,159],"floor_reached":13,"playtime":436,"items_purged":["Strike_B"],"score":152,"play_id":"21d14180-0c1a-4a03-a660-e44ddb07b5e3","local_time":"20181228173203","is_ascension_mode":true,"campfire_choices":[{"floor":7,"key":"REST"}],"neow_cost":"NONE","seed_source_timestamp":85694342114442,"circlet_count":0,"master_deck":["AscendersBane","Strike_B","Strike_B+1","Strike_B+1","Defend_B","Defend_B","Defend_B","Defend_B","Zap","Dualcast","Cold Snap","Leap","Hologram","Loop","Core Surge","Darkness","Capacitor","Turbo"],"relics":["Cracked Core","Whetstone","Oddly Smooth Stone","Boot","Regal Pillow"],"potions_floor_usage":[10,13],"damage_taken":[{"damage":7,"enemies":"Small Slimes","floor":1,"turns":4},{"damage":5,"enemies":"Jaw Worm","floor":2,"turns":3},{"damage":44,"enemies":"Gremlin Nob","floor":6,"turns":5},{"damage":2,"enemies":"Cultist","floor":8,"turns":3},{"damage":10,"enemies":"3 Sentries","floor":10,"turns":6},{"damage":12,"enemies":"Exordium Thugs","floor":11,"turns":4},{"damage":9,"enemies":"Red Slaver","floor":12,"turns":4},{"damage":14,"enemies":"Blue Slaver","floor":13,"turns":3}],"seed_played":"5378444731023831372","potions_obtained":[{"floor":2,"key":"GamblersBrew"},{"floor":8,"key":"Fire Potion"},{"floor":12,"key":"AttackPotion"}],"is_trial":false,"path_per_floor":["M","M","?","$","?","E","R","M","T","E","M","M","M"],"character_chosen":"DEFECT","items_purchased":["Hologram"],"campfire_rested":1,"item_purchase_floors":[4],"current_hp_per_floor":[61,56,61,61,61,17,41,39,39,29,17,8,0],"gold":159,"neow_bonus":"RANDOM_COMMON_RELIC","is_prod":false,"is_daily":false,"chose_seed":false,"campfire_upgraded":0,"win_rate":0,"timestamp":1546036323,"path_taken":["M","M","?","$","?","E","R","M","T","E","M","?","M"],"build_version":"2018-12-20","purchased_purges":1,"victory":false,"max_hp_per_floor":[75,75,80,80,80,80,80,80,80,80,80,80,80],"card_choices":[{"not_picked":["Stack","Conserve Battery"],"picked":"Cold Snap","floor":1},{"not_picked":["FTL","Stack"],"picked":"Leap","floor":2},{"not_picked":["Beam Cell","Reprogram"],"picked":"Loop","floor":6},{"not_picked":["White Noise","Reprogram"],"picked":"Core Surge","floor":8},{"not_picked":["Chaos","Loop"],"picked":"Darkness","floor":10},{"not_picked":["Compile Driver","Stack"],"picked":"Capacitor","floor":11},{"not_picked":["Stack","Beam Cell"],"picked":"Turbo","floor":12}],"player_experience":418783,"relics_obtained":[{"floor":6,"key":"Oddly Smooth Stone"},{"floor":9,"key":"Boot"},{"floor":10,"key":"Regal Pillow"}],"event_choices":[{"damage_healed":0,"gold_gain":0,"player_choice":"Donut","damage_taken":0,"max_hp_gain":5,"max_hp_loss":0,"event_name":"Big Fish","floor":3,"gold_loss":0},{"damage_healed":0,"gold_gain":0,"player_choice":"Ignored","damage_taken":0,"max_hp_gain":0,"max_hp_loss":0,"event_name":"Liars Game","floor":5,"gold_loss":0}],"is_beta":false,"boss_relics":[],"items_purged_floors":[4],"is_endless":false,"potions_floor_spawned":[2,8,12],"killed_by":"Blue Slaver","ascension_level":12}