{"gold_per_floor":[109,109,109,184,198,198,217,217,241,241,275,294,320,336,336,336],"floor_reached":16,"playtime":621,"items_purged":[],"score":100,"play_id":"e5ab9145-5271-4eb2-93d8-7ea1c0e57b6f","local_time":"20190201082447","is_ascension_mode":false,"campfire_choices":[{"data":"Barricade","floor":6,"key":"SMITH"},{"data":"Rage","floor":8,"key":"SMITH"},{"floor":15,"key":"REST"}],"neow_cost":"PERCENT_DAMAGE","seed_source_timestamp":87546285538218,"circlet_count":0,"master_deck":["Strike_R","Strike_R","Strike_R","Strike_R","Strike_R","Defend_R","Defend_R","Defend_R","Defend_R","Bash","Barricade+1","Rage+1","Decay","Pommel Strike","Armaments","Heavy Blade"],"relics":["Burning Blood","Vajra","Blood Vial","Dream Catcher"],"potions_floor_usage":[11,16,16],"damage_taken":[{"damage":9,"enemies":"Small Slimes","floor":1,"turns":5},{"damage":6,"enemies":"Jaw Worm","floor":5,"turns":3},{"damage":0,"enemies":"2 Louse","floor":7,"turns":3},{"damage":15,"enemies":"Lagavulin","floor":11,"turns":7},{"damage":32,"enemies":"Lots of Slimes","floor":12,"turns":8},{"damage":20,"enemies":"Exordium Wildlife","floor":14,"turns":7},{"damage":58,"enemies":"Hexaghost","floor":16,"turns":14}],"seed_played":"-4823210059802834627","potions_obtained":[{"floor":1,"key":"Fire Potion"},{"floor":11,"key":"Strength Potion"},{"floor":12,"key":"Poison Potion"}],"is_trial":false,"path_per_floor":["M","$","?","?","M","R","M","R","T","?","E","M","T","M","R","B"],"character_chosen":"IRONCLAD","items_purchased":[],"campfire_rested":1,"item_purchase_floors":[],"current_hp_per_floor":[53,53,79,68,68,68,74,74,74,74,65,41,41,29,53,0],"gold":336,"neow_bonus":"THREE_RARE_CARDS","is_prod":false,"is_daily":false,"chose_seed":false,"campfire_upgraded":2,"win_rate":0,"timestamp":1549027487,"path_taken":["M","$","?","?","?","R","M","R","T","?","E","?","?","M","R","BOSS"],"build_version":"2019-01-23","purchased_purges":0,"victory":false,"max_hp_per_floor":[80,80,80,80,80,80,80,80,80,80,80,80,80,80,80,80],"card_choices":[{"not_picked":["Exhume","Bludgeon"],"picked":"Barricade","floor":0},{"not_picked":["Dual Wield","Searing Blow"],"picked":"Rage","floor":1},{"not_picked":["Wild Strike","Uppercut","Sword Boomerang"],"picked":"SKIP","floor":5},{"not_picked":["Sword Boomerang","Intimidate","Hemokinesis"],"picked":"SKIP","floor":7},{"not_picked":["Wild Strike","Twin Strike"],"picked":"Pommel Strike","floor":11},{"not_picked":["Rupture","Clothesline","Carnage"],"picked":"SKIP","floor":12},{"not_picked":["Feel No Pain","Bloodletting"],"picked":"Armaments","floor":14},{"not_picked":["Bloodletting","Clash"],"picked":"Heavy Blade","floor":15}],"player_experience":135528,"relics_obtained":[{"floor":9,"key":"Vajra"},{"floor":11,"key":"Blood Vial"},{"floor":13,"key":"Dream Catcher"}],"event_choices":[{"damage_healed":26,"gold_gain":0,"player_choice":"Banana","damage_taken":0,"max_hp_gain":0,"max_hp_loss":0,"event_name":"Big Fish","floor":3,"gold_loss":0},{"damage_healed":0,"gold_gain":75,"player_choice":"Gather Gold","damage_taken":11,"max_hp_gain":0,"max_hp_loss":0,"event_name":"World of Goop","floor":4,"gold_loss":0},{"damage_healed":0,"gold_gain":0,"player_choice":"Cursed","damage_taken":0,"max_hp_gain":0,"max_hp_loss":0,"event_name":"Wheel of Change","floor":10,"gold_loss":0,"cards_obtained":["Decay"]}],"is_beta":false,"boss_relics":[],"items_purged_floors":[],"is_endless":false,"potions_floor_spawned":[1,11,12],"killed_by":"Hexaghost","ascension_level":0}