{"gold_per_floor":[359,376,392,392,73,73,73,85,167,167,185,185,220,220,220,322,322,340,265,265,315,328,341,341],"floor_reached":24,"playtime":1386,"items_purged":[],"score":332,"play_id":"8ede2cb2-c2cf-4bad-9517-05208ff4e958","local_time":"20181026005843","is_ascension_mode":true,"campfire_choices":[{"data":"Zap","floor":6,"key":"SMITH"},{"floor":10,"key":"REST"},{"data":"Double Energy","floor":12,"key":"SMITH"},{"floor":15,"key":"REST"}],"neow_cost":"TEN_PERCENT_HP_LOSS","seed_source_timestamp":184307317059594,"circlet_count":0,"master_deck":["Strike_B","Strike_B","Defend_B","Defend_B","Defend_B","Defend_B+1","Zap+1","Dualcast","AscendersBane","Turbo","Coolheaded+1","FTL","Creative AI+1","Defragment+1","Double Energy+1","Static Discharge+1","Buffer+1","Ball Lightning","Static Discharge+1","Defragment+1","Force Field"],"relics":["Cracked Core","Frozen Egg 2","Matryoshka","Pen Nib","Cursed Key"],"potions_floor_usage":[24],"damage_taken":[{"damage":8,"enemies":"Small Slimes","floor":1,"turns":3},{"damage":2,"enemies":"Jaw Worm","floor":2,"turns":3},{"damage":4,"enemies":"Cultist","floor":3,"turns":3},{"damage":15,"enemies":"Lots of Slimes","floor":8,"turns":4},{"damage":12,"enemies":"2 Fungi Beasts","floor":11,"turns":4},{"damage":0,"enemies":"Lagavulin","floor":13,"turns":7},{"damage":15,"enemies":"Hexaghost","floor":16,"turns":8},{"damage":4,"enemies":"3 Byrds","floor":18,"turns":2},{"damage":20,"enemies":"Chosen","floor":22,"turns":6},{"damage":8,"enemies":"Shelled Parasite and Fungi","floor":23,"turns":5},{"damage":34,"enemies":"Slavers","floor":24,"turns":1}],"seed_played":"4418274043521714275","potions_obtained":[{"floor":2,"key":"FearPotion"},{"floor":11,"key":"PowerPotion"},{"floor":22,"key":"FearPotion"}],"is_trial":false,"path_per_floor":["M","M","M","?","$","R","$","M","T","R","M","R","E","?","R","B",null,"M","?","?","?","M","M"],"character_chosen":"DEFECT","items_purchased":["Frozen Egg 2","Creative AI+1"],"campfire_rested":2,"item_purchase_floors":[5,5],"current_hp_per_floor":[60,58,54,47,47,47,47,32,32,52,40,40,40,26,46,31,59,55,55,55,55,35,27,0],"gold":341,"neow_bonus":"TWO_FIFTY_GOLD","is_prod":false,"is_daily":false,"chose_seed":false,"campfire_upgraded":2,"win_rate":0,"timestamp":1540483123,"path_taken":["M","M","M","?","$","R","$","M","T","R","?","R","E","?","R","BOSS","M","?","?","?","?","M","E"],"build_version":"2018-10-18","purchased_purges":0,"victory":false,"max_hp_per_floor":[68,68,68,68,68,68,68,68,68,68,68,68,68,68,68,68,68,68,68,68,68,68,68,68],"card_choices":[{"not_picked":["Steam","Leap"],"picked":"Turbo","floor":1},{"not_picked":["Hologram","Steam"],"picked":"Coolheaded","floor":2},{"not_picked":["Aggregate","Storm"],"picked":"FTL","floor":3},{"not_picked":["Rip and Tear","Go for the Eyes"],"picked":"Defragment+1","floor":8},{"not_picked":["Leap","Barrage"],"picked":"Double Energy","floor":11},{"not_picked":["Beam Cell","Coolheaded"],"picked":"Static Discharge+1","floor":13},{"not_picked":["Meteor Strike","Amplify"],"picked":"Buffer+1","floor":16},{"not_picked":["Cold Snap","Rebound"],"picked":"Ball Lightning","floor":18},{"not_picked":["Compile Driver+1","Beam Cell"],"picked":"Defragment+1","floor":22},{"not_picked":["Undo","Darkness"],"picked":"Force Field","floor":23}],"player_experience":538509,"relics_obtained":[{"floor":9,"key":"Matryoshka"},{"floor":13,"key":"Pen Nib"}],"event_choices":[{"cards_removed":["Strike_B"],"damage_healed":0,"gold_gain":0,"player_choice":"Card Removal","damage_taken":7,"max_hp_gain":0,"max_hp_loss":0,"event_name":"Golden Wing","floor":4,"gold_loss":0},{"damage_healed":0,"gold_gain":0,"player_choice":"Entered Light","damage_taken":14,"max_hp_gain":0,"max_hp_loss":0,"event_name":"Shining Light","floor":14,"gold_loss":0,"cards_upgraded":["Coolheaded","Defend_B"]},{"cards_removed":["Strike_B"],"damage_healed":0,"gold_gain":0,"player_choice":"Gave Gold","damage_taken":0,"max_hp_gain":0,"max_hp_loss":0,"event_name":"Beggar","floor":19,"gold_loss":75},{"damage_healed":0,"gold_gain":0,"player_choice":"Read","damage_taken":0,"max_hp_gain":0,"max_hp_loss":0,"event_name":"The Library","floor":20,"gold_loss":0,"cards_obtained":["Static Discharge"]},{"damage_healed":0,"gold_gain":100,"player_choice":"Bet on Murderer","damage_taken":0,"max_hp_gain":0,"max_hp_loss":0,"event_name":"The Joust","floor":21,"gold_loss":50}],"is_beta":false,"boss_relics":[{"not_picked":["FrozenCore","Velvet Choker"],"picked":"Cursed Key"}],"items_purged_floors":[],"is_endless":false,"potions_floor_spawned":[2,11,22],"killed_by":"Slavers","ascension_level":10}