{"gold_per_floor":[18,34,34,46,46,74,74,92,146,165,190,190,216,249,261,368,380,412,424,447,478,501,542,554,566,578,622,549,586,610,655,667,781,793,818,435,455,455,365,383,383,400,400,400,426,443,460,493,493,493],"floor_reached":50,"playtime":3306,"items_purged":["Defend_R"],"score":785,"play_id":"af3c24a5-06e8-4efb-a26b-09c534f76328","local_time":"20190104133830","is_ascension_mode":true,"campfire_choices":[{"data":"Feed","floor":7,"key":"SMITH"},{"floor":12,"key":"REST"},{"floor":15,"key":"REST"},{"floor":25,"key":"REST"},{"floor":32,"key":"REST"},{"data":"Pummel","floor":41,"key":"SMITH"},{"floor":44,"key":"DIG"},{"floor":49,"key":"REST"}],"neow_cost":"NO_GOLD","seed_source_timestamp":831955278324652,"circlet_count":0,"master_deck":["Strike_R","Strike_R","Strike_R","Strike_R","Defend_R","Defend_R","Bash","Feed+1","Sword Boomerang","Cleave","Perfected Strike","Cleave","Flex","Twin Strike","Spot Weakness","Metallicize","Dropkick","Juggernaut","Shrug It Off","Clothesline+1","Wild Strike+1","Seeing Red+1","Metallicize","Shame","Cleave+1","Heavy Blade","Pummel+1","Berserk","Spot Weakness+1","Bandage Up+1","Apotheosis+1","Flame Barrier+1","Shame","Juggernaut","Fire Breathing+1","Inflame"],"relics":["Burning Blood","Sundial","Lantern","Bag of Marbles","Odd Mushroom","MawBank","Cursed Key","Vajra","MutagenicStrength","Toxic Egg 2","Paper Frog","Orichalcum","Art of War","Smiling Mask","Black Star","Bottled Flame","Shovel","Ancient Tea Set","Pen Nib","Self Forming Clay","Gremlin Horn","Du-Vu Doll"],"potions_floor_usage":[10,11,16,20,21,23,33,40,45,50,50],"damage_taken":[{"damage":10,"enemies":"Jaw Worm","floor":1,"turns":4},{"damage":10,"enemies":"Cultist","floor":2,"turns":4},{"damage":8,"enemies":"Small Slimes","floor":4,"turns":4},{"damage":27,"enemies":"Gremlin Nob","floor":6,"turns":4},{"damage":10,"enemies":"Looter","floor":8,"turns":2},{"damage":5,"enemies":"Gremlin Gang","floor":10,"turns":2},{"damage":9,"enemies":"3 Sentries","floor":11,"turns":5},{"damage":13,"enemies":"The Mushroom Lair","floor":13,"turns":3},{"damage":23,"enemies":"Lagavulin","floor":14,"turns":5},{"damage":3,"enemies":"Slime Boss","floor":16,"turns":5},{"damage":15,"enemies":"3 Byrds","floor":18,"turns":4},{"damage":0,"enemies":"Spheric Guardian","floor":20,"turns":2},{"damage":5,"enemies":"Centurion and Healer","floor":21,"turns":4},{"damage":21,"enemies":"Snake Plant","floor":22,"turns":2},{"damage":42,"enemies":"Gremlin Leader","floor":23,"turns":7},{"damage":19,"enemies":"Book of Stabbing","floor":27,"turns":4},{"damage":12,"enemies":"Gremlin Leader","floor":29,"turns":4},{"damage":3,"enemies":"Shelled Parasite and Fungi","floor":30,"turns":2},{"damage":9,"enemies":"Book of Stabbing","floor":31,"turns":3},{"damage":47,"enemies":"Collector","floor":33,"turns":5},{"damage":16,"enemies":"3 Darklings","floor":35,"turns":5},{"damage":0,"enemies":"3 Shapes","floor":37,"turns":2},{"damage":14,"enemies":"Sphere and 2 Shapes","floor":40,"turns":3},{"damage":26,"enemies":"Maw","floor":42,"turns":6},{"damage":46,"enemies":"Giant Head","floor":45,"turns":7},{"damage":0,"enemies":"Spire Growth","floor":46,"turns":1},{"damage":0,"enemies":"Transient","floor":47,"turns":5},{"damage":58,"enemies":"Nemesis","floor":48,"turns":5},{"damage":64,"enemies":"Donu and Deca","floor":50,"turns":4}],"seed_played":"-3861670745661996222","potions_obtained":[{"floor":2,"key":"Swift Potion"},{"floor":4,"key":"Explosive Potion"},{"floor":10,"key":"Explosive Potion"},{"floor":14,"key":"PowerPotion"},{"floor":16,"key":"BloodPotion"},{"floor":18,"key":"SmokeBomb"},{"floor":20,"key":"Explosive Potion"},{"floor":29,"key":"Swift Potion"},{"floor":30,"key":"SpeedPotion"},{"floor":31,"key":"Strength Potion"},{"floor":33,"key":"Energy Potion"},{"floor":37,"key":"Energy Potion"},{"floor":48,"key":"EssenceOfSteel"}],"is_trial":false,"path_per_floor":["M","M","$","M","?","E","R","M","T","M","E","R","?","E","R","B",null,"M","?","M","M","M","E","?","R","T","E","?","E","M","E","R","B",null,"M","$","M","?","?","M","R","M","T","R","E","M","M","E","R","B"],"character_chosen":"IRONCLAD","items_purchased":["Bottled Flame","Bandage Up+1"],"campfire_rested":5,"item_purchase_floors":[36,36],"current_hp_per_floor":[79,78,78,79,79,58,58,54,54,55,56,83,80,63,92,99,101,96,96,106,107,92,66,66,98,98,85,85,79,82,79,109,68,109,99,99,105,105,105,101,101,91,91,91,57,63,75,29,64,0],"gold":493,"neow_bonus":"THREE_RARE_CARDS","is_prod":false,"is_daily":false,"chose_seed":false,"campfire_upgraded":2,"win_rate":0,"timestamp":1546627110,"path_taken":["M","M","$","M","?","E","R","?","T","M","E","R","?","E","R","BOSS","M","?","M","?","M","E","?","R","T","E","?","E","M","E","R","BOSS","M","$","M","?","?","M","R","?","T","R","E","M","M","E","R","BOSS"],"build_version":"2019-01-03v3","purchased_purges":1,"victory":false,"max_hp_per_floor":[83,86,86,89,89,89,89,89,89,89,93,93,97,97,97,101,101,105,105,109,109,109,109,109,109,109,109,109,109,109,109,109,109,109,109,109,109,109,109,113,113,117,117,117,117,117,117,117,117,117],"card_choices":[{"not_picked":["Barricade","Limit Break"],"picked":"Feed","floor":0},{"not_picked":["Headbutt","Clothesline"],"picked":"Sword Boomerang","floor":1},{"not_picked":["Shrug It Off","Reckless Charge"],"picked":"Entrench","floor":2},{"not_picked":["Anger","Heavy Blade"],"picked":"Cleave","floor":4},{"not_picked":["Fiend Fire","Sword Boomerang"],"picked":"Cleave","floor":6},{"not_picked":["Sword Boomerang","True Grit"],"picked":"Flex","floor":8},{"not_picked":["Perfected Strike","Sword Boomerang"],"picked":"Twin Strike","floor":10},{"not_picked":["Seeing Red","Bloodletting"],"picked":"Spot Weakness","floor":11},{"not_picked":["Cleave","Armaments"],"picked":"Metallicize","floor":13},{"not_picked":["True Grit","Hemokinesis"],"picked":"Dropkick","floor":14},{"not_picked":["Immolate","Berserk"],"picked":"Juggernaut","floor":16},{"not_picked":["Clothesline","Havoc"],"picked":"Shrug It Off","floor":18},{"not_picked":["Cleave","Battle Trance"],"picked":"Clothesline+1","floor":20},{"not_picked":["Clash","Warcry"],"picked":"Wild Strike+1","floor":21},{"not_picked":["Flame Barrier","Heavy Blade"],"picked":"Seeing Red","floor":22},{"not_picked":["Reaper","Entrench+1"],"picked":"Metallicize","floor":23},{"not_picked":["Clothesline+1","Battle Trance+1"],"picked":"Cleave+1","floor":27},{"not_picked":["Clash","Iron Wave+1"],"picked":"Heavy Blade","floor":29},{"not_picked":["Havoc+1","Rupture","Shrug It Off+1"],"picked":"SKIP","floor":30},{"not_picked":["Havoc+1","Sword Boomerang"],"picked":"Pummel","floor":31},{"not_picked":["Impervious+1","Dark Embrace"],"picked":"Berserk","floor":33},{"not_picked":["Warcry+1","Rupture"],"picked":"Spot Weakness+1","floor":35},{"not_picked":["True Grit+1","Sentinel+1","Burning Pact+1"],"picked":"SKIP","floor":37},{"not_picked":["Mind Blast","Discovery+1"],"picked":"Apotheosis+1","floor":38},{"not_picked":["Pommel Strike","Entrench+1","Iron Wave+1"],"picked":"SKIP","floor":40},{"not_picked":["Wild Strike","Ghostly Armor+1"],"picked":"Flame Barrier+1","floor":42},{"not_picked":["Second Wind+1","Blood for Blood"],"picked":"Juggernaut","floor":45},{"not_picked":["Blood for Blood+1","Body Slam+1"],"picked":"Fire Breathing+1","floor":46},{"not_picked":["Corruption","Anger","Shrug It Off+1"],"picked":"SKIP","floor":47},{"not_picked":["Twin Strike","Evolve+1"],"picked":"Inflame","floor":48}],"player_experience":137012,"relics_obtained":[{"floor":6,"key":"Sundial"},{"floor":9,"key":"Lantern"},{"floor":11,"key":"Bag of Marbles"},{"floor":13,"key":"Odd Mushroom"},{"floor":14,"key":"MawBank"},{"floor":23,"key":"Vajra"},{"floor":26,"key":"Toxic Egg 2"},{"floor":27,"key":"Paper Frog"},{"floor":29,"key":"Art of War"},{"floor":31,"key":"Smiling Mask"},{"floor":43,"key":"Shovel"},{"floor":44,"key":"Ancient Tea Set"},{"floor":45,"key":"Pen Nib"},{"floor":45,"key":"Self Forming Clay"},{"floor":48,"key":"Gremlin Horn"},{"floor":48,"key":"Du-Vu Doll"}],"event_choices":[{"damage_healed":0,"gold_gain":0,"cards_transformed":["Entrench"],"player_choice":"Transformed","damage_taken":0,"max_hp_gain":0,"max_hp_loss":0,"event_name":"Transmorgrifier","floor":5,"gold_loss":0,"cards_obtained":["Perfected Strike"]},{"damage_healed":0,"gold_gain":0,"player_choice":"Fought Mushrooms","damage_taken":0,"max_hp_gain":0,"max_hp_loss":0,"event_name":"Mushrooms","floor":13,"gold_loss":0},{"cards_removed":["Strike_R"],"damage_healed":0,"gold_gain":0,"player_choice":"Offered Basic","damage_taken":0,"max_hp_gain":0,"max_hp_loss":0,"event_name":"Bonfire Elementals","floor":19,"gold_loss":0},{"damage_healed":0,"gold_gain":0,"player_choice":"Inject Mutagens","damage_taken":0,"relics_obtained":["MutagenicStrength"],"max_hp_gain":0,"max_hp_loss":0,"event_name":"Drug Dealer","floor":24,"gold_loss":0},{"damage_healed":0,"gold_gain":0,"player_choice":"Obtained Relic","damage_taken":0,"relics_obtained":["Orichalcum"],"max_hp_gain":0,"max_hp_loss":0,"event_name":"Addict","floor":28,"gold_loss":85},{"damage_healed":0,"gold_gain":0,"player_choice":"Memory 1","damage_taken":0,"max_hp_gain":0,"max_hp_loss":0,"event_name":"SensoryStone","floor":38,"gold_loss":0},{"cards_removed":["Defend_R"],"damage_healed":0,"gold_gain":0,"player_choice":"Upgrade and Remove","damage_taken":0,"max_hp_gain":0,"max_hp_loss":0,"event_name":"Designer","floor":39,"gold_loss":90,"cards_upgraded":["Seeing Red"]}],"is_beta":false,"boss_relics":[{"not_picked":["Orrery","Coffee Dripper"],"picked":"Cursed Key"},{"not_picked":["Tiny House","Philosopher\u0027s Stone"],"picked":"Black Star"}],"items_purged_floors":[36],"is_endless":false,"potions_floor_spawned":[2,4,10,14,16,18,20,29,30,31,33,35,37,48],"killed_by":"Donu and Deca","ascension_level":1}