{"gold_per_floor":[114,289,303,316,316,349,319,319,319,330,345,345,345],"floor_reached":13,"playtime":534,"items_purged":[],"score":97,"play_id":"dddbd3ce-32f5-471b-8639-9c118b35370e","local_time":"20190208141058","is_ascension_mode":true,"campfire_choices":[{"floor":8,"key":"REST"}],"neow_cost":"NONE","seed_source_timestamp":1929092015248,"circlet_count":0,"master_deck":["Defend_G","Defend_G","Defend_G","Defend_G","Defend_G","Strike_G","Strike_G","Strike_G","Strike_G","Strike_G","Survivor","Neutralize","Caltrops","A Thousand Cuts","PiercingWail","Sucker Punch","Bouncing Flask","Footwork","Cloak And Dagger"],"relics":["Ring of the Snake","NeowsBlessing","Pear","Centennial Puzzle","Spirit Poop"],"potions_floor_usage":[],"damage_taken":[{"damage":0,"enemies":"Small Slimes","floor":1,"turns":1},{"damage":0,"enemies":"2 Louse","floor":3,"turns":1},{"damage":0,"enemies":"Cultist","floor":4,"turns":1},{"damage":58,"enemies":"Gremlin Nob","floor":6,"turns":6},{"damage":8,"enemies":"Looter","floor":7,"turns":4},{"damage":5,"enemies":"Red Slaver","floor":10,"turns":3},{"damage":9,"enemies":"Blue Slaver","floor":11,"turns":6},{"damage":28,"enemies":"Lots of Slimes","floor":13,"turns":2}],"seed_played":"-8747040559509481221","potions_obtained":[{"floor":6,"key":"Dexterity Potion"},{"floor":11,"key":"SpeedPotion"}],"is_trial":false,"path_per_floor":["M","?","M","M","?","E","M","R","T","M","M","?","M"],"character_chosen":"THE_SILENT","items_purchased":[],"campfire_rested":1,"item_purchase_floors":[],"current_hp_per_floor":[70,70,70,70,70,22,14,38,38,33,24,24,0],"gold":345,"neow_bonus":"THREE_ENEMY_KILL","is_prod":false,"is_daily":false,"chose_seed":false,"campfire_upgraded":0,"win_rate":0,"timestamp":1549653058,"path_taken":["M","?","M","M","?","E","M","R","T","M","?","?","?"],"build_version":"2019-01-23","purchased_purges":0,"victory":false,"max_hp_per_floor":[70,70,70,70,70,80,80,80,80,80,80,80,80],"card_choices":[{"not_picked":["Bane","Slice"],"picked":"Caltrops","floor":1},{"not_picked":["Acrobatics","Bane"],"picked":"A Thousand Cuts","floor":3},{"not_picked":["Prepared","Escape Plan"],"picked":"PiercingWail","floor":4},{"not_picked":["Masterful Stab","Concentrate"],"picked":"Sucker Punch","floor":6},{"not_picked":["All Out Attack","Dagger Throw"],"picked":"Bouncing Flask","floor":7},{"not_picked":["Tactician","Masterful Stab"],"picked":"Footwork","floor":10},{"not_picked":["Flying Knee","Reflex"],"picked":"Cloak And Dagger","floor":11}],"player_experience":209356,"relics_obtained":[{"floor":6,"key":"Pear"},{"floor":9,"key":"Centennial Puzzle"}],"event_choices":[{"damage_healed":0,"gold_gain":175,"player_choice":"AGREE","damage_taken":0,"max_hp_gain":0,"max_hp_loss":0,"event_name":"Liars Game","floor":2,"gold_loss":0,"cards_obtained":["Doubt"]},{"damage_healed":0,"gold_gain":0,"player_choice":"Full Heal","damage_taken":0,"max_hp_gain":0,"max_hp_loss":0,"event_name":"Wheel of Change","floor":5,"gold_loss":0},{"cards_removed":["Doubt"],"damage_healed":0,"gold_gain":0,"player_choice":"Offered Curse","damage_taken":0,"relics_obtained":["Spirit Poop"],"max_hp_gain":0,"max_hp_loss":0,"event_name":"Bonfire Elementals","floor":12,"gold_loss":0}],"is_beta":false,"boss_relics":[],"items_purged_floors":[],"is_endless":false,"potions_floor_spawned":[6,11],"killed_by":"Lots of Slimes","ascension_level":3}