{"gold_per_floor":[110,128,23,23,40,40,73,73,97,129,141,166,213,10,10,81,81,96,112,38,58,75,75,0,0,0,14,14,33,33,67,67,145,145,161,261,261,261,261,261,292,302,302,302,316,334,350,360,360,360,360],"floor_reached":51,"playtime":4168,"items_purged":[],"score":1318,"play_id":"c5b444d2-6033-408f-b41d-cea11b0cae33","local_time":"20181208051704","is_ascension_mode":true,"campfire_choices":[{"data":"Poisoned Stab","floor":6.0,"key":"SMITH"},{"data":"Flechettes","floor":8.0,"key":"SMITH"},{"floor":11.0,"key":"REST"},{"data":"A Thousand Cuts","floor":15.0,"key":"SMITH"},{"floor":23.0,"key":"REST"},{"data":"Bouncing Flask","floor":30.0,"key":"SMITH"},{"floor":32.0,"key":"REST"},{"data":"Acrobatics","floor":40,"key":"SMITH"},{"floor":44,"key":"REST"},{"floor":49,"key":"REST"}],"neow_cost":"NONE","seed_source_timestamp":518286936468400,"circlet_count":0,"master_deck":["AscendersBane","Defend_G+1","Defend_G+1","Defend_G+1","Defend_G+1","Defend_G+1","Strike_G+1","Strike_G+1","Strike_G+1","Survivor+1","Underhanded Strike","Poisoned Stab+1","Dagger Throw","Flechettes+1","Crippling Poison","Acrobatics+1","Infinite Blades","A Thousand Cuts+1","Choke","Backflip+1","After Image","Bouncing Flask+1","Dagger Throw+1","Crippling Poison","Leg Sweep"],"special_seed":0,"relics":["Snecko Eye","Regal Pillow","MawBank","Bag of Preparation","Busted Crown","Dodecahedron","War Paint","Sozu","Tough Bandages","Ginger","Blue Candle"],"potions_floor_usage":[48],"damage_taken":[{"damage":2.0,"enemies":"Cultist","floor":1.0,"turns":5.0},{"damage":0.0,"enemies":"2 Louse","floor":2.0,"turns":2.0},{"damage":5.0,"enemies":"Small Slimes","floor":5.0,"turns":4.0},{"damage":22.0,"enemies":"3 Sentries","floor":7.0,"turns":9.0},{"damage":0.0,"enemies":"Exordium Wildlife","floor":10.0,"turns":2.0},{"damage":3.0,"enemies":"Looter","floor":12.0,"turns":4.0},{"damage":17.0,"enemies":"Lagavulin","floor":13.0,"turns":5.0},{"damage":30.0,"enemies":"Hexaghost","floor":16.0,"turns":9.0},{"damage":0.0,"enemies":"Spheric Guardian","floor":18.0,"turns":3.0},{"damage":22.0,"enemies":"3 Byrds","floor":19.0,"turns":5.0},{"damage":18.0,"enemies":"Shelled Parasite and Fungi","floor":21.0,"turns":4.0},{"damage":0.0,"enemies":"Snake Plant","floor":22.0,"turns":3.0},{"damage":11.0,"enemies":"Cultist and Chosen","floor":27.0,"turns":4.0},{"damage":0.0,"enemies":"Chosen and Byrds","floor":29.0,"turns":4.0},{"damage":21.0,"enemies":"Gremlin Leader","floor":31.0,"turns":5.0},{"damage":29.0,"enemies":"Champ","floor":33.0,"turns":9.0},{"damage":0.0,"enemies":"Orb Walker","floor":35.0,"turns":2.0},{"damage":6.0,"enemies":"Mind Bloom Boss Battle","floor":36.0,"turns":5.0},{"damage":36,"enemies":"Reptomancer","floor":41,"turns":6},{"damage":0,"enemies":"3 Shapes","floor":42,"turns":3},{"damage":4,"enemies":"Jaw Worm Horde","floor":45,"turns":4},{"damage":0,"enemies":"4 Shapes","floor":46,"turns":4},{"damage":5,"enemies":"Maw","floor":47,"turns":7},{"damage":4,"enemies":"Spire Growth","floor":48,"turns":3},{"damage":56,"enemies":"Awakened One","floor":50,"turns":16},{"damage":12,"enemies":"Donu and Deca","floor":51,"turns":2}],"seed_played":"8770834369260602081","potions_obtained":[{"floor":5.0,"key":"FearPotion"},{"floor":7.0,"key":"FearPotion"},{"floor":13.0,"key":"Ancient Potion"},{"floor":19.0,"key":"LiquidBronze"},{"floor":27.0,"key":"GamblersBrew"},{"floor":31.0,"key":"Strength Potion"}],"is_trial":false,"path_per_floor":["M","M","$","?","M","R","E","R","T","M","R","M","E","$","R","B",null,"M","M","$","M","M","R","?","?","T","M","?","M","R","E","R","B",null,"M","?","?","?","?","R","E","M","T","R","M","M","M","M","R","B","B"],"character_chosen":"THE_SILENT","items_purchased":["Fire Potion","Dagger Throw","A Thousand Cuts","Choke","Backflip","Bouncing Flask"],"campfire_rested":5,"item_purchase_floors":[3,3,14,14,14,20],"current_hp_per_floor":[57,57,57,57,52,52,30,30,30,30,64,61,44,44,44,14,53,53,31,31,13,13,47,47,66,66,55,55,55,55,34,66,37,59,59,53,53,53,53,53,17,17,17,51,47,47,42,38,66,10,0],"gold":360,"neow_bonus":"BOSS_RELIC","is_prod":false,"is_daily":false,"chose_seed":false,"campfire_upgraded":5,"win_rate":0,"timestamp":1544264224,"path_taken":["M","M","$","?","M","R","E","R","T","M","R","M","E","?","R","BOSS","M","M","$","M","M","R","?","?","T","?","?","M","R","E","R","BOSS","M","?","?","?","?","R","E","M","T","R","M","M","M","M","R","BOSS","BOSS"],"build_version":"2018-11-15","purchased_purges":0,"victory":false,"max_hp_per_floor":[66,66,66,66,66,66,66,66,66,66,66,66,66,66,66,66,66,66,66,66,66,66,66,66,66,66,66,66,66,66,66,66,66,66,66,66,66,66,66,66,66,66,66,66,66,66,66,66,66,66,66],"card_choices":[{"not_picked":["Deflect","Flechettes"],"picked":"Underhanded Strike","floor":1.0},{"not_picked":["Terror","Setup"],"picked":"Poisoned Stab","floor":2.0},{"not_picked":["Accuracy","Slice","Heel Hook"],"picked":"SKIP","floor":5.0},{"not_picked":["Prepared","Grand Finale"],"picked":"Flechettes","floor":7.0},{"not_picked":["Distraction","Blade Dance"],"picked":"Crippling Poison","floor":10.0},{"not_picked":["Dagger Spray","Outmaneuver"],"picked":"Acrobatics","floor":12.0},{"not_picked":["Quick Slash","Distraction"],"picked":"Infinite Blades","floor":13.0},{"not_picked":["Unload","Phantasmal Killer"],"picked":"After Image","floor":16.0},{"not_picked":["Dagger Spray"],"picked":"SKIP","floor":18.0},{"not_picked":["Bane"],"picked":"SKIP","floor":19.0},{"not_picked":["Expertise+1"],"picked":"SKIP","floor":21.0},{"not_picked":["Endless Agony"],"picked":"SKIP","floor":22.0},{"not_picked":["Accuracy"],"picked":"SKIP","floor":27.0},{"not_picked":["Quick Slash+1"],"picked":"SKIP","floor":29.0},{"not_picked":["Quick Slash+1"],"picked":"SKIP","floor":29.0},{"not_picked":["Slice+1"],"picked":"SKIP","floor":31.0},{"not_picked":[],"picked":"Dagger Throw+1","floor":35.0},{"not_picked":["Riddle With Holes"],"picked":"SKIP","floor":41},{"not_picked":["Deadly Poison"],"picked":"SKIP","floor":42},{"not_picked":[],"picked":"Crippling Poison","floor":45},{"not_picked":["Bane+1"],"picked":"SKIP","floor":46},{"not_picked":["All Out Attack"],"picked":"SKIP","floor":47},{"not_picked":[],"picked":"Leg Sweep","floor":48}],"player_experience":1778734,"relics_obtained":[{"floor":7.0,"key":"Regal Pillow"},{"floor":9.0,"key":"MawBank"},{"floor":13.0,"key":"Bag of Preparation"},{"floor":26.0,"key":"Dodecahedron"},{"floor":31.0,"key":"War Paint"},{"floor":36.0,"key":"Tough Bandages"},{"floor":41,"key":"Ginger"},{"floor":43,"key":"Blue Candle"}],"event_choices":[{"cards_removed":["Strike_G"],"damage_healed":0.0,"max_hp_gain":0.0,"max_hp_loss":0.0,"gold_gain":0.0,"event_name":"Bonfire Elementals","player_choice":"Offered Basic","floor":4.0,"gold_loss":0.0,"damage_taken":0.0},{"cards_removed":["Strike_G"],"damage_healed":0.0,"max_hp_gain":0.0,"max_hp_loss":0.0,"gold_gain":0.0,"event_name":"Beggar","player_choice":"Gave Gold","floor":24.0,"gold_loss":75.0,"damage_taken":0.0},{"damage_healed":19.0,"max_hp_gain":0.0,"max_hp_loss":0.0,"gold_gain":0.0,"event_name":"Wheel of Change","player_choice":"Full Heal","floor":25.0,"gold_loss":0.0,"damage_taken":0.0},{"damage_healed":0.0,"max_hp_gain":0.0,"max_hp_loss":0.0,"gold_gain":0.0,"event_name":"Back to Basics","player_choice":"Simplicity","floor":28.0,"gold_loss":0.0,"damage_taken":0.0,"cards_upgraded":["Defend_G","Defend_G","Defend_G","Defend_G","Defend_G","Strike_G","Strike_G","Strike_G"]},{"damage_healed":0.0,"max_hp_gain":0.0,"max_hp_loss":0.0,"gold_gain":0.0,"event_name":"MindBloom","player_choice":"Fight","floor":36.0,"gold_loss":0.0,"damage_taken":0.0},{"damage_healed":0.0,"max_hp_gain":0.0,"max_hp_loss":0.0,"gold_gain":0.0,"event_name":"Tomb of Lord Red Mask","player_choice":"Ignored","floor":37.0,"gold_loss":0.0,"damage_taken":0.0},{"cards_removed":["Neutralize"],"damage_healed":0.0,"max_hp_gain":0.0,"max_hp_loss":0.0,"gold_gain":0.0,"event_name":"Falling","player_choice":"Removed Attack","floor":38.0,"gold_loss":0.0,"damage_taken":0.0},{"damage_healed":0,"gold_gain":0,"player_choice":"Memory 1","damage_taken":0,"max_hp_gain":0,"max_hp_loss":0,"event_name":"SensoryStone","floor":39,"gold_loss":0}],"is_beta":true,"boss_relics":[{"not_picked":["Empty Cage","Black Star"],"picked":"Busted Crown"},{"not_picked":["Velvet Choker","Coffee Dripper"],"picked":"Sozu"}],"items_purged_floors":[],"is_endless":false,"potions_floor_spawned":[5,7,13,19,27,29,31,35,46,47,48],"killed_by":"Donu and Deca","ascension_level":20}