{"gold_per_floor":[113,128,203,48,60,60,88,88,88,88,88,101,115,133,133,236,236,176,176,176,176,176,176,176,176,176,25,25,25,25,25,25,25],"floor_reached":33,"playtime":1818,"items_purged":["Pain"],"score":519,"play_id":"16758928-d29a-4762-abc3-74223948d93f","local_time":"20181110090744","is_ascension_mode":true,"campfire_choices":[{"floor":6.0,"key":"REST"},{"data":"Zap","floor":8.0,"key":"SMITH"},{"data":"Mind Blast","floor":10.0,"key":"SMITH"},{"floor":15.0,"key":"REST"},{"data":"Defragment","floor":24.0,"key":"SMITH"},{"data":"Dualcast","floor":29,"key":"SMITH"},{"floor":32,"key":"REST"}],"neow_cost":"CURSE","seed_source_timestamp":0,"circlet_count":0,"master_deck":["Strike_B","Strike_B","Strike_B","Defend_B","Defend_B","Defend_B","Defend_B","Zap+1","Dualcast+1","Dark Shackles","Mind Blast+1","Ball Lightning","Chill","White Noise","Ball Lightning","FTL","Leap+1","Consume+1","Coolheaded+1","Creative AI","Defragment+1","Necronomicurse","Ghostly+1","Ghostly+1","Ghostly+1","Ghostly+1","Ghostly+1","Compile Driver","Auto Shields+1","Cold Snap+1","Fission+1","Capacitor+1"],"special_seed":0,"relics":["Cracked Core","Pocketwatch","Toxic Egg 2","Ectoplasm","Necronomicon","Mango","MawBank","DataDisk","Bottled Lightning"],"potions_floor_usage":[33],"damage_taken":[{"damage":11.0,"enemies":"2 Louse","floor":1.0,"turns":3.0},{"damage":1.0,"enemies":"Small Slimes","floor":2.0,"turns":3.0},{"damage":5.0,"enemies":"Jaw Worm","floor":5.0,"turns":2.0},{"damage":19.0,"enemies":"Lagavulin","floor":7.0,"turns":5.0},{"damage":10.0,"enemies":"3 Louse","floor":12.0,"turns":3.0},{"damage":0.0,"enemies":"Large Slime","floor":13.0,"turns":3.0},{"damage":0.0,"enemies":"2 Fungi Beasts","floor":14.0,"turns":2.0},{"damage":0.0,"enemies":"Slime Boss","floor":16.0,"turns":5.0},{"damage":7.0,"enemies":"2 Thieves","floor":18.0,"turns":3.0},{"damage":4.0,"enemies":"Colosseum Slavers","floor":21.0,"turns":4.0},{"damage":0.0,"enemies":"Shell Parasite","floor":22.0,"turns":6.0},{"damage":7.0,"enemies":"Gremlin Leader","floor":23.0,"turns":8.0},{"damage":1.0,"enemies":"Book of Stabbing","floor":25.0,"turns":6.0},{"damage":0,"enemies":"Centurion and Healer","floor":30,"turns":7},{"damage":32,"enemies":"Gremlin Leader","floor":31,"turns":7},{"damage":47,"enemies":"Automaton","floor":33,"turns":6}],"seed_played":"-1187270586694553244","potions_obtained":[{"floor":1.0,"key":"Ancient Potion"},{"floor":13.0,"key":"GamblersBrew"},{"floor":14.0,"key":"Swift Potion"},{"floor":16.0,"key":"Weak Potion"},{"floor":23.0,"key":"Fruit Juice"},{"floor":25.0,"key":"GamblersBrew"}],"is_trial":false,"path_per_floor":["M","M","?","$","M","R","E","R","T","R","?","M","M","M","R","B",null,"M","?","?","?","M","E","R","E","T","$","?","R","M","E","R","B"],"character_chosen":"DEFECT","items_purchased":["White Noise","Fission+1"],"campfire_rested":3,"item_purchase_floors":[4,27],"current_hp_per_floor":[57,56,45,45,40,62,43,43,43,43,36,26,26,26,48,48,68,61,45,37,33,33,45,45,44,44,44,44,44,44,12,28,0],"gold":25,"neow_bonus":"RANDOM_COLORLESS_2","is_prod":false,"is_daily":false,"chose_seed":false,"campfire_upgraded":4,"win_rate":0,"timestamp":1541858864,"path_taken":["M","M","?","$","M","R","E","R","T","R","?","M","M","M","R","BOSS","M","?","?","?","M","E","R","E","T","$","?","R","M","E","R","BOSS"],"build_version":"2018-11-08","purchased_purges":1,"victory":false,"max_hp_per_floor":[75,75,75,75,75,75,75,75,75,75,75,75,75,75,75,75,75,75,75,37,37,37,56,56,56,56,56,56,56,56,56,56,56],"card_choices":[{"not_picked":["White Noise","Coolheaded"],"picked":"Ball Lightning","floor":1.0},{"not_picked":["Steam","Gash"],"picked":"Chill","floor":2.0},{"not_picked":["Steam","Hologram"],"picked":"Ball Lightning","floor":5.0},{"not_picked":["Gash","Aggregate"],"picked":"FTL","floor":7.0},{"not_picked":["Compile Driver","Redo+1"],"picked":"Leap+1","floor":12.0},{"not_picked":["BootSequence+1","Turbo+1"],"picked":"Consume+1","floor":13.0},{"not_picked":["Creative AI","Capacitor"],"picked":"Coolheaded+1","floor":14.0},{"not_picked":["Hyperbeam","Multi-Cast+1"],"picked":"Creative AI","floor":16.0},{"not_picked":["Compile Driver","Conserve Battery+1"],"picked":"Defragment","floor":18.0},{"not_picked":["Barrage+1","Beam Cell"],"picked":"Compile Driver","floor":22.0},{"not_picked":["Cold Snap","Darkness+1"],"picked":"Auto Shields+1","floor":23.0},{"not_picked":["Redo+1","Darkness+1"],"picked":"Cold Snap+1","floor":25.0},{"not_picked":["BootSequence+1","Gash","Rebound+1"],"picked":"SKIP","floor":30},{"not_picked":["Rebound","Multi-Cast+1"],"picked":"Capacitor+1","floor":31}],"player_experience":492004,"relics_obtained":[{"floor":7.0,"key":"Pocketwatch"},{"floor":9.0,"key":"Toxic Egg 2"},{"floor":19.0,"key":"Necronomicon"},{"floor":23.0,"key":"Mango"},{"floor":25.0,"key":"MawBank"},{"floor":26,"key":"DataDisk"},{"floor":31,"key":"Bottled Lightning"}],"event_choices":[{"damage_healed":0.0,"max_hp_gain":0.0,"max_hp_loss":0.0,"gold_gain":75.0,"event_name":"World of Goop","player_choice":"Gather Gold","floor":3.0,"gold_loss":0.0,"damage_taken":11.0},{"cards_removed":["Strike_B"],"damage_healed":0.0,"max_hp_gain":0.0,"max_hp_loss":0.0,"gold_gain":0.0,"event_name":"Golden Wing","player_choice":"Card Removal","floor":11.0,"gold_loss":0.0,"damage_taken":7.0},{"damage_healed":0.0,"max_hp_gain":0.0,"max_hp_loss":0.0,"gold_gain":0.0,"event_name":"Cursed Tome","player_choice":"Obtained Book","floor":19.0,"gold_loss":0.0,"damage_taken":16.0},{"damage_healed":0.0,"max_hp_gain":0.0,"max_hp_loss":38.0,"gold_gain":0.0,"event_name":"Ghosts","player_choice":"Became a Ghost","floor":20.0,"gold_loss":0.0,"damage_taken":0.0,"cards_obtained":["Ghostly","Ghostly","Ghostly","Ghostly","Ghostly"]},{"damage_healed":0.0,"max_hp_gain":0.0,"max_hp_loss":0.0,"gold_gain":0.0,"event_name":"Colosseum","player_choice":"Fight","floor":21.0,"gold_loss":0.0,"damage_taken":0.0},{"damage_healed":0.0,"max_hp_gain":0.0,"max_hp_loss":0.0,"gold_gain":0.0,"event_name":"Colosseum","player_choice":"Fled From Nobs","floor":21.0,"gold_loss":0.0,"damage_taken":0.0},{"damage_healed":0,"gold_gain":0,"player_choice":"Ignored","damage_taken":0,"max_hp_gain":0,"max_hp_loss":0,"event_name":"Vampires","floor":28,"gold_loss":0}],"is_beta":false,"boss_relics":[{"not_picked":["Calling Bell","Tiny House"],"picked":"Ectoplasm"}],"items_purged_floors":[4],"is_endless":false,"potions_floor_spawned":[1,13,14,16,21,23,25],"killed_by":"Automaton","ascension_level":8}