{"gold_per_floor":[112,112,88,105,125,152,152,179,229,258,258,270,270,284,284,384,384,403,416,434,313,328,362,362,375,375,375,386,386,9,20,20,122,122,138,238,253,34,49,49,81,81,81,97,97,123,133,149,149,149],"floor_reached":51,"playtime":5268,"items_purged":["Strike_B"],"score":864,"play_id":"3ce304a3-5124-42b8-8b5d-05cb7e88233f","local_time":"20190125230237","is_ascension_mode":true,"campfire_choices":[{"floor":13,"key":"REST"},{"floor":15,"key":"REST"},{"floor":24,"key":"REST"},{"data":"Creative AI","floor":27,"key":"SMITH"},{"floor":32,"key":"REST"},{"data":"Capacitor","floor":40,"key":"SMITH"},{"data":"Loop","floor":42,"key":"SMITH"},{"floor":49,"key":"REST"}],"neow_cost":"NONE","seed_source_timestamp":682012612666245,"circlet_count":0,"master_deck":["Strike_B","Strike_B","Defend_B","Defend_B","Defend_B","Defend_B","Zap+1","Dualcast","Compile Driver","Cold Snap","Glacier","Biased Cognition","Reinforced Body+1","White Noise+1","Fusion+1","Ball Lightning","Electrodynamics","Hologram+1","Go for the Eyes","Hologram+1","Redo+1","Stack+1","Genetic Algorithm+1","Doom and Gloom+1","Leap+1","Creative AI+1","Leap+1","Loop+1","Go for the Eyes+1","Fusion+1","Steam+1","Undo+1","Double Energy+1","Core Surge","Coolheaded+1","Blizzard+1","Capacitor+1","Coolheaded+1","Conserve Battery+1","Thunder Strike","BootSequence+1"],"relics":["Cracked Core","Bronze Scales","Mummified Hand","Smiling Mask","Toxic Egg 2","Juzu Bracelet","Pantograph","Orrery","PreservedInsect","Omamori","Kunai","White Beast Statue","Pocketwatch","DataDisk","Meat on the Bone","Dead Branch","Happy Flower"],"potions_floor_usage":[8,19,23,35,39,41,44,47,48,50,50],"damage_taken":[{"damage":0,"enemies":"Cultist","floor":1,"turns":3},{"damage":0,"enemies":"Jaw Worm","floor":4,"turns":3},{"damage":11,"enemies":"2 Louse","floor":5,"turns":2},{"damage":14,"enemies":"3 Sentries","floor":6,"turns":8},{"damage":15,"enemies":"Gremlin Nob","floor":8,"turns":5},{"damage":6,"enemies":"3 Sentries","floor":10,"turns":8},{"damage":2,"enemies":"Exordium Wildlife","floor":12,"turns":4},{"damage":0,"enemies":"3 Louse","floor":14,"turns":3},{"damage":4,"enemies":"Slime Boss","floor":16,"turns":6},{"damage":0,"enemies":"Chosen","floor":18,"turns":4},{"damage":3,"enemies":"Spheric Guardian","floor":19,"turns":4},{"damage":21,"enemies":"Cultist and Chosen","floor":20,"turns":6},{"damage":4,"enemies":"Shelled Parasite and Fungi","floor":22,"turns":7},{"damage":20,"enemies":"Gremlin Leader","floor":23,"turns":6},{"damage":1,"enemies":"Centurion and Healer","floor":25,"turns":10},{"damage":6,"enemies":"Snake Plant","floor":28,"turns":4},{"damage":0,"enemies":"Shelled Parasite and Fungi","floor":31,"turns":6},{"damage":1,"enemies":"Collector","floor":33,"turns":9},{"damage":0,"enemies":"3 Shapes","floor":35,"turns":4},{"damage":0,"enemies":"Mind Bloom Boss Battle","floor":36,"turns":7},{"damage":0,"enemies":"Orb Walker","floor":37,"turns":5},{"damage":3,"enemies":"3 Darklings","floor":39,"turns":5},{"damage":8,"enemies":"Giant Head","floor":41,"turns":6},{"damage":37,"enemies":"Transient","floor":44,"turns":5},{"damage":32,"enemies":"Jaw Worm Horde","floor":47,"turns":3},{"damage":18,"enemies":"4 Shapes","floor":48,"turns":5},{"damage":8,"enemies":"Donu and Deca","floor":50,"turns":9}],"seed_played":"5738530827326466577","potions_obtained":[{"floor":1,"key":"Explosive Potion"},{"floor":5,"key":"PowerPotion"},{"floor":8,"key":"Swift Potion"},{"floor":12,"key":"Block Potion"},{"floor":16,"key":"Ancient Potion"},{"floor":22,"key":"SkillPotion"},{"floor":28,"key":"LiquidBronze"},{"floor":33,"key":"LiquidBronze"},{"floor":35,"key":"Weak Potion"},{"floor":36,"key":"Strength Potion"},{"floor":37,"key":"PowerPotion"},{"floor":39,"key":"Ancient Potion"},{"floor":41,"key":"Ancient Potion"},{"floor":44,"key":"Energy Potion"},{"floor":47,"key":"Ancient Potion"},{"floor":48,"key":"Block Potion"}],"is_trial":false,"path_per_floor":["M","T","$","M","M","E","?","E","T","E","?","M","R","M","R","B",null,"M","M","M","$","M","E","R","M","T","R","M","?","$","M","R","B",null,"M","?","M","$","M","R","E","R","T","M","?","T","M","M","R","B",null],"character_chosen":"DEFECT","items_purchased":["Cold Snap","Creative AI","Kunai","Steam+1","Undo+1","Capacitor","DataDisk"],"campfire_rested":5,"item_purchase_floors":[3,21,30,30,30,38,38],"current_hp_per_floor":[75,75,75,75,64,50,50,35,35,29,22,20,42,42,64,71,74,74,71,50,50,46,26,48,47,47,47,41,27,27,27,51,75,79,79,80,80,80,77,77,69,69,69,44,44,44,24,18,42,59],"gold":149,"neow_bonus":"RANDOM_COMMON_RELIC","is_prod":false,"is_daily":false,"chose_seed":false,"campfire_upgraded":3,"win_rate":0,"timestamp":1548486157,"path_taken":["M","?","$","M","M","E","?","E","T","E","?","M","R","M","R","BOSS","M","M","M","$","M","E","R","M","T","R","M","?","$","M","R","BOSS","M","?","M","$","M","R","E","R","T","M","?","?","M","M","R","BOSS"],"build_version":"2019-01-23","purchased_purges":1,"victory":true,"max_hp_per_floor":[75,75,75,75,75,75,75,75,75,75,75,75,75,75,75,75,75,75,75,75,75,75,75,75,75,75,75,75,80,80,80,80,80,80,80,80,80,80,80,80,80,80,80,80,80,80,80,80,80,80],"card_choices":[{"not_picked":["Auto Shields","Leap"],"picked":"Compile Driver","floor":1},{"not_picked":["Skim","Barrage","Aggregate"],"picked":"SKIP","floor":4},{"not_picked":["Force Field","Sweeping Beam"],"picked":"Glacier","floor":5},{"not_picked":["Coolheaded","Streamline"],"picked":"Biased Cognition","floor":6},{"not_picked":["Storm","Thunder Strike"],"picked":"Reinforced Body","floor":8},{"not_picked":["Cold Snap","Gash"],"picked":"White Noise+1","floor":10},{"not_picked":["Turbo+1","Sweeping Beam"],"picked":"Fusion+1","floor":12},{"not_picked":["Melter","Aggregate+1"],"picked":"Ball Lightning","floor":14},{"not_picked":["Creative AI","Seek+1"],"picked":"Electrodynamics","floor":16},{"not_picked":["Aggregate+1","Streamline"],"picked":"Hologram+1","floor":17},{"not_picked":["Melter","FTL"],"picked":"Go for the Eyes","floor":17},{"not_picked":["Compile Driver","Gash"],"picked":"Hologram+1","floor":17},{"not_picked":["Meteor Strike","Reinforced Body+1"],"picked":"Redo+1","floor":17},{"not_picked":["Gash","Barrage"],"picked":"Stack+1","floor":17},{"not_picked":["Reprogram+1","Barrage"],"picked":"Genetic Algorithm+1","floor":18},{"not_picked":["Chaos+1","Conserve Battery+1"],"picked":"Doom and Gloom+1","floor":19},{"not_picked":["Tempest+1","Beam Cell+1"],"picked":"Leap+1","floor":20},{"not_picked":["Rip and Tear","Barrage"],"picked":"Leap+1","floor":22},{"not_picked":["Sweeping Beam","Electrodynamics"],"picked":"Loop","floor":23},{"not_picked":["Rebound+1","Stack+1"],"picked":"Go for the Eyes+1","floor":25},{"not_picked":["Streamline+1","Barrage"],"picked":"Fusion+1","floor":28},{"not_picked":["Turbo+1","Coolheaded+1"],"picked":"Double Energy+1","floor":31},{"not_picked":["Buffer","Meteor Strike"],"picked":"Core Surge","floor":33},{"not_picked":["Ball Lightning+1","Redo+1"],"picked":"Coolheaded+1","floor":35},{"not_picked":["Cold Snap+1","Hologram+1"],"picked":"Blizzard+1","floor":37},{"not_picked":["Self Repair+1","Cold Snap"],"picked":"Coolheaded+1","floor":39},{"not_picked":["Static Discharge","Steam+1"],"picked":"Conserve Battery+1","floor":41},{"not_picked":["BootSequence+1","Gash+1"],"picked":"Thunder Strike","floor":44},{"not_picked":["Melter+1","Heatsinks","Barrage"],"picked":"SKIP","floor":47},{"not_picked":["Double Energy+1","Rip and Tear"],"picked":"BootSequence+1","floor":48}],"player_experience":371434,"relics_obtained":[{"floor":2,"key":"Mummified Hand"},{"floor":6,"key":"Smiling Mask"},{"floor":8,"key":"Toxic Egg 2"},{"floor":9,"key":"Juzu Bracelet"},{"floor":10,"key":"Pantograph"},{"floor":23,"key":"PreservedInsect"},{"floor":26,"key":"Omamori"},{"floor":36,"key":"Pocketwatch"},{"floor":41,"key":"Meat on the Bone"},{"floor":43,"key":"Dead Branch"},{"floor":46,"key":"Happy Flower"}],"event_choices":[{"damage_healed":0,"gold_gain":0,"player_choice":"Grow","damage_taken":0,"max_hp_gain":0,"max_hp_loss":0,"event_name":"Living Wall","floor":7,"gold_loss":0,"cards_upgraded":["Zap"]},{"cards_removed":["Strike_B"],"damage_healed":0,"gold_gain":0,"player_choice":"Card Removal","damage_taken":7,"max_hp_gain":0,"max_hp_loss":0,"event_name":"Golden Wing","floor":11,"gold_loss":0},{"damage_healed":0,"gold_gain":0,"player_choice":"Shed Blood","damage_taken":19,"max_hp_gain":5,"max_hp_loss":0,"event_name":"Forgotten Altar","floor":29,"gold_loss":0},{"damage_healed":0,"gold_gain":0,"player_choice":"Fight","damage_taken":0,"max_hp_gain":0,"max_hp_loss":0,"event_name":"MindBloom","floor":36,"gold_loss":0},{"damage_healed":0,"gold_gain":0,"player_choice":"Ignored","damage_taken":0,"max_hp_gain":0,"max_hp_loss":0,"event_name":"Mysterious Sphere","floor":45,"gold_loss":0}],"is_beta":false,"boss_relics":[{"not_picked":["Tiny House","Ectoplasm"],"picked":"Orrery"},{"not_picked":["Velvet Choker","Runic Dome"],"picked":"White Beast Statue"}],"items_purged_floors":[21],"is_endless":false,"potions_floor_spawned":[1,5,8,12,16,18,22,28,33,35,36,37,39,41,44,47,48],"ascension_level":5}