{"gold_per_floor":[13,13,25,49,78,119,131,163,200,224,255,284,321,346,358,470,482,509,536,566,36,36,66,66,90,115,135,166,231,266,181,181,277,277,291,291,0,14,14,44,44,59,59,11,11,24,53,53,53,53],"floor_reached":50,"playtime":3476,"items_purged":[],"score":750,"play_id":"3d9b42b0-22f0-490d-9136-4315b9222ecb","local_time":"20190105211515","is_ascension_mode":true,"campfire_choices":[{"floor":7.0,"key":"REST"},{"data":"Genetic Algorithm","floor":15.0,"key":"SMITH"},{"floor":24,"key":"REST"},{"floor":32,"key":"REST"},{"floor":41,"key":"REST"},{"floor":49,"key":"REST"}],"neow_cost":"NO_GOLD","seed_source_timestamp":0,"circlet_count":0,"master_deck":["Strike_B","Strike_B","Strike_B","Defend_B","Defend_B","Defend_B","Defend_B","Zap","Dualcast","Ball Lightning","Ball Lightning","Redo","Ball Lightning","Capacitor","Streamline","Streamline","Consume","Genetic Algorithm+1","Thunder Strike","Rebound+1","Auto Shields","Beam Cell","RitualDagger","Stack+1","Defragment","Buffer","Echo Form","Ball Lightning+1","Parasite","Redo"],"special_seed":0,"relics":["Cracked Core","Thread and Needle","MawBank","Spirit Poop","Blood Vial","Anchor","Dodecahedron","Fusion Hammer","Ginger","Singing Bowl","Happy Flower","Potion Belt","Regal Pillow","WingedGreaves","Tiny Chest","Ice Cream","Matryoshka","Busted Crown","Red Mask","Turnip","Oddly Smooth Stone","Calipers","Cables"],"potions_floor_usage":[20,23,23,28,28,40,42,47,48,50],"damage_taken":[{"damage":2.0,"enemies":"Small Slimes","floor":1.0,"turns":3.0},{"damage":0.0,"enemies":"Cultist","floor":4.0,"turns":3.0},{"damage":0.0,"enemies":"2 Louse","floor":5.0,"turns":2.0},{"damage":24.0,"enemies":"Lagavulin","floor":6.0,"turns":5.0},{"damage":7.0,"enemies":"Exordium Wildlife","floor":8.0,"turns":3.0},{"damage":13.0,"enemies":"Exordium Thugs","floor":10.0,"turns":3.0},{"damage":0.0,"enemies":"Blue Slaver","floor":11.0,"turns":2.0},{"damage":0.0,"enemies":"Looter","floor":12.0,"turns":2.0},{"damage":0.0,"enemies":"3 Sentries","floor":13.0,"turns":4.0},{"damage":0.0,"enemies":"2 Fungi Beasts","floor":14.0,"turns":3.0},{"damage":12.0,"enemies":"Slime Boss","floor":16.0,"turns":6.0},{"damage":2,"enemies":"Spheric Guardian","floor":18,"turns":3},{"damage":9,"enemies":"2 Thieves","floor":19,"turns":3},{"damage":0,"enemies":"Snake Plant","floor":20,"turns":3},{"damage":12,"enemies":"Gremlin Leader","floor":23,"turns":6},{"damage":19,"enemies":"Centurion and Healer","floor":27,"turns":6},{"damage":0,"enemies":"Book of Stabbing","floor":28,"turns":3},{"damage":15,"enemies":"Gremlin Leader","floor":29,"turns":7},{"damage":20,"enemies":"Book of Stabbing","floor":30,"turns":5},{"damage":38,"enemies":"Champ","floor":33,"turns":10},{"damage":4,"enemies":"Orb Walker","floor":35,"turns":3},{"damage":0,"enemies":"3 Shapes","floor":38,"turns":4},{"damage":34,"enemies":"Reptomancer","floor":40,"turns":5},{"damage":7,"enemies":"Writhing Mass","floor":42,"turns":4},{"damage":8,"enemies":"Maw","floor":46,"turns":7},{"damage":43,"enemies":"Giant Head","floor":47,"turns":9},{"damage":0,"enemies":"3 Darklings","floor":48,"turns":3},{"damage":94,"enemies":"Time Eater","floor":50,"turns":10}],"seed_played":"8637987591922146835","potions_obtained":[{"floor":4.0,"key":"Weak Potion"},{"floor":5.0,"key":"FocusPotion"},{"floor":11.0,"key":"Weak Potion"},{"floor":12.0,"key":"PowerPotion"},{"floor":14.0,"key":"Fire Potion"},{"floor":19,"key":"Block Potion"},{"floor":20,"key":"Energy Potion"},{"floor":27,"key":"PowerPotion"},{"floor":33,"key":"Fire Potion"},{"floor":38,"key":"SmokeBomb"},{"floor":40,"key":"EssenceOfSteel"},{"floor":46,"key":"Strength Potion"}],"is_trial":false,"path_per_floor":["M","?","?","M","M","E","R","M","T","M","M","M","E","M","R","B",null,"M","M","M","$","?","E","R","T","T","M","E","E","E","?","R","B",null,"M","?","?","M","?","E","R","M","T","$","?","M","E","M","R","B"],"character_chosen":"DEFECT","items_purchased":["Ginger","Singing Bowl","Weak Potion"],"campfire_rested":5,"item_purchase_floors":[21,21,44],"current_hp_per_floor":[73,73,73,73,73,49,71,66,66,55,57,59,61,63,63,53,75,73,66,68,68,62,52,74,74,74,56,60,47,31,31,69,33,79,75,75,75,79,81,51,85,80,80,80,80,76,37,39,81,0],"gold":53,"neow_bonus":"ONE_RARE_RELIC","is_prod":false,"is_daily":false,"chose_seed":false,"campfire_upgraded":1,"win_rate":0,"timestamp":1546740915,"path_taken":["M","?","?","M","M","E","R","M","T","M","M","M","E","M","R","BOSS","M","M","?","$","?","E","R","?","T","?","E","E","E","?","R","BOSS","M","?","?","M","?","E","R","?","T","$","?","M","E","M","R","BOSS"],"build_version":"2019-01-03v4","purchased_purges":0,"victory":false,"max_hp_per_floor":[75,75,75,75,75,75,75,75,75,75,75,75,75,75,75,75,75,75,75,75,75,75,75,75,75,75,75,77,77,79,79,79,79,79,79,79,79,81,83,85,85,87,87,87,87,89,91,91,91,91],"card_choices":[{"not_picked":["Barrage","Hologram"],"picked":"Ball Lightning","floor":1.0},{"not_picked":["Gash","Conserve Battery"],"picked":"Ball Lightning","floor":4.0},{"not_picked":["Compile Driver","Hologram"],"picked":"Redo","floor":5.0},{"not_picked":["Meteor Strike","Hologram"],"picked":"Go for the Eyes","floor":6.0},{"not_picked":["Force Field","Doom and Gloom"],"picked":"Ball Lightning","floor":8.0},{"not_picked":["Steam","Rebound"],"picked":"Capacitor","floor":10.0},{"not_picked":["Hologram","FTL"],"picked":"Streamline","floor":11.0},{"not_picked":["Sweeping Beam","Barrage"],"picked":"Streamline","floor":12.0},{"not_picked":["Gash","Ball Lightning"],"picked":"Consume","floor":13.0},{"not_picked":["Streamline","Steam"],"picked":"Genetic Algorithm","floor":14.0},{"not_picked":["Buffer","All For One"],"picked":"Thunder Strike","floor":16.0},{"not_picked":["Gash","Sweeping Beam"],"picked":"Rebound+1","floor":18},{"not_picked":["Barrage","FTL"],"picked":"Auto Shields","floor":19},{"not_picked":["Leap","Go for the Eyes"],"picked":"Beam Cell","floor":20},{"not_picked":["Leap","Blizzard"],"picked":"Stack+1","floor":23},{"not_picked":["Barrage","Rip and Tear"],"picked":"Defragment","floor":27},{"not_picked":["Beam Cell","Compile Driver","Coolheaded"],"picked":"Singing Bowl","floor":28},{"not_picked":["Rebound","Reprogram"],"picked":"Buffer","floor":29},{"not_picked":["Auto Shields","Rebound+1","Coolheaded+1"],"picked":"Singing Bowl","floor":30},{"not_picked":["Buffer","Amplify"],"picked":"Echo Form","floor":33},{"not_picked":[],"picked":"Ball Lightning+1","floor":35},{"not_picked":["Scrape"],"picked":"Singing Bowl","floor":38},{"not_picked":["Purity"],"picked":"Singing Bowl","floor":39},{"not_picked":["Coolheaded"],"picked":"Singing Bowl","floor":40},{"not_picked":["Sweeping Beam+1"],"picked":"Singing Bowl","floor":42},{"not_picked":["Gash"],"picked":"Singing Bowl","floor":46},{"not_picked":["Darkness"],"picked":"Singing Bowl","floor":47}],"player_experience":149962,"relics_obtained":[{"floor":6.0,"key":"Blood Vial"},{"floor":9.0,"key":"Anchor"},{"floor":13.0,"key":"Dodecahedron"},{"floor":23,"key":"Happy Flower"},{"floor":25,"key":"Potion Belt"},{"floor":26,"key":"Regal Pillow"},{"floor":28,"key":"WingedGreaves"},{"floor":29,"key":"Tiny Chest"},{"floor":30,"key":"Ice Cream"},{"floor":40,"key":"Turnip"},{"floor":43,"key":"Oddly Smooth Stone"},{"floor":43,"key":"Calipers"},{"floor":47,"key":"Cables"}],"event_choices":[{"damage_healed":0.0,"max_hp_gain":0.0,"max_hp_loss":0.0,"gold_gain":0.0,"event_name":"Big Fish","player_choice":"Box","floor":2.0,"gold_loss":0.0,"damage_taken":0.0,"relics_obtained":["MawBank"],"cards_obtained":["Regret"]},{"cards_removed":["Regret"],"damage_healed":0.0,"max_hp_gain":0.0,"max_hp_loss":0.0,"gold_gain":0.0,"event_name":"Bonfire Elementals","player_choice":"Offered Curse","floor":3.0,"gold_loss":0.0,"damage_taken":0.0,"relics_obtained":["Spirit Poop"]},{"damage_healed":0,"gold_gain":0,"player_choice":"Joined the Cult","damage_taken":6,"max_hp_gain":0,"max_hp_loss":0,"event_name":"Nest","floor":22,"gold_loss":0,"cards_obtained":["RitualDagger"]},{"damage_healed":0,"gold_gain":0,"player_choice":"Obtained Relic","damage_taken":0,"relics_obtained":["Matryoshka"],"max_hp_gain":0,"max_hp_loss":0,"event_name":"Addict","floor":31,"gold_loss":85},{"cards_removed":["Go for the Eyes"],"damage_healed":0,"gold_gain":0,"player_choice":"Removed Attack","damage_taken":0,"max_hp_gain":0,"max_hp_loss":0,"event_name":"Falling","floor":36,"gold_loss":0},{"damage_healed":0,"gold_gain":0,"player_choice":"Paid","damage_taken":0,"relics_obtained":["Red Mask"],"max_hp_gain":0,"max_hp_loss":0,"event_name":"Tomb of Lord Red Mask","floor":37,"gold_loss":291},{"damage_healed":0,"gold_gain":0,"player_choice":"Memory 1","damage_taken":0,"max_hp_gain":0,"max_hp_loss":0,"event_name":"SensoryStone","floor":39,"gold_loss":0},{"damage_healed":0,"gold_gain":0,"cards_transformed":["Strike_B"],"player_choice":"Transformed","damage_taken":0,"max_hp_gain":0,"max_hp_loss":0,"event_name":"Transmorgrifier","floor":45,"gold_loss":0,"cards_obtained":["Redo"]}],"is_beta":false,"boss_relics":[{"not_picked":["Inserter","Snecko Eye"],"picked":"Fusion Hammer"},{"not_picked":["Pandora\u0027s Box","Astrolabe"],"picked":"Busted Crown"}],"items_purged_floors":[],"is_endless":false,"potions_floor_spawned":[4,5,11,12,14,19,20,27,33,38,40,46,48],"killed_by":"Time Eater","ascension_level":1}