{"gold_per_floor":[115,126,14,14,29,62,62,90,113,16,16,42,60,60,60,132,132,144,164,164,183,22,22,55,55,55,55,105,120,120,136,136,136],"floor_reached":33,"playtime":2796,"items_purged":[],"score":566,"play_id":"e41b3a89-1d7c-451a-b62b-647d844c59e4","local_time":"20190106231851","is_ascension_mode":true,"campfire_choices":[{"floor":7,"key":"REST"},{"floor":11,"key":"REST"},{"floor":15,"key":"REST"},{"floor":23,"key":"REST"},{"floor":25,"key":"REST"},{"floor":32,"key":"REST"}],"neow_cost":"NONE","seed_source_timestamp":396769045443300,"circlet_count":0,"master_deck":["AscendersBane","Defend_G","Defend_G","Defend_G","Defend_G","Strike_G","Strike_G","Strike_G","Strike_G","Strike_G","Survivor","Neutralize","PiercingWail","Deadly Poison","Sucker Punch","A Thousand Cuts","Terror","Decay","Quick Slash","Well Laid Plans","Predator","Burst","PiercingWail","All Out Attack","Prepared","Dodge and Roll+1","Backstab"],"relics":["Cursed Key","Orichalcum","Bag of Preparation","Bag of Marbles","Ice Cream","Boot","Runic Pyramid","PreservedInsect","Bottled Flame","MutagenicStrength"],"potions_floor_usage":[6,8,16,16,20,29,33],"damage_taken":[{"damage":0,"enemies":"2 Louse","floor":1,"turns":3},{"damage":7,"enemies":"Small Slimes","floor":2,"turns":5},{"damage":6,"enemies":"Cultist","floor":5,"turns":5},{"damage":36,"enemies":"Lagavulin","floor":6,"turns":8},{"damage":5,"enemies":"3 Sentries","floor":8,"turns":8},{"damage":15,"enemies":"Gremlin Nob","floor":12,"turns":4},{"damage":1,"enemies":"Exordium Thugs","floor":13,"turns":3},{"damage":11,"enemies":"The Guardian","floor":16,"turns":9},{"damage":19,"enemies":"3 Byrds","floor":18,"turns":4},{"damage":0,"enemies":"Chosen","floor":19,"turns":6},{"damage":1,"enemies":"Colosseum Slavers","floor":20,"turns":4},{"damage":0,"enemies":"Snake Plant","floor":21,"turns":4},{"damage":32,"enemies":"Slavers","floor":24,"turns":5},{"damage":4,"enemies":"Centurion and Healer","floor":29,"turns":5},{"damage":15,"enemies":"Shelled Parasite and Fungi","floor":31,"turns":6},{"damage":43,"enemies":"Collector","floor":33,"turns":7}],"seed_played":"3406845268820948740","potions_obtained":[{"floor":2,"key":"GhostInAJar"},{"floor":12,"key":"Swift Potion"},{"floor":13,"key":"Fire Potion"},{"floor":19,"key":"SteroidPotion"},{"floor":24,"key":"Fire Potion"},{"floor":29,"key":"Block Potion"}],"is_trial":false,"path_per_floor":["M","M","$","?","M","E","R","E","T","$","R","E","M","?","R","B",null,"M","M","?","M","$","R","E","R","T","?","?","M","T","M","R","B"],"character_chosen":"THE_SILENT","items_purchased":["Deadly Poison","Fire Potion","Quick Slash","Well Laid Plans","PreservedInsect"],"campfire_rested":6,"item_purchase_floors":[3,3,10,10,22],"current_hp_per_floor":[59,52,52,45,39,3,22,17,17,17,36,21,20,9,28,17,54,35,35,34,34,34,53,21,40,40,40,40,36,36,21,40,0],"gold":136,"neow_bonus":"BOSS_RELIC","is_prod":false,"is_daily":false,"chose_seed":false,"campfire_upgraded":0,"win_rate":0,"timestamp":1546834731,"path_taken":["M","M","$","?","M","E","R","E","T","$","R","E","M","?","R","BOSS","M","M","?","M","$","R","E","R","T","?","?","?","?","M","R","BOSS"],"build_version":"2018-12-20","purchased_purges":0,"victory":false,"max_hp_per_floor":[66,66,66,66,66,66,66,66,66,66,66,66,66,66,66,66,66,66,66,66,66,66,66,66,66,66,66,66,66,66,66,66,66],"card_choices":[{"not_picked":["Prepared","Dodge and Roll"],"picked":"PiercingWail","floor":1},{"not_picked":["Dodge and Roll","Reflex","Concentrate"],"picked":"SKIP","floor":2},{"not_picked":["Expertise","PiercingWail"],"picked":"Sucker Punch","floor":5},{"not_picked":["Deflect","Cloak And Dagger"],"picked":"A Thousand Cuts","floor":6},{"not_picked":["Bane","Reflex"],"picked":"Terror","floor":8},{"not_picked":["Distraction","Acrobatics"],"picked":"Predator","floor":12},{"not_picked":["Bane","Setup","Sucker Punch"],"picked":"SKIP","floor":13},{"not_picked":["Bane","Setup","Sucker Punch"],"picked":"SKIP","floor":13},{"not_picked":["Tools of the Trade","Die Die Die"],"picked":"Burst","floor":16},{"not_picked":["Tactician","Dodge and Roll+1"],"picked":"PiercingWail","floor":18},{"not_picked":["Poisoned Stab","Distraction","All Out Attack"],"picked":"SKIP","floor":19},{"not_picked":["Blade Dance","Deadly Poison"],"picked":"All Out Attack","floor":21},{"not_picked":["Accuracy","Dagger Throw"],"picked":"Prepared","floor":24},{"not_picked":["Finisher","Outmaneuver"],"picked":"Dodge and Roll+1","floor":29},{"not_picked":["Quick Slash","Bane"],"picked":"Backstab","floor":31}],"player_experience":1869593,"relics_obtained":[{"floor":6,"key":"Orichalcum"},{"floor":8,"key":"Bag of Preparation"},{"floor":9,"key":"Bag of Marbles"},{"floor":12,"key":"Ice Cream"},{"floor":24,"key":"Bottled Flame"}],"event_choices":[{"cards_removed":["Defend_G"],"damage_healed":0,"gold_gain":0,"player_choice":"Card Removal","damage_taken":7,"max_hp_gain":0,"max_hp_loss":0,"event_name":"Golden Wing","floor":4,"gold_loss":0},{"damage_healed":0,"gold_gain":0,"player_choice":"Success","damage_taken":11,"relics_obtained":["Boot"],"max_hp_gain":0,"max_hp_loss":0,"event_name":"Scrap Ooze","floor":14,"gold_loss":0},{"damage_healed":0,"gold_gain":0,"player_choice":"Fight","damage_taken":0,"max_hp_gain":0,"max_hp_loss":0,"event_name":"Colosseum","floor":20,"gold_loss":0},{"damage_healed":0,"gold_gain":0,"player_choice":"Fled From Nobs","damage_taken":0,"max_hp_gain":0,"max_hp_loss":0,"event_name":"Colosseum","floor":20,"gold_loss":0},{"damage_healed":0,"gold_gain":0,"player_choice":"Inject Mutagens","damage_taken":0,"relics_obtained":["MutagenicStrength"],"max_hp_gain":0,"max_hp_loss":0,"event_name":"Drug Dealer","floor":27,"gold_loss":0},{"damage_healed":0,"gold_gain":100,"player_choice":"Bet on Murderer","damage_taken":0,"max_hp_gain":0,"max_hp_loss":0,"event_name":"The Joust","floor":28,"gold_loss":50}],"is_beta":true,"boss_relics":[{"not_picked":["Philosopher\u0027s Stone","Runic Dome"],"picked":"Runic Pyramid"}],"items_purged_floors":[],"is_endless":false,"potions_floor_spawned":[2,12,13,19,24,29],"killed_by":"Collector","ascension_level":20}