{"gold_per_floor":[112,187,200,49,63,63,83,83,83,83,83,101,101,101,101,101],"floor_reached":16,"playtime":431,"items_purged":["Defend_B"],"score":171,"play_id":"41206988-fd15-4132-8e32-c34b8f9ede91","local_time":"20190109232947","is_ascension_mode":true,"campfire_choices":[{"data":"Loop","floor":6,"key":"SMITH"},{"data":"Zap","floor":11,"key":"SMITH"},{"data":"Dualcast","floor":13,"key":"SMITH"},{"data":"Self Repair","floor":15,"key":"SMITH"}],"neow_cost":"PERCENT_DAMAGE","seed_source_timestamp":2010587471759304,"circlet_count":0,"master_deck":["AscendersBane","Strike_B","Strike_B","Defend_B","Defend_B","Zap+1","Dualcast+1","Self Repair+1","Cold Snap","Loop+1","Cold Snap","Self Repair"],"relics":["Cracked Core","Juzu Bracelet","Singing Bowl"],"potions_floor_usage":[7],"damage_taken":[{"damage":0,"enemies":"2 Louse","floor":1,"turns":3},{"damage":4,"enemies":"Jaw Worm","floor":3,"turns":5},{"damage":4,"enemies":"Cultist","floor":5,"turns":4},{"damage":6,"enemies":"Gremlin Gang","floor":7,"turns":3},{"damage":11,"enemies":"Large Slime","floor":12,"turns":6},{"damage":31,"enemies":"The Guardian","floor":16,"turns":10}],"seed_played":"-3555218057815270654","potions_obtained":[{"floor":3,"key":"Explosive Potion"},{"floor":12,"key":"Block Potion"}],"is_trial":false,"path_per_floor":["M","?","M","$","M","R","M","?","T","?","R","M","R","?","R","B"],"character_chosen":"DEFECT","items_purchased":["Loop"],"campfire_rested":0,"item_purchase_floors":[4],"current_hp_per_floor":[46,35,38,38,41,41,35,28,28,28,28,31,31,31,31,0],"gold":101,"neow_bonus":"REMOVE_TWO","is_prod":false,"is_daily":false,"chose_seed":false,"campfire_upgraded":4,"win_rate":0,"timestamp":1547044187,"path_taken":["M","?","M","$","M","R","M","?","T","?","R","M","R","?","R","BOSS"],"build_version":"2019-01-03v4","purchased_purges":1,"victory":false,"max_hp_per_floor":[71,71,71,71,71,71,71,71,71,71,71,71,71,71,71,71],"card_choices":[{"not_picked":["Rebound","Chaos"],"picked":"Self Repair","floor":1},{"not_picked":["Steam","Stack"],"picked":"Cold Snap","floor":3},{"not_picked":["Streamline","Barrage"],"picked":"Cold Snap","floor":5},{"not_picked":["Turbo","Ball Lightning"],"picked":"Self Repair","floor":7},{"not_picked":["Gash","Amplify","Hello World"],"picked":"SKIP","floor":12}],"player_experience":807376,"relics_obtained":[{"floor":9,"key":"Juzu Bracelet"}],"event_choices":[{"damage_healed":0,"gold_gain":75,"player_choice":"Gather Gold","damage_taken":11,"max_hp_gain":0,"max_hp_loss":0,"event_name":"World of Goop","floor":2,"gold_loss":0},{"cards_removed":["Defend_B"],"damage_healed":0,"gold_gain":0,"player_choice":"Card Removal","damage_taken":7,"max_hp_gain":0,"max_hp_loss":0,"event_name":"Golden Wing","floor":8,"gold_loss":0},{"damage_healed":0,"gold_gain":0,"player_choice":"Ignored","damage_taken":0,"max_hp_gain":0,"max_hp_loss":0,"event_name":"Golden Idol","floor":10,"gold_loss":0},{"damage_healed":0,"gold_gain":0,"player_choice":"Gave Potion","damage_taken":0,"relics_obtained":["Singing Bowl"],"max_hp_gain":0,"max_hp_loss":0,"event_name":"WeMeetAgain","floor":14,"gold_loss":0}],"is_beta":false,"boss_relics":[],"items_purged_floors":[4],"is_endless":false,"potions_floor_spawned":[3,12],"killed_by":"The Guardian","ascension_level":18}