{"gold_per_floor":[112,62,62,83,11,11,54,54,54,89,109,184,208,229,229,355,355,373,176,176,197,197,233,233,20,20,33,182,182,94,118,118,243,243,268,289,339,355,86,126,176,214,214,317,332,347,347,420,420,420],"floor_reached":51,"playtime":3941,"items_purged":["Eviscerate","Sucker Punch"],"score":810,"play_id":"07175155-ee7e-4487-bb18-811613ac2260","local_time":"20180817214343","is_ascension_mode":false,"campfire_choices":[{"data":"Noxious Fumes","floor":6.0,"key":"SMITH"},{"data":"Neutralize","floor":8.0,"key":"SMITH"},{"floor":15.0,"key":"REST"},{"data":"Accuracy","floor":24.0,"key":"SMITH"},{"data":"Accuracy","floor":29.0,"key":"SMITH"},{"data":"Accuracy","floor":32.0,"key":"SMITH"},{"floor":47,"key":"REST"},{"floor":49,"key":"REST"}],"neow_cost":"","seed_source_timestamp":85740880836591,"circlet_count":0,"master_deck":["Survivor","Neutralize+1","Noxious Fumes+1","Blade Dance","Crippling Poison","Deflect","Terror","Accuracy+1","Blade Dance","Acrobatics","Malaise","Leg Sweep","Deflect","Outmaneuver","Dodge and Roll","Deflect+1","Backflip","Endless Agony","Accuracy+1","Infinite Blades","Blade Dance","Ghostly+1","Ghostly","Ghostly","Ghostly","Ghostly","Bouncing Flask","Blade Dance","Corpse Explosion","Footwork","Escape Plan","Footwork","Accuracy+1","Corpse Explosion","Deadly Poison","Escape Plan","Expertise+1","Catalyst","Escape Plan","Poisoned Stab+1","Backflip","Deadly Poison+1","Infinite Blades+1","Blade Dance"],"special_seed":0,"relics":["Ring of the Snake","Golden Idol","Letter Opener","Pear","Ancient Tea Set","Pandora\u0027s Box","SsserpentHead","Snake Skull","Meat on the Bone","Fusion Hammer","TwistedFunnel","War Paint","StoneCalendar","Blood Vial","Frozen Egg 2","Bronze Scales"],"potions_floor_usage":[50,50],"damage_taken":[{"damage":0.0,"enemies":"Small Slimes","floor":1.0,"turns":3.0},{"damage":0.0,"enemies":"Jaw Worm","floor":4.0,"turns":5.0},{"damage":38.0,"enemies":"Gremlin Nob","floor":7.0,"turns":5.0},{"damage":9.0,"enemies":"3 Sentries","floor":10.0,"turns":6.0},{"damage":0.0,"enemies":"2 Louse","floor":11.0,"turns":3.0},{"damage":0.0,"enemies":"Red Slaver","floor":13.0,"turns":4.0},{"damage":3.0,"enemies":"3 Louse","floor":14.0,"turns":4.0},{"damage":20.0,"enemies":"The Guardian","floor":16.0,"turns":10.0},{"damage":18.0,"enemies":"2 Thieves","floor":18.0,"turns":5.0},{"damage":1.0,"enemies":"Spheric Guardian","floor":21.0,"turns":5.0},{"damage":12.0,"enemies":"Book of Stabbing","floor":23.0,"turns":8.0},{"damage":8.0,"enemies":"3 Cultists","floor":27.0,"turns":3.0},{"damage":21.0,"enemies":"Cultist and Chosen","floor":31.0,"turns":6.0},{"damage":15.0,"enemies":"Collector","floor":33.0,"turns":9.0},{"damage":6.0,"enemies":"Flame Bruiser 1 Orb","floor":35.0,"turns":6.0},{"damage":6.0,"enemies":"3 Shapes","floor":36.0,"turns":5.0},{"damage":10.0,"enemies":"3 Darklings","floor":38.0,"turns":3.0},{"damage":3.0,"enemies":"Giant Head","floor":40.0,"turns":7.0},{"damage":0.0,"floor":41.0,"turns":4.0},{"damage":23.0,"enemies":"2 Orb Walkers","floor":42.0,"turns":5.0},{"damage":0.0,"enemies":"Jaw Worm Horde","floor":45.0,"turns":2.0},{"damage":14.0,"enemies":"Transient","floor":46.0,"turns":5.0},{"damage":0,"enemies":"Sphere and 2 Shapes","floor":48,"turns":4},{"damage":9,"enemies":"Donu and Deca","floor":50,"turns":6}],"seed_played":"-4217735410492344889","potions_obtained":[{"floor":1.0,"key":"Poison Potion"},{"floor":10.0,"key":"EssenceOfSteel"},{"floor":13.0,"key":"LiquidBronze"},{"floor":14.0,"key":"SteroidPotion"},{"floor":18.0,"key":"Energy Potion"},{"floor":23.0,"key":"Fruit Juice"},{"floor":33.0,"key":"FearPotion"},{"floor":48,"key":"Block Potion"}],"is_trial":false,"path_per_floor":["M","?","?","M","$","R","E","R","T","E","M","?","M","M","R","B",null,"M","$","?","M","?","E","R","$","T","M","?","R","$","M","R","B",null,"M","M","?","M","$","E","?","E","T","T","M","M","R","M","R","B"],"character_chosen":"THE_SILENT","items_purchased":["Crippling Poison","Infinite Blades","Blade Dance","Corpse Explosion","Footwork","Footwork","TwistedFunnel","Catalyst"],"campfire_rested":3,"item_purchase_floors":[5,19,19,25,25,30,39,39],"current_hp_per_floor":[70,70,53,53,53,53,15,15,25,16,16,5,5,2,26,6,80,62,62,40,39,39,27,27,27,27,31,31,31,31,27,27,24,45,39,33,33,23,23,32,32,21,21,21,23,23,36,38,45,36],"gold":420,"neow_bonus":"","is_prod":false,"is_daily":false,"chose_seed":false,"campfire_upgraded":5,"win_rate":0,"timestamp":1534509823,"path_taken":["M","?","?","M","$","R","E","R","T","E","?","?","M","?","R","BOSS","M","$","?","M","?","E","R","$","T","M","?","R","?","M","R","BOSS","M","M","?","M","$","E","?","E","T","?","M","M","R","?","R","BOSS"],"build_version":"2018-08-16","purchased_purges":2,"victory":true,"max_hp_per_floor":[70,70,70,70,70,70,70,70,80,80,80,80,80,80,80,80,80,80,80,40,40,40,40,40,40,40,40,40,40,40,45,45,45,45,45,45,45,45,45,45,45,45,45,45,45,45,45,45,45,45],"card_choices":[{"not_picked":["Quick Slash","Poisoned Stab"],"picked":"Noxious Fumes","floor":1.0},{"not_picked":["Blur","Dagger Spray"],"picked":"Blade Dance","floor":4.0},{"not_picked":["Acrobatics","Grand Finale"],"picked":"Deflect","floor":7.0},{"not_picked":["Leg Sweep","Tactician"],"picked":"Terror","floor":10.0},{"not_picked":["Backflip","Acrobatics"],"picked":"Accuracy","floor":11.0},{"not_picked":["Distraction","Slice"],"picked":"Blade Dance","floor":13.0},{"not_picked":["Heel Hook","Tactician"],"picked":"Acrobatics","floor":14.0},{"not_picked":["Grand Finale","Die Die Die"],"picked":"Malaise","floor":16.0},{"not_picked":["Quick Slash","Cloak And Dagger"],"picked":"Accuracy","floor":18.0},{"not_picked":["Quick Slash","Poisoned Stab"],"picked":"Bouncing Flask","floor":21.0},{"not_picked":["Underhanded Strike","Quick Slash"],"picked":"Blade Dance","floor":23.0},{"not_picked":["Slice","Tactician"],"picked":"Escape Plan","floor":27.0},{"not_picked":["Prepared","Blade Dance"],"picked":"Accuracy","floor":31.0},{"not_picked":["Adrenaline","A Thousand Cuts"],"picked":"Corpse Explosion","floor":33.0},{"not_picked":["Outmaneuver+1","Slice+1"],"picked":"Deadly Poison","floor":35.0},{"not_picked":["Setup","Prepared+1"],"picked":"Escape Plan","floor":36.0},{"not_picked":["Masterful Stab","Riddle With Holes+1"],"picked":"Expertise+1","floor":38.0},{"not_picked":["Quick Slash","Dodge and Roll"],"picked":"Escape Plan","floor":40.0},{"not_picked":["Prepared","Calculated Gamble+1"],"picked":"Poisoned Stab+1","floor":41.0},{"not_picked":["Eviscerate","Malaise"],"picked":"Backflip","floor":42.0},{"not_picked":["Prepared+1","Acrobatics"],"picked":"Deadly Poison+1","floor":45.0},{"not_picked":["Prepared+1","Setup"],"picked":"Infinite Blades+1","floor":46},{"not_picked":["Well Laid Plans+1","Endless Agony"],"picked":"Blade Dance","floor":48}],"player_experience":335721,"relics_obtained":[{"floor":7.0,"key":"Letter Opener"},{"floor":9.0,"key":"Pear"},{"floor":10.0,"key":"Ancient Tea Set"},{"floor":23.0,"key":"Snake Skull"},{"floor":26.0,"key":"Meat on the Bone"},{"floor":40.0,"key":"War Paint"},{"floor":41.0,"key":"StoneCalendar"},{"floor":42.0,"key":"Blood Vial"},{"floor":43.0,"key":"Frozen Egg 2"},{"floor":44.0,"key":"Bronze Scales"}],"event_choices":[{"event_name":"The Cleric","player_choice":"Card Removal","floor":2.0,"damage_taken":0.0},{"event_name":"Golden Idol","player_choice":"Take Damage","floor":3.0,"damage_taken":0.0},{"event_name":"World of Goop","player_choice":"Gather Gold","floor":12.0,"damage_taken":0.0},{"event_name":"Ghosts","player_choice":"Became a Ghost","floor":20.0,"damage_taken":0.0},{"event_name":"FaceTrader","player_choice":"Trade","floor":22.0,"damage_taken":0.0},{"event_name":"Nest","player_choice":"Stole From Cult","floor":28.0,"damage_taken":0.0},{"event_name":"Tomb of Lord Red Mask","player_choice":"Ignored","floor":37.0,"damage_taken":0.0},{"event_name":"MindBloom","player_choice":"Fight","floor":41.0,"damage_taken":0.0}],"is_beta":true,"boss_relics":[{"not_picked":["HoveringKite","Coffee Dripper"],"picked":"Pandora\u0027s Box"},{"not_picked":["Busted Crown","White Beast Statue"],"picked":"Fusion Hammer"}],"items_purged_floors":[19,30],"is_endless":false,"potions_floor_spawned":[1,10,13,14,18,23,33,40,45,48],"ascension_level":0}