{"gold_per_floor":[211,136,154,169,344,344,354,354,354,219,237,252,252,268,268,268],"floor_reached":16,"playtime":602,"items_purged":["Strike_B","Strike_B"],"score":150,"play_id":"969c0fc0-4d11-4ace-992c-27066b5b88f3","local_time":"20181115222216","is_ascension_mode":true,"campfire_choices":[{"data":"Zap","floor":6,"key":"SMITH"},{"data":"Self Repair","floor":13,"key":"SMITH"},{"data":"Defragment","floor":15,"key":"SMITH"}],"neow_cost":"NONE","seed_source_timestamp":5940240321159,"circlet_count":0,"master_deck":["AscendersBane","Strike_B","Strike_B","Defend_B","Defend_B","Defend_B","Defend_B","Zap+1","Dualcast","Glacier","White Noise","Consume","Self Repair+1","Defragment+1"],"relics":["Cracked Core","Turnip"],"potions_floor_usage":[],"damage_taken":[{"damage":1,"enemies":"Cultist","floor":1,"turns":3},{"damage":0,"enemies":"Small Slimes","floor":3,"turns":4},{"damage":2,"enemies":"Jaw Worm","floor":4,"turns":4},{"damage":10,"enemies":"3 Louse","floor":7,"turns":4},{"damage":2,"enemies":"Exordium Wildlife","floor":11,"turns":5},{"damage":3,"enemies":"Blue Slaver","floor":12,"turns":6},{"damage":2,"enemies":"Looter","floor":14,"turns":5},{"damage":76,"enemies":"Slime Boss","floor":16,"turns":15}],"seed_played":"-4921534870344407877","potions_obtained":[{"floor":11,"key":"Dexterity Potion"},{"floor":12,"key":"SkillPotion"}],"is_trial":false,"path_per_floor":["M","$","M","M","?","R","M","?","T","$","M","M","R","M","R","B"],"character_chosen":"DEFECT","items_purchased":["Self Repair"],"campfire_rested":0,"item_purchase_floors":[10],"current_hp_per_floor":[67,67,67,65,65,65,55,55,55,55,60,64,64,75,75,0],"gold":268,"neow_bonus":"HUNDRED_GOLD","is_prod":false,"is_daily":false,"chose_seed":false,"campfire_upgraded":3,"win_rate":0,"timestamp":1542288136,"path_taken":["M","$","?","M","?","R","M","?","T","$","M","M","R","M","R","BOSS"],"build_version":"2018-11-08","purchased_purges":2,"victory":false,"max_hp_per_floor":[75,75,75,75,75,75,75,75,75,75,75,75,75,75,75,75],"card_choices":[{"not_picked":["Streamline","Steam"],"picked":"Glacier","floor":1},{"not_picked":["Recycle","Skim","Darkness"],"picked":"SKIP","floor":3},{"not_picked":["Gash","Compile Driver"],"picked":"White Noise","floor":4},{"not_picked":["Ball Lightning","Barrage"],"picked":"Consume","floor":7},{"not_picked":["Beam Cell","Steam","Recycle"],"picked":"SKIP","floor":11},{"not_picked":["Sweeping Beam","Steam","Compile Driver"],"picked":"SKIP","floor":12},{"not_picked":["Hologram","Auto Shields"],"picked":"Defragment","floor":14}],"player_experience":565588,"relics_obtained":[{"floor":9,"key":"Turnip"}],"event_choices":[{"damage_healed":0,"gold_gain":175,"player_choice":"AGREE","damage_taken":0,"max_hp_gain":0,"max_hp_loss":0,"event_name":"Liars Game","floor":5,"gold_loss":0,"cards_obtained":["Doubt"]},{"cards_removed":["Doubt"],"damage_healed":0,"gold_gain":0,"player_choice":"Purged","damage_taken":0,"max_hp_gain":0,"max_hp_loss":0,"event_name":"Purifier","floor":8,"gold_loss":0}],"is_beta":false,"boss_relics":[],"items_purged_floors":[2,10],"is_endless":false,"potions_floor_spawned":[11,12,14],"killed_by":"Slime Boss","ascension_level":12}