{"gold_per_floor":[112,35,35,46,66,66,95,95,95,95,105,121,152,166,166,266,266,280,205,205,220,230,230,230,230,284,284,294,294,294,294,294,393,393,424,267,287,87,187,187,187,187,187,187,202,535,535,385,385,385,385,385,185,217,217],"floor_reached":55,"playtime":1849,"items_purged":["Strike_B","Strike_B","Strike_B","Strike_B","Defend_B"],"score":731,"play_id":"41770568-bdbc-4077-bf20-91dbbc1470be","local_time":"20181125143834","is_ascension_mode":false,"campfire_choices":[{"floor":6,"key":"RECALL"},{"data":"Defragment","floor":8,"key":"SMITH"},{"floor":15,"key":"REST"},{"data":"Zap","floor":23,"key":"SMITH"},{"data":"Conserve Battery","floor":25,"key":"SMITH"},{"data":"Chill","floor":30,"key":"SMITH"},{"floor":32,"key":"REST"},{"data":"Seek","floor":40,"key":"SMITH"},{"floor":41,"key":"REST"},{"data":"Conserve Battery","floor":44,"key":"SMITH"},{"data":"Loop","floor":47,"key":"SMITH"},{"data":"Glacier","floor":49,"key":"SMITH"},{"data":"Cold Snap","floor":52,"key":"SMITH"}],"neow_cost":"TEN_PERCENT_HP_LOSS","seed_source_timestamp":580583246984496,"circlet_count":0,"master_deck":["Defend_B","Defend_B","Defend_B","Zap+1","Dualcast","Ball Lightning","Defragment+1","Cold Snap+1","Conserve Battery+1","Conserve Battery+1","Decay","Ball Lightning","White Noise","Electrodynamics","Redo+1","Glacier","White Noise+1","Chill+1","Self Repair+1","Machine Learning","Clumsy","Decay","Injury","Glacier+1","Loop+1","Seek+1","Go for the Eyes+1","Conserve Battery","Conserve Battery"],"relics":["Cracked Core","WingedGreaves","Turnip","Mummified Hand","Ginger","Sozu","Calling Bell","MawBank","Blue Candle","Unceasing Top","Mango","Potion Belt","Old Coin","Bag of Preparation"],"potions_floor_usage":[7,33],"damage_taken":[{"damage":3,"enemies":"2 Louse","floor":1,"turns":2},{"damage":1,"enemies":"Cultist","floor":4,"turns":3},{"damage":3,"enemies":"Jaw Worm","floor":5,"turns":3},{"damage":25,"enemies":"3 Sentries","floor":7,"turns":8},{"damage":0,"enemies":"Large Slime","floor":11,"turns":4},{"damage":1,"enemies":"Looter","floor":12,"turns":4},{"damage":13,"enemies":"Lagavulin","floor":13,"turns":5},{"damage":2,"enemies":"Blue Slaver","floor":14,"turns":3},{"damage":28,"enemies":"The Guardian","floor":16,"turns":9},{"damage":0,"enemies":"Spheric Guardian","floor":18,"turns":3},{"damage":24,"enemies":"3 Byrds","floor":21,"turns":3},{"damage":0,"enemies":"Centurion and Healer","floor":22,"turns":4},{"damage":18,"enemies":"Shelled Parasite and Fungi","floor":28,"turns":5},{"damage":26,"enemies":"Collector","floor":33,"turns":15},{"damage":59,"enemies":"3 Shapes","floor":35,"turns":5},{"damage":10,"enemies":"Orb Walker","floor":37,"turns":4},{"damage":9,"enemies":"Mind Bloom Boss Battle","floor":39,"turns":9},{"damage":0,"enemies":"Jaw Worm Horde","floor":45,"turns":2},{"damage":12,"enemies":"Reptomancer","floor":46,"turns":9},{"damage":54,"enemies":"Donu and Deca","floor":50,"turns":9},{"damage":72,"enemies":"Shield and Spear","floor":54,"turns":6},{"damage":27,"enemies":"The Heart","floor":55,"turns":6}],"seed_played":"5034980509963075002","potions_obtained":[{"floor":4,"key":"Ancient Potion"},{"floor":5,"key":"AttackPotion"},{"floor":11,"key":"PowerPotion"},{"floor":13,"key":"EssenceOfSteel"}],"is_trial":false,"path_per_floor":["M","$","?","M","M","R","E","R","T","?","M","M","E","M","R","B",null,"M","$","?","M","M","R","?","R","T","?","M","?","R","?","R","B",null,"M","$","M","$","?","R","R","?","T","R","M","E","R","$","R","B",null,"R","$","E","B"],"character_chosen":"DEFECT","items_purchased":["Defragment","Glacier","Loop","Conserve Battery"],"campfire_rested":3,"item_purchase_floors":[2,36,38,53],"current_hp_per_floor":[65,65,65,64,61,61,36,36,36,36,36,35,22,20,40,12,68,68,68,68,44,44,44,32,32,32,32,14,14,14,14,35,19,73,24,24,24,24,39,39,65,65,65,65,65,63,63,63,63,19,87,87,87,25,0],"gold":217,"neow_bonus":"ONE_RARE_RELIC","is_prod":false,"is_daily":false,"chose_seed":false,"campfire_upgraded":9,"win_rate":0,"timestamp":1543124314,"path_taken":["M","$","?","M","M","R","E","R","T","?","M","M","E","?","R","BOSS","M","$","?","M","M","R","?","R","T","?","?","?","R","?","R","BOSS","M","$","?","$","?","R","R","?","T","R","?","E","R","$","R","BOSS","R","$","E","BOSS"],"build_version":"2018-11-15","purchased_purges":5,"victory":false,"max_hp_per_floor":[68,68,68,68,68,68,68,68,68,68,68,68,68,68,68,68,68,68,68,68,68,68,68,73,73,73,73,73,73,73,73,73,73,73,73,73,73,73,87,87,87,87,87,87,87,87,87,87,87,87,87,87,87,87,87],"card_choices":[{"not_picked":["Barrage","Conserve Battery"],"picked":"Ball Lightning","floor":1},{"not_picked":["Coolheaded","Beam Cell"],"picked":"Cold Snap","floor":4},{"not_picked":["Ball Lightning","Sweeping Beam"],"picked":"Conserve Battery","floor":5},{"not_picked":["Double Energy","Beam Cell"],"picked":"Conserve Battery","floor":7},{"not_picked":["All For One","Sweeping Beam","Doom and Gloom"],"picked":"SKIP","floor":11},{"not_picked":["Go for the Eyes","Consume"],"picked":"Ball Lightning","floor":12},{"not_picked":["Tempest","Rebound","Chaos"],"picked":"SKIP","floor":13},{"not_picked":["Barrage","Reinforced Body"],"picked":"White Noise","floor":14},{"not_picked":["Hyperbeam","Rainbow"],"picked":"Electrodynamics","floor":16},{"not_picked":["Beam Cell","Ball Lightning"],"picked":"Redo+1","floor":18},{"not_picked":["Cold Snap","Conserve Battery"],"picked":"Glacier","floor":21},{"not_picked":["Stack","Auto Shields"],"picked":"White Noise+1","floor":22},{"not_picked":["Steam Power","Gash"],"picked":"Chill","floor":28},{"not_picked":["Amplify","Biased Cognition"],"picked":"Machine Learning","floor":33},{"not_picked":["Leap","Beam Cell+1","Sunder"],"picked":"SKIP","floor":35},{"not_picked":["Beam Cell+1","Leap+1","Hologram+1"],"picked":"SKIP","floor":37},{"not_picked":["Genetic Algorithm+1","Gash+1"],"picked":"Seek","floor":39},{"not_picked":["Streamline+1","Genetic Algorithm","Redo"],"picked":"SKIP","floor":45},{"not_picked":["Steam Power+1","Barrage"],"picked":"Go for the Eyes+1","floor":46},{"not_picked":["Hyperbeam","Beam Cell+1"],"picked":"Conserve Battery","floor":54}],"player_experience":600024,"relics_obtained":[{"floor":7,"key":"Turnip"},{"floor":9,"key":"Mummified Hand"},{"floor":13,"key":"Ginger"},{"floor":34,"key":"MawBank"},{"floor":34,"key":"Blue Candle"},{"floor":34,"key":"Unceasing Top"},{"floor":39,"key":"Mango"},{"floor":43,"key":"Potion Belt"},{"floor":46,"key":"Old Coin"},{"floor":54,"key":"Bag of Preparation"}],"event_choices":[{"damage_healed":0,"gold_gain":0,"player_choice":"Leave","damage_taken":0,"max_hp_gain":0,"max_hp_loss":0,"event_name":"The Cleric","floor":3,"gold_loss":0},{"damage_healed":0,"gold_gain":0,"player_choice":"Cursed","damage_taken":0,"max_hp_gain":0,"max_hp_loss":0,"event_name":"Wheel of Change","floor":10,"gold_loss":0,"cards_obtained":["Decay"]},{"damage_healed":0,"gold_gain":0,"player_choice":"Ignored","damage_taken":0,"max_hp_gain":0,"max_hp_loss":0,"event_name":"Vampires","floor":20,"gold_loss":0},{"damage_healed":0,"gold_gain":0,"player_choice":"Shed Blood","damage_taken":17,"max_hp_gain":5,"max_hp_loss":0,"event_name":"Forgotten Altar","floor":24,"gold_loss":0},{"damage_healed":0,"gold_gain":0,"player_choice":"Ignored","damage_taken":0,"max_hp_gain":0,"max_hp_loss":0,"event_name":"Ghosts","floor":27,"gold_loss":0},{"damage_healed":0,"gold_gain":0,"player_choice":"Read","damage_taken":0,"max_hp_gain":0,"max_hp_loss":0,"event_name":"The Library","floor":29,"gold_loss":0,"cards_obtained":["Self Repair"]},{"damage_healed":0,"gold_gain":0,"player_choice":"Forge","damage_taken":0,"max_hp_gain":0,"max_hp_loss":0,"event_name":"Accursed Blacksmith","floor":31,"gold_loss":0,"cards_upgraded":["Self Repair"]},{"damage_healed":0,"gold_gain":0,"player_choice":"Fight","damage_taken":0,"max_hp_gain":0,"max_hp_loss":0,"event_name":"MindBloom","floor":39,"gold_loss":0},{"damage_healed":0,"gold_gain":0,"player_choice":"Ignored","damage_taken":0,"max_hp_gain":0,"max_hp_loss":0,"event_name":"SecretPortal","floor":42,"gold_loss":0}],"is_beta":false,"boss_relics":[{"not_picked":["Velvet Choker","Inserter"],"picked":"Sozu"},{"not_picked":["Eternal Feather","Busted Crown"],"picked":"Calling Bell"}],"items_purged_floors":[19,36,38,48,53],"is_endless":false,"potions_floor_spawned":[4,5,11,13,16,21,28,39,45,54],"killed_by":"The Heart","ascension_level":0}