{"gold_per_floor":[15,15,15,34,50,50,50,64,91,91,132,132,146,164,164,287,287,227,227,68,68,68,92,92,112,112,112,125,45,45,45,45,45],"floor_reached":33,"playtime":1310,"items_purged":[],"score":245,"play_id":"a10d8b33-97b1-4c16-a378-b555492514b7","local_time":"20180829113021","is_ascension_mode":false,"campfire_choices":[{"data":"Zap","floor":6.0,"key":"SMITH"},{"data":"Creative AI","floor":10.0,"key":"SMITH"},{"data":"Hologram","floor":15.0,"key":"SMITH"},{"data":"Loop","floor":24,"key":"SMITH"},{"data":"Strike_B","floor":27,"key":"PURGE"},{"floor":32,"key":"REST"}],"neow_cost":"NO_GOLD","seed_source_timestamp":0,"circlet_count":0,"master_deck":["Strike_B","Defend_B","Defend_B","Defend_B","Defend_B","Zap+1","Dualcast","Barrage","Ball Lightning","Capacitor","Creative AI+1","Heatsinks","Self Repair","Hologram+1","Echo Form","Turbo+1","Echo Form","Loop+1","Chill+1","Rebound+1","Capacitor"],"special_seed":0,"relics":["FrozenCore","Torii","Golden Idol","Bag of Marbles","Vajra","Pen Nib","MutagenicStrength","Peace Pipe"],"potions_floor_usage":[31,33],"damage_taken":[{"damage":1.0,"enemies":"Cultist","floor":1.0,"turns":3.0},{"damage":1.0,"enemies":"Jaw Worm","floor":4.0,"turns":3.0},{"damage":0.0,"enemies":"Small Slimes","floor":5.0,"turns":2.0},{"damage":2.0,"enemies":"3 Louse","floor":8.0,"turns":3.0},{"damage":30.0,"enemies":"3 Sentries","floor":11.0,"turns":6.0},{"damage":2.0,"enemies":"Looter","floor":13.0,"turns":3.0},{"damage":2.0,"enemies":"Gremlin Gang","floor":14.0,"turns":4.0},{"damage":11.0,"enemies":"Slime Boss","floor":16.0,"turns":6.0},{"damage":27,"enemies":"2 Thieves","floor":18,"turns":4},{"damage":17,"enemies":"3 Byrds","floor":23,"turns":7},{"damage":25,"enemies":"Snake Plant","floor":25,"turns":9},{"damage":25,"enemies":"Chosen and Byrds","floor":28,"turns":8},{"damage":1,"enemies":"Cultist and Chosen","floor":31,"turns":4},{"damage":42,"enemies":"Automaton","floor":33,"turns":8}],"seed_played":"797528586350364434","potions_obtained":[{"floor":4.0,"key":"Dexterity Potion"},{"floor":5.0,"key":"SmokeBomb"},{"floor":8.0,"key":"Energy Potion"},{"floor":13.0,"key":"AttackPotion"},{"floor":19,"key":"FocusPotion"},{"floor":19,"key":"Swift Potion"}],"is_trial":false,"path_per_floor":["M","$","?","M","M","R","?","M","T","R","E","?","M","M","R","B",null,"M","?","$","?","?","M","R","M","T","R","M","$","?","M","R"],"character_chosen":"DEFECT","items_purchased":["Echo Form","Capacitor"],"campfire_rested":1,"item_purchase_floors":[20,29],"current_hp_per_floor":[74,74,67,66,66,66,48,46,46,46,16,13,11,16,16,12,75,48,48,48,48,48,45,45,27,27,27,2,2,2,15,37,0],"gold":45,"neow_bonus":"ONE_RARE_RELIC","is_prod":false,"is_daily":false,"chose_seed":false,"campfire_upgraded":4,"win_rate":0,"timestamp":1535509821,"path_taken":["M","?","?","M","?","R","?","M","T","R","E","?","M","M","R","BOSS","M","?","$","?","?","M","R","?","T","R","M","?","?","?","R","BOSS"],"build_version":"2018-08-27","purchased_purges":0,"victory":false,"max_hp_per_floor":[75,75,75,75,75,75,75,75,75,75,75,75,75,75,75,75,75,75,75,75,75,75,75,75,75,75,75,75,75,75,75,75,75],"card_choices":[{"not_picked":["Sweeping Beam","Redo"],"picked":"Barrage","floor":1.0},{"not_picked":["Rip and Tear","Doom and Gloom"],"picked":"Ball Lightning","floor":4.0},{"not_picked":["Ball Lightning","Hello World"],"picked":"Capacitor","floor":5.0},{"not_picked":["Sweeping Beam","Scrape"],"picked":"Creative AI","floor":8.0},{"not_picked":["Rebound","Tempest"],"picked":"Heatsinks","floor":11.0},{"not_picked":["Sunder","Undo"],"picked":"Self Repair","floor":13.0},{"not_picked":["Aggregate","Steam"],"picked":"Hologram","floor":14.0},{"not_picked":["All For One","Electrodynamics"],"picked":"Echo Form","floor":16.0},{"not_picked":["Leap+1","Gash"],"picked":"Turbo+1","floor":18},{"not_picked":["Skim","Go for the Eyes"],"picked":"Loop","floor":23},{"not_picked":["FTL","All For One"],"picked":"Chill+1","floor":25},{"not_picked":["Steam","Gash"],"picked":"Rebound+1","floor":28}],"player_experience":372291,"relics_obtained":[{"floor":9.0,"key":"Bag of Marbles"},{"floor":11.0,"key":"Vajra"},{"floor":26,"key":"Peace Pipe"}],"event_choices":[{"event_name":"Golden Wing","player_choice":"Card Removal","floor":3.0,"damage_taken":0.0},{"event_name":"Golden Idol","player_choice":"Take Damage","floor":7.0,"damage_taken":0.0},{"event_name":"Scrap Ooze","player_choice":"success","floor":12.0,"damage_taken":3.0},{"event_name":"The Lab","player_choice":"Got Potions","floor":19,"damage_taken":0},{"event_name":"Beggar","player_choice":"Ignored","floor":21,"damage_taken":0},{"event_name":"Drug Dealer","player_choice":"Inject Mutagens","floor":22,"damage_taken":0},{"event_name":"Wheel of Change","player_choice":"Card Removal","floor":30,"damage_taken":0}],"is_beta":true,"boss_relics":[{"not_picked":["Busted Crown","Empty Cage"],"picked":"FrozenCore"}],"items_purged_floors":[],"is_endless":false,"potions_floor_spawned":[4,5,8,13,14,28,31],"killed_by":"Automaton","ascension_level":0}