{"gold_per_floor":[111,111,61,77,25,59,59,73,96,109,139,155,187,205,205,205],"floor_reached":16,"playtime":460,"items_purged":[],"score":213,"play_id":"276eaa69-d077-4b28-a4a4-ca277ce301a6","local_time":"20181214153547","is_ascension_mode":true,"campfire_choices":[{"data":"Rip and Tear","floor":7,"key":"SMITH"},{"data":"Machine Learning","floor":15,"key":"SMITH"}],"neow_cost":"NONE","seed_source_timestamp":2114220819455,"circlet_count":0,"master_deck":["Strike_B","Strike_B+1","Defend_B","Defend_B","Defend_B","Zap","Dualcast","Capacitor","Machine Learning+1","Ball Lightning","Rebound+1","Rip and Tear+1","Cold Snap","Glacier","Blizzard","Core Surge","Glacier"],"relics":["Cracked Core","Lantern","Whetstone","PreservedInsect","Blood Vial"],"potions_floor_usage":[6,11,16],"damage_taken":[{"damage":8,"enemies":"2 Louse","floor":1,"turns":3},{"damage":0,"enemies":"Small Slimes","floor":4,"turns":3},{"damage":12,"enemies":"Gremlin Nob","floor":6,"turns":3},{"damage":2,"enemies":"Jaw Worm","floor":8,"turns":2},{"damage":21,"enemies":"Blue Slaver","floor":10,"turns":3},{"damage":10,"enemies":"3 Sentries","floor":11,"turns":4},{"damage":4,"enemies":"Looter","floor":12,"turns":2},{"damage":0,"enemies":"Gremlin Nob","floor":13,"turns":2},{"damage":0,"enemies":"Large Slime","floor":14,"turns":3},{"damage":17,"enemies":"The Guardian","floor":16,"turns":8}],"seed_played":"6620688980683248390","potions_obtained":[{"floor":4,"key":"Energy Potion"},{"floor":8,"key":"Explosive Potion"},{"floor":13,"key":"GamblersBrew"}],"is_trial":false,"path_per_floor":["M","?","?","M","$","E","R","M","T","M","E","M","E","M","R","B"],"character_chosen":"DEFECT","items_purchased":["Rebound"],"campfire_rested":0,"item_purchase_floors":[5],"current_hp_per_floor":[60,60,60,60,60,48,48,46,46,25,15,11,11,13,13,0],"gold":205,"neow_bonus":"REMOVE_CARD","is_prod":false,"is_daily":false,"chose_seed":false,"campfire_upgraded":2,"win_rate":0,"timestamp":1544819747,"path_taken":["M","?","?","M","?","E","R","?","T","M","E","M","E","M","R","BOSS"],"build_version":"2018-12-13","purchased_purges":0,"victory":false,"max_hp_per_floor":[75,75,75,75,75,75,75,75,75,75,75,75,75,75,75,75],"card_choices":[{"not_picked":["Barrage","Undo"],"picked":"Capacitor","floor":1},{"not_picked":["Loop","Recycle"],"picked":"Ball Lightning","floor":4},{"not_picked":["Multi-Cast","Gash"],"picked":"Rip and Tear","floor":6},{"not_picked":["FTL","Coolheaded"],"picked":"Cold Snap","floor":8},{"not_picked":["Streamline","Coolheaded"],"picked":"Glacier","floor":10},{"not_picked":["Go for the Eyes","Redo","Double Energy"],"picked":"SKIP","floor":11},{"not_picked":["Leap","Scrape"],"picked":"Blizzard","floor":12},{"not_picked":["Turbo","Ball Lightning"],"picked":"Core Surge","floor":13},{"not_picked":["Rip and Tear","Redo"],"picked":"Glacier","floor":14}],"player_experience":334705,"relics_obtained":[{"floor":6,"key":"Lantern"},{"floor":9,"key":"Whetstone"},{"floor":11,"key":"PreservedInsect"},{"floor":13,"key":"Blood Vial"}],"event_choices":[{"damage_healed":0,"gold_gain":0,"cards_transformed":["Strike_B"],"player_choice":"Change","damage_taken":0,"max_hp_gain":0,"max_hp_loss":0,"event_name":"Living Wall","floor":2,"gold_loss":0,"cards_obtained":["Machine Learning"]},{"cards_removed":["Defend_B"],"damage_healed":0,"gold_gain":0,"player_choice":"Card Removal","damage_taken":0,"max_hp_gain":0,"max_hp_loss":0,"event_name":"The Cleric","floor":3,"gold_loss":50}],"is_beta":false,"boss_relics":[],"items_purged_floors":[],"is_endless":false,"potions_floor_spawned":[4,8,13],"killed_by":"The Guardian","ascension_level":9}