{"gold_per_floor":[116,37,57,57,57,83,83,118,118,118,118,128,153,166,166,271,271,286,486,486,486,496,496,507,432,432,432,432,432,432,90,90,186,186,204,222,76,89,99,99,128,179,179,192,218,218,218,231,231,231],"floor_reached":50,"playtime":3748,"items_purged":["Strike_B"],"score":739,"play_id":"a302a312-2e4e-44d8-90f6-d6750ed6d7de","local_time":"20181027084721","is_ascension_mode":true,"campfire_choices":[{"floor":7.0,"key":"REST"},{"floor":15.0,"key":"REST"},{"floor":23.0,"key":"REST"},{"data":"Go for the Eyes","floor":27.0,"key":"SMITH"},{"data":"White Noise","floor":29.0,"key":"SMITH"},{"data":"Apotheosis","floor":32.0,"key":"SMITH"},{"floor":40.0,"key":"REST"},{"floor":46,"key":"REST"},{"floor":49,"key":"REST"}],"neow_cost":"NONE","seed_source_timestamp":0,"circlet_count":0,"master_deck":["Strike_B+1","Defend_B","Defend_B","Defend_B","Zap+1","Dualcast","Machine Learning","BootSequence","Echo Form","FTL","Conserve Battery","Cold Snap","Glacier","FTL","Buffer+1","White Noise+1","Go for the Eyes+1","Capacitor","Apotheosis+1","Panacea","Machine Learning","Ball Lightning+1","Cold Snap+1","Auto Shields+1","Go for the Eyes+1","Consume","Parasite","Sunder"],"special_seed":0,"relics":["Cracked Core","Mummified Hand","DataDisk","Gremlin Horn","Blood Vial","Dream Catcher","Sozu","Enchiridion","Cables","Velvet Choker","Boot","Shovel","StoneCalendar","Pocketwatch","The Courier"],"potions_floor_usage":[],"damage_taken":[{"damage":3.0,"enemies":"Jaw Worm","floor":1.0,"turns":4.0},{"damage":0.0,"enemies":"Small Slimes","floor":3.0,"turns":2.0},{"damage":25.0,"enemies":"3 Sentries","floor":6.0,"turns":5.0},{"damage":31.0,"enemies":"Gremlin Nob","floor":8.0,"turns":4.0},{"damage":0.0,"enemies":"2 Louse","floor":12.0,"turns":2.0},{"damage":15.0,"enemies":"Lagavulin","floor":13.0,"turns":4.0},{"damage":9.0,"enemies":"Exordium Wildlife","floor":14.0,"turns":4.0},{"damage":24.0,"enemies":"Hexaghost","floor":16.0,"turns":13.0},{"damage":0.0,"enemies":"3 Byrds","floor":18.0,"turns":5.0},{"damage":0.0,"enemies":"2 Thieves","floor":22.0,"turns":5.0},{"damage":0.0,"enemies":"Snecko","floor":24.0,"turns":5.0},{"damage":0.0,"enemies":"Automaton","floor":33.0,"turns":10.0},{"damage":0.0,"enemies":"Orb Walker","floor":35.0,"turns":4.0},{"damage":25.0,"enemies":"3 Shapes","floor":36.0,"turns":5.0},{"damage":11.0,"enemies":"Transient","floor":38.0,"turns":5.0},{"damage":24.0,"enemies":"Spire Growth","floor":39.0,"turns":6.0},{"damage":0.0,"enemies":"Nemesis","floor":41.0,"turns":9.0},{"damage":16.0,"enemies":"2 Orb Walkers","floor":42.0,"turns":4.0},{"damage":11,"enemies":"Writhing Mass","floor":44,"turns":7},{"damage":16,"enemies":"Reptomancer","floor":45,"turns":7},{"damage":0,"enemies":"Transient","floor":48,"turns":5},{"damage":55,"enemies":"Donu and Deca","floor":50,"turns":4}],"seed_played":"4876031204235955631","potions_obtained":[{"floor":0.0,"key":"SpeedPotion"},{"floor":0.0,"key":"SpeedPotion"},{"floor":0.0,"key":"PowerPotion"},{"floor":1.0,"key":"AttackPotion"},{"floor":6.0,"key":"FocusPotion"},{"floor":12.0,"key":"PowerPotion"},{"floor":13.0,"key":"SteroidPotion"}],"is_trial":false,"path_per_floor":["M","$","M","$","?","E","R","E","T","?","?","M","E","M","R","B",null,"M","?","?","?","M","R","M","?","T","R","?","R","?","$","R","B",null,"M","M","$","M","M","R","E","?","T","M","E","R","?","M","R"],"character_chosen":"DEFECT","items_purchased":["BootSequence","Apotheosis","Panacea","Boot"],"campfire_rested":6,"item_purchase_floors":[2,31,31,37],"current_hp_per_floor":[72,72,72,72,69,44,66,35,35,60,45,47,34,27,49,27,63,65,65,49,49,51,73,75,75,75,75,75,75,75,75,75,75,75,75,50,50,41,19,41,43,29,29,20,6,28,28,30,52,0],"gold":231,"neow_bonus":"THREE_SMALL_POTIONS","is_prod":false,"is_daily":false,"chose_seed":false,"campfire_upgraded":3,"win_rate":0,"timestamp":1540644441,"path_taken":["M","$","M","$","?","E","R","E","T","?","?","?","E","M","R","BOSS","M","?","?","?","M","R","?","?","T","R","?","R","?","$","R","BOSS","M","M","$","M","M","R","E","?","T","M","E","R","?","M","R","BOSS"],"build_version":"2018-10-25v2","purchased_purges":1,"victory":false,"max_hp_per_floor":[75,75,75,75,75,75,75,75,75,75,75,75,75,75,75,75,75,75,75,75,75,75,75,75,75,75,75,75,75,75,75,75,75,75,75,75,75,75,75,75,75,75,75,75,75,75,75,75,75,75],"card_choices":[{"not_picked":["Beam Cell","Steam"],"picked":"Machine Learning","floor":1.0},{"not_picked":["Beam Cell","Turbo","Sweeping Beam"],"picked":"SKIP","floor":3.0},{"not_picked":["Streamline","Steam"],"picked":"Echo Form","floor":6.0},{"not_picked":["Amplify","Gash"],"picked":"FTL","floor":8.0},{"not_picked":["Sweeping Beam","Compile Driver"],"picked":"Conserve Battery","floor":12.0},{"not_picked":["Conserve Battery","Rebound"],"picked":"Cold Snap","floor":13.0},{"not_picked":["Double Energy","Hologram"],"picked":"Glacier","floor":14.0},{"not_picked":["Hologram","Consume"],"picked":"FTL","floor":15.0},{"not_picked":["Thunder Strike","All For One"],"picked":"Buffer","floor":16.0},{"not_picked":["Force Field","Reprogram"],"picked":"White Noise","floor":18.0},{"not_picked":["Ball Lightning","Force Field+1"],"picked":"Go for the Eyes","floor":22.0},{"not_picked":["Reinforced Body","Cold Snap+1","Compile Driver+1"],"picked":"SKIP","floor":24.0},{"not_picked":["Echo Form","Amplify"],"picked":"Machine Learning","floor":33.0},{"not_picked":["Rebound+1","Redo","Gash+1"],"picked":"SKIP","floor":35.0},{"not_picked":["Barrage","Sweeping Beam","Conserve Battery"],"picked":"SKIP","floor":36.0},{"not_picked":["Rebound","Recycle+1"],"picked":"Ball Lightning+1","floor":38.0},{"not_picked":["Doom and Gloom+1","Steam+1"],"picked":"Cold Snap+1","floor":39.0},{"not_picked":["Sweeping Beam+1","Reinforced Body+1"],"picked":"Auto Shields+1","floor":40.0},{"not_picked":["Melter","Multi-Cast"],"picked":"Go for the Eyes+1","floor":41.0},{"not_picked":["Leap+1","Auto Shields"],"picked":"Consume","floor":42.0},{"not_picked":["Streamline+1","Sweeping Beam+1","Steam Power+1"],"picked":"SKIP","floor":44},{"not_picked":["Steam+1","Gash","Heatsinks+1"],"picked":"SKIP","floor":45},{"not_picked":["Sweeping Beam+1","Conserve Battery+1"],"picked":"Sunder","floor":48}],"player_experience":394766,"relics_obtained":[{"floor":6.0,"key":"DataDisk"},{"floor":8.0,"key":"Gremlin Horn"},{"floor":9.0,"key":"Blood Vial"},{"floor":13.0,"key":"Dream Catcher"},{"floor":20.0,"key":"Enchiridion"},{"floor":26.0,"key":"Cables"},{"floor":41.0,"key":"Shovel"},{"floor":42.0,"key":"StoneCalendar"},{"floor":43,"key":"Pocketwatch"},{"floor":45,"key":"The Courier"}],"event_choices":[{"damage_healed":0.0,"max_hp_gain":0.0,"max_hp_loss":0.0,"gold_gain":0.0,"event_name":"Scrap Ooze","player_choice":"Success","floor":5.0,"gold_loss":0.0,"damage_taken":3.0,"relics_obtained":["Mummified Hand"]},{"damage_healed":25.0,"max_hp_gain":0.0,"max_hp_loss":0.0,"gold_gain":0.0,"event_name":"Big Fish","player_choice":"Banana","floor":10.0,"gold_loss":0.0,"damage_taken":0.0},{"damage_healed":0.0,"max_hp_gain":0.0,"max_hp_loss":0.0,"gold_gain":0.0,"event_name":"Shining Light","player_choice":"Entered Light","floor":11.0,"gold_loss":0.0,"damage_taken":15.0,"cards_upgraded":["Strike_B","Zap"]},{"damage_healed":0.0,"max_hp_gain":0.0,"max_hp_loss":0.0,"gold_gain":200.0,"event_name":"Wheel of Change","player_choice":"Gold","floor":19.0,"gold_loss":0.0,"damage_taken":0.0},{"damage_healed":0.0,"max_hp_gain":0.0,"max_hp_loss":0.0,"gold_gain":0.0,"event_name":"Cursed Tome","player_choice":"Obtained Book","floor":20.0,"gold_loss":0.0,"damage_taken":16.0},{"cards_removed":["Strike_B"],"damage_healed":0.0,"max_hp_gain":0.0,"max_hp_loss":0.0,"gold_gain":0.0,"event_name":"Back to Basics","player_choice":"Elegance","floor":21.0,"gold_loss":0.0,"damage_taken":0.0},{"cards_removed":["Defend_B"],"damage_healed":0.0,"max_hp_gain":0.0,"max_hp_loss":0.0,"gold_gain":0.0,"event_name":"Beggar","player_choice":"Gave Gold","floor":25.0,"gold_loss":75.0,"damage_taken":0.0},{"damage_healed":0.0,"max_hp_gain":0.0,"max_hp_loss":0.0,"gold_gain":0.0,"cards_transformed":["Strike_B"],"event_name":"Transmorgrifier","player_choice":"Transformed","floor":28.0,"gold_loss":0.0,"damage_taken":0.0,"cards_obtained":["Capacitor"]},{"damage_healed":0.0,"max_hp_gain":0.0,"max_hp_loss":0.0,"gold_gain":0.0,"event_name":"The Woman in Blue","player_choice":"Bought 0 Potions","floor":30.0,"gold_loss":0.0,"damage_taken":0.0},{"damage_healed":0.0,"max_hp_gain":0.0,"max_hp_loss":0.0,"gold_gain":0.0,"event_name":"Mysterious Sphere","player_choice":"Fight","floor":42.0,"gold_loss":0.0,"damage_taken":0.0},{"damage_healed":0,"gold_gain":0,"player_choice":"Upgraded","damage_taken":0,"max_hp_gain":0,"max_hp_loss":0,"event_name":"Upgrade Shrine","floor":47,"gold_loss":0,"cards_upgraded":["Buffer"]}],"is_beta":false,"boss_relics":[{"not_picked":["White Beast Statue","Empty Cage"],"picked":"Sozu"},{"not_picked":["Philosopher\u0027s Stone","Inserter"],"picked":"Velvet Choker"}],"items_purged_floors":[31],"is_endless":false,"potions_floor_spawned":[1,6,12,13,18,35,36,42],"killed_by":"Donu and Deca","ascension_level":5}