{"gold_per_floor":[116,116,130,80,92,92,122,148,222,238,252,11,29,29,29,129,129,147,157,167,167,167,167,179,179,203,259,6,19,19,35,35,137,137,153,27,44,44],"floor_reached":38,"playtime":4387,"items_purged":["Strike_R"],"score":398,"play_id":"f152131e-549b-4439-af27-f47c9b4cc338","local_time":"20190120233344","is_ascension_mode":false,"campfire_choices":[{"data":"Barricade","floor":6,"key":"SMITH"},{"floor":15,"key":"REST"},{"data":"Metallicize","floor":23,"key":"SMITH"},{"data":"Battle Trance","floor":25,"key":"SMITH"},{"data":"Entrench","floor":30,"key":"SMITH"},{"floor":32,"key":"REST"}],"neow_cost":"CURSE","seed_source_timestamp":600558444703229,"circlet_count":0,"master_deck":["Strike_R","Strike_R","Strike_R","Defend_R","Defend_R","Defend_R","Defend_R","Bash","Barricade+1","Shockwave","Battle Trance+1","Sever Soul","Entrench+1","Whirlwind","Infernal Blade","Inflame","True Grit","Inflame+1","Fiend Fire","Anger+1","Metallicize+1","Headbutt","Disarm","Metallicize+1","Metallicize+1","Armaments","Combust+1","Heavy Blade","Demon Form","Heavy Blade+1","Body Slam"],"relics":["Burning Blood","Lantern","Ornamental Fan","Anchor","Sozu","PreservedInsect","Tiny Chest","ClockworkSouvenir","Runic Pyramid"],"potions_floor_usage":[8,10,16],"damage_taken":[{"damage":7,"enemies":"Small Slimes","floor":1,"turns":5},{"damage":2,"enemies":"2 Louse","floor":3,"turns":4},{"damage":21,"enemies":"Jaw Worm","floor":5,"turns":9},{"damage":24,"enemies":"Lagavulin","floor":8,"turns":9},{"damage":6,"enemies":"Large Slime","floor":10,"turns":11},{"damage":12,"enemies":"Exordium Wildlife","floor":11,"turns":7},{"damage":0,"enemies":"Lots of Slimes","floor":13,"turns":1},{"damage":58,"enemies":"The Guardian","floor":16,"turns":15},{"damage":2,"enemies":"3 Byrds","floor":18,"turns":4},{"damage":0,"enemies":"Chosen","floor":19,"turns":3},{"damage":8,"enemies":"Snake Plant","floor":20,"turns":4},{"damage":9,"enemies":"Centurion and Healer","floor":24,"turns":5},{"damage":32,"enemies":"Slavers","floor":27,"turns":6},{"damage":13,"enemies":"Snecko","floor":29,"turns":5},{"damage":1,"enemies":"Snake Plant","floor":31,"turns":4},{"damage":34,"enemies":"Automaton","floor":33,"turns":12},{"damage":24,"enemies":"3 Shapes","floor":35,"turns":4},{"damage":42,"enemies":"3 Darklings","floor":37,"turns":5},{"damage":27,"enemies":"Transient","floor":38,"turns":2}],"seed_played":"3843817385275334203","potions_obtained":[{"floor":5,"key":"SkillPotion"},{"floor":8,"key":"SkillPotion"},{"floor":11,"key":"Weak Potion"}],"is_trial":false,"path_per_floor":["M","?","M","?","M","R","?","E","T","M","M","$","M","$","R","B",null,"M","M","M","?","?","R","M","R","T","E","$","M","R","M","R","B",null,"M","$","M","M"],"character_chosen":"IRONCLAD","items_purchased":["Anchor","Inflame","True Grit","ClockworkSouvenir","Armaments","Body Slam"],"campfire_rested":2,"item_purchase_floors":[12,12,12,28,28,36],"current_hp_per_floor":[79,72,76,76,61,61,61,43,43,43,37,37,43,43,67,15,80,80,80,78,78,78,78,75,75,75,49,49,42,42,47,71,43,80,62,62,26,0],"gold":44,"neow_bonus":"THREE_RARE_CARDS","is_prod":false,"is_daily":false,"chose_seed":false,"campfire_upgraded":4,"win_rate":0,"timestamp":1548045224,"path_taken":["M","?","M","?","?","R","?","E","T","M","M","$","M","?","R","BOSS","M","?","M","?","?","R","M","R","T","E","$","M","R","?","R","BOSS","M","?","?","M"],"build_version":"2019-01-17v2","purchased_purges":1,"victory":false,"max_hp_per_floor":[80,80,80,80,80,80,80,80,80,80,80,80,80,80,80,80,80,80,80,80,80,80,80,80,80,80,80,80,80,80,80,80,80,80,80,80,80,80],"card_choices":[{"not_picked":["Impervious","Bludgeon"],"picked":"Barricade","floor":0},{"not_picked":["Pommel Strike","Carnage"],"picked":"Shockwave","floor":1},{"not_picked":["Clothesline","Sentinel"],"picked":"Battle Trance","floor":3},{"not_picked":["Anger","Pommel Strike"],"picked":"Sever Soul","floor":5},{"not_picked":["Inflame","Ghostly Armor"],"picked":"Entrench","floor":8},{"not_picked":["Warcry","Flex"],"picked":"Whirlwind","floor":10},{"not_picked":["Cleave","Searing Blow"],"picked":"Infernal Blade","floor":11},{"not_picked":["Wild Strike","Iron Wave"],"picked":"Inflame","floor":13},{"not_picked":["Berserk","Bludgeon"],"picked":"Fiend Fire","floor":16},{"not_picked":["Flex+1","Carnage+1"],"picked":"Anger+1","floor":18},{"not_picked":["Body Slam+1","Heavy Blade"],"picked":"Metallicize","floor":19},{"not_picked":["Sword Boomerang","Whirlwind"],"picked":"Headbutt","floor":20},{"not_picked":["Heavy Blade","Havoc"],"picked":"Metallicize+1","floor":24},{"not_picked":["Iron Wave","Thunderclap"],"picked":"Metallicize+1","floor":27},{"not_picked":["Entrench","Sword Boomerang+1"],"picked":"Combust+1","floor":29},{"not_picked":["Uppercut","Hemokinesis"],"picked":"Heavy Blade","floor":31},{"not_picked":["Juggernaut","Berserk"],"picked":"Demon Form","floor":33},{"not_picked":["Pummel","Perfected Strike+1"],"picked":"Heavy Blade+1","floor":35},{"not_picked":["Headbutt","Perfected Strike+1","Wild Strike+1"],"picked":"SKIP","floor":37}],"player_experience":100167,"relics_obtained":[{"floor":8,"key":"Lantern"},{"floor":9,"key":"Ornamental Fan"},{"floor":26,"key":"PreservedInsect"},{"floor":27,"key":"Tiny Chest"}],"event_choices":[{"cards_removed":["Writhe"],"damage_healed":0,"gold_gain":0,"player_choice":"Card Removal","damage_taken":7,"max_hp_gain":0,"max_hp_loss":0,"event_name":"Golden Wing","floor":2,"gold_loss":0},{"cards_removed":["Strike_R"],"damage_healed":0,"gold_gain":0,"player_choice":"Card Removal","damage_taken":0,"max_hp_gain":0,"max_hp_loss":0,"event_name":"The Cleric","floor":4,"gold_loss":50},{"damage_healed":0,"gold_gain":30,"player_choice":"Searched \u00272\u0027 times","damage_taken":0,"max_hp_gain":0,"max_hp_loss":0,"event_name":"Dead Adventurer","floor":7,"gold_loss":0},{"damage_healed":0,"gold_gain":0,"player_choice":"Read","damage_taken":0,"max_hp_gain":0,"max_hp_loss":0,"event_name":"The Library","floor":21,"gold_loss":0,"cards_obtained":["Disarm"]},{"damage_healed":0,"gold_gain":0,"player_choice":"Upgraded","damage_taken":0,"max_hp_gain":0,"max_hp_loss":0,"event_name":"Upgrade Shrine","floor":22,"gold_loss":0,"cards_upgraded":["Inflame"]}],"is_beta":false,"boss_relics":[{"not_picked":["Runic Dome","Runic Cube"],"picked":"Sozu"},{"not_picked":["Calling Bell","White Beast Statue"],"picked":"Runic Pyramid"}],"items_purged_floors":[36],"is_endless":false,"potions_floor_spawned":[5,8,11,18,27,29,37],"killed_by":"Transient","ascension_level":0}