{"gold_per_floor":[112,112,174,299,23,23,41,91,116,146,146,196,73,91,91,188,188,198,173,223,238,288],"floor_reached":22,"playtime":1186,"items_purged":[],"score":182,"play_id":"5dd2c305-08dc-4d5c-9b4b-52a33a8cb77c","local_time":"20190107180200","is_ascension_mode":false,"campfire_choices":[{"data":"Madness","floor":6,"key":"SMITH"},{"data":"Shrug It Off","floor":11,"key":"SMITH"},{"floor":15,"key":"REST"}],"neow_cost":"NONE","seed_source_timestamp":570666746659493,"circlet_count":0,"master_deck":["Strike_R+1","Strike_R","Strike_R","Strike_R","Strike_R+1","Defend_R","Defend_R","Defend_R","Defend_R","Bash+1","Madness+1","Disarm","Iron Wave","Thunderclap+1","Shrug It Off+1","Body Slam","Demon Form","Regret","Regret","Rupture","Cleave"],"relics":["Burning Blood","SsserpentHead","Membership Card","Lantern","Oddly Smooth Stone","Whetstone","Blue Candle","Calling Bell","Omamori","Ornamental Fan","Pocketwatch"],"potions_floor_usage":[],"damage_taken":[{"damage":1,"enemies":"2 Louse","floor":1,"turns":3},{"damage":0,"enemies":"Cultist","floor":3,"turns":4},{"damage":7,"enemies":"Jaw Worm","floor":7,"turns":4},{"damage":22,"enemies":"Gremlin Nob","floor":10,"turns":5},{"damage":0,"enemies":"Exordium Wildlife","floor":14,"turns":3},{"damage":28,"enemies":"Hexaghost","floor":16,"turns":12},{"damage":24,"enemies":"2 Thieves","floor":18,"turns":4},{"damage":34,"enemies":"Spheric Guardian","floor":21,"turns":7},{"damage":37,"enemies":"Cultist and Chosen","floor":22,"turns":5}],"seed_played":"-4283089358595656924","potions_obtained":[{"floor":7,"key":"Poison Potion"},{"floor":14,"key":"Explosive Potion"}],"is_trial":false,"path_per_floor":["M","?","M","?","$","R","M","$","T","E","R","?","$","M","R","B",null,"M","?","?","M","M"],"character_chosen":"IRONCLAD","items_purchased":["Membership Card","Lantern","Blue Candle"],"campfire_rested":1,"item_purchase_floors":[5,5,13],"current_hp_per_floor":[80,80,80,69,69,69,68,68,68,52,52,36,36,42,66,44,80,62,62,62,34,0],"gold":288,"neow_bonus":"RANDOM_COLORLESS","is_prod":false,"is_daily":false,"chose_seed":false,"campfire_upgraded":2,"win_rate":0.0,"timestamp":1546880520,"path_taken":["M","?","?","?","$","R","M","?","T","E","R","?","$","M","R","BOSS","M","?","?","M","?"],"build_version":"2019-01-03v4","purchased_purges":0,"victory":false,"max_hp_per_floor":[80,80,80,80,80,80,80,80,80,80,80,80,80,80,80,80,80,80,80,80,80,80],"card_choices":[{"not_picked":["Flex","Rage"],"picked":"Disarm","floor":1},{"not_picked":["True Grit","Anger"],"picked":"Iron Wave","floor":3},{"not_picked":["Twin Strike","Sword Boomerang"],"picked":"Thunderclap","floor":7},{"not_picked":["Flex","Anger"],"picked":"Shrug It Off","floor":10},{"not_picked":["Thunderclap","True Grit"],"picked":"Body Slam","floor":14},{"not_picked":["Feed","Exhume"],"picked":"Demon Form","floor":16},{"not_picked":["Clothesline","True Grit+1"],"picked":"Rupture","floor":18},{"not_picked":["Havoc","Rage"],"picked":"Cleave","floor":21}],"player_experience":119564,"relics_obtained":[{"floor":9,"key":"Oddly Smooth Stone"},{"floor":10,"key":"Whetstone"},{"floor":17,"key":"Omamori"},{"floor":17,"key":"Ornamental Fan"},{"floor":17,"key":"Pocketwatch"}],"event_choices":[{"damage_healed":0,"gold_gain":0,"player_choice":"Trade","damage_taken":0,"relics_obtained":["SsserpentHead"],"max_hp_gain":0,"max_hp_loss":0,"event_name":"FaceTrader","floor":2,"gold_loss":0},{"damage_healed":0,"gold_gain":75,"player_choice":"Gather Gold","damage_taken":11,"max_hp_gain":0,"max_hp_loss":0,"event_name":"World of Goop","floor":4,"gold_loss":0},{"damage_healed":0,"gold_gain":0,"player_choice":"Entered Light","damage_taken":16,"max_hp_gain":0,"max_hp_loss":0,"event_name":"Shining Light","floor":12,"gold_loss":0,"cards_upgraded":["Strike_R","Bash"]},{"cards_removed":["Regret"],"damage_healed":0,"gold_gain":0,"player_choice":"Gave Gold","damage_taken":0,"max_hp_gain":0,"max_hp_loss":0,"event_name":"Beggar","floor":19,"gold_loss":75},{"damage_healed":0,"gold_gain":0,"player_choice":"Bought 0 Potions","damage_taken":0,"max_hp_gain":0,"max_hp_loss":0,"event_name":"The Woman in Blue","floor":20,"gold_loss":0}],"is_beta":false,"boss_relics":[{"not_picked":["Cursed Key","Coffee Dripper"],"picked":"Calling Bell"}],"items_purged_floors":[],"is_endless":false,"potions_floor_spawned":[7,14],"killed_by":"Cultist and Chosen","ascension_level":0}