{"gold_per_floor":[109,122,133,133,133,167,167,66,66,86,161,161],"floor_reached":12,"playtime":279,"items_purged":[],"score":82,"play_id":"4ebac069-367a-406e-8d00-50e5cee5b05a","local_time":"20181117092156","is_ascension_mode":true,"campfire_choices":[{"data":"Zap","floor":7,"key":"SMITH"}],"neow_cost":"NONE","seed_source_timestamp":235163293391238,"circlet_count":0,"master_deck":["Strike_B","Strike_B","Strike_B","Strike_B","Defend_B","Defend_B","Defend_B","Defend_B","Zap+1","Dualcast","Gash+1","Melter","Recycle","Turbo","Beam Cell","Go for the Eyes","Gash"],"relics":["Cracked Core","NeowsBlessing","Peace Pipe","Darkstone Periapt"],"potions_floor_usage":[12,12],"damage_taken":[{"damage":0,"enemies":"2 Louse","floor":1,"turns":1},{"damage":0,"enemies":"Jaw Worm","floor":2,"turns":1},{"damage":0,"enemies":"Cultist","floor":3,"turns":1},{"damage":57,"enemies":"Gremlin Nob","floor":6,"turns":5},{"damage":10,"enemies":"Exordium Thugs","floor":10,"turns":5},{"damage":0,"enemies":"Large Slime","floor":12,"turns":1}],"seed_played":"-5299627925279160269","potions_obtained":[{"floor":3,"key":"Dexterity Potion"},{"floor":10,"key":"FocusPotion"}],"is_trial":false,"path_per_floor":["M","M","M","?","?","E","R","$","T","M","?","M"],"character_chosen":"DEFECT","items_purchased":["Beam Cell","Go for the Eyes"],"campfire_rested":0,"item_purchase_floors":[8,8],"current_hp_per_floor":[75,75,75,75,80,23,23,23,23,13,2,2],"gold":161,"neow_bonus":"THREE_ENEMY_KILL","is_prod":false,"is_daily":false,"chose_seed":false,"campfire_upgraded":1,"win_rate":0,"timestamp":1542464516,"path_taken":["M","M","M","?","?","E","R","?","T","?","?","M"],"build_version":"2018-11-15","purchased_purges":0,"victory":false,"max_hp_per_floor":[75,75,75,75,80,80,80,80,80,80,80,80],"card_choices":[{"not_picked":["Beam Cell","Darkness"],"picked":"Gash","floor":1},{"not_picked":["Hello World","White Noise"],"picked":"Melter","floor":2},{"not_picked":["Steam","Hologram"],"picked":"Recycle","floor":3},{"not_picked":["Static Discharge","Rebound"],"picked":"Turbo","floor":6},{"not_picked":["Conserve Battery","Force Field"],"picked":"Gash","floor":10}],"player_experience":122472,"relics_obtained":[{"floor":6,"key":"Peace Pipe"},{"floor":9,"key":"Darkstone Periapt"}],"event_choices":[{"damage_healed":0,"gold_gain":0,"player_choice":"Grow","damage_taken":0,"max_hp_gain":0,"max_hp_loss":0,"event_name":"Living Wall","floor":4,"gold_loss":0,"cards_upgraded":["Gash"]},{"damage_healed":0,"gold_gain":0,"player_choice":"Donut","damage_taken":0,"max_hp_gain":5,"max_hp_loss":0,"event_name":"Big Fish","floor":5,"gold_loss":0},{"damage_healed":0,"gold_gain":75,"player_choice":"Gather Gold","damage_taken":11,"max_hp_gain":0,"max_hp_loss":0,"event_name":"World of Goop","floor":11,"gold_loss":0}],"is_beta":false,"boss_relics":[],"items_purged_floors":[],"is_endless":false,"potions_floor_spawned":[3,10],"killed_by":"Large Slime","ascension_level":1}