{"gold_per_floor":[113,113,44,44,57,57,57,77,150,150,150,150,168,168,168,168],"floor_reached":16,"playtime":836,"items_purged":[],"score":123,"play_id":"ff4b049c-d0b4-43e7-ac16-6350e2d0bf66","local_time":"20190210084746","is_ascension_mode":true,"campfire_choices":[{"data":"Setup","floor":6,"key":"SMITH"},{"data":"Escape Plan","floor":10,"key":"SMITH"},{"data":"Survivor","floor":12,"key":"SMITH"},{"data":"All Out Attack","floor":15,"key":"SMITH"}],"neow_cost":"PERCENT_DAMAGE","seed_source_timestamp":63967261599867,"circlet_count":0,"master_deck":["Defend_G","Defend_G","Defend_G","Defend_G","Strike_G","Strike_G","Strike_G","Survivor+1","Neutralize+1","Predator+1","Prepared","Flying Knee","Skewer+1","Infinite Blades","Setup+1","Escape Plan+1","All Out Attack+1"],"relics":["Ring of the Snake","Bottled Tornado","Kunai"],"potions_floor_usage":[16],"damage_taken":[{"damage":2,"enemies":"2 Louse","floor":1,"turns":3},{"damage":1,"enemies":"Jaw Worm","floor":5,"turns":3},{"damage":0,"enemies":"Cultist","floor":8,"turns":3},{"damage":2,"enemies":"Exordium Wildlife","floor":13,"turns":3},{"damage":28,"enemies":"The Guardian","floor":16,"turns":9}],"seed_played":"-7711255985963918522","potions_obtained":[{"floor":8,"key":"Block Potion"}],"is_trial":false,"path_per_floor":["M","?","$","?","M","R","$","M","T","R","?","R","M","T","R","B"],"character_chosen":"THE_SILENT","items_purchased":["Infinite Blades"],"campfire_rested":0,"item_purchase_floors":[3],"current_hp_per_floor":[43,43,43,29,28,28,28,28,28,28,28,28,26,26,26,0],"gold":168,"neow_bonus":"TRANSFORM_TWO_CARDS","is_prod":false,"is_daily":false,"chose_seed":false,"campfire_upgraded":4,"win_rate":0,"timestamp":1549756066,"path_taken":["M","?","$","?","M","R","$","?","T","R","?","R","?","?","R","BOSS"],"build_version":"2019-01-23","purchased_purges":0,"victory":false,"max_hp_per_floor":[70,70,70,70,70,70,70,70,70,70,70,70,70,70,70,70],"card_choices":[{"not_picked":["Heel Hook","Riddle With Holes"],"picked":"Flying Knee","floor":1},{"not_picked":["Endless Agony","PiercingWail"],"picked":"Setup","floor":5},{"not_picked":["PiercingWail","Concentrate"],"picked":"Escape Plan","floor":8},{"not_picked":["Outmaneuver","Prepared"],"picked":"All Out Attack","floor":13}],"player_experience":890645,"relics_obtained":[{"floor":9,"key":"Bottled Tornado"},{"floor":14,"key":"Kunai"}],"event_choices":[{"damage_healed":0,"gold_gain":0,"cards_transformed":["Defend_G"],"player_choice":"Change","damage_taken":0,"max_hp_gain":0,"max_hp_loss":0,"event_name":"Living Wall","floor":2,"gold_loss":0,"cards_obtained":["Skewer"]},{"damage_healed":0,"gold_gain":0,"player_choice":"Entered Light","damage_taken":14,"max_hp_gain":0,"max_hp_loss":0,"event_name":"Shining Light","floor":4,"gold_loss":0,"cards_upgraded":["Neutralize","Skewer"]},{"damage_healed":0,"gold_gain":0,"player_choice":"Upgraded","damage_taken":0,"max_hp_gain":0,"max_hp_loss":0,"event_name":"Upgrade Shrine","floor":11,"gold_loss":0,"cards_upgraded":["Predator"]}],"is_beta":false,"boss_relics":[],"items_purged_floors":[],"is_endless":false,"potions_floor_spawned":[8],"killed_by":"The Guardian","ascension_level":8}