{"gold_per_floor":[119,269,269,282,43,43,71,71,124,124,152,152,171,184,184,261,311,329,364,384,16,27,27,27,27,104,104,104,104,51,68,68,145,145,156,82,82,82,102,102,102,102,102,102,47,47,64,84,84,84,84],"floor_reached":51,"playtime":4397,"items_purged":["Doubt","Strike_G"],"score":1198,"play_id":"2d9a463e-3fdd-43d6-899b-1e98b43cfd2d","local_time":"20181028050059","is_ascension_mode":true,"campfire_choices":[{"data":"Predator","floor":6.0,"key":"SMITH"},{"data":"Neutralize","floor":8.0,"key":"SMITH"},{"data":"Acrobatics","floor":10.0,"key":"SMITH"},{"data":"Caltrops","floor":12.0,"key":"SMITH"},{"data":"Predator","floor":15.0,"key":"SMITH"},{"floor":23.0,"key":"REST"},{"floor":25.0,"key":"DIG"},{"floor":27.0,"key":"DIG"},{"floor":28.0,"key":"DIG"},{"floor":29.0,"key":"DIG"},{"floor":32.0,"key":"REST"},{"floor":40.0,"key":"DIG"},{"floor":42.0,"key":"DIG"},{"floor":46.0,"key":"DIG"},{"floor":49.0,"key":"DIG"}],"neow_cost":"NONE","seed_source_timestamp":757940895681200,"circlet_count":0,"master_deck":["Defend_G","Defend_G+1","Defend_G","Defend_G","Strike_G+1","Survivor","Neutralize+1","AscendersBane","Riddle With Holes+1","Predator+1","Acrobatics+1","Caltrops+1","Predator+1","PiercingWail","Night Terror","PiercingWail","Leg Sweep","PiercingWail","Infinite Blades","Cloak And Dagger","Cloak And Dagger","After Image","Blade Dance+1","Well Laid Plans+1","Deadly Poison+1","Cloak And Dagger+1","Noxious Fumes","Footwork+1","Impatience","Choke"],"special_seed":0,"relics":["HoveringKite","Oddly Smooth Stone","WingedGreaves","Tiny Chest","Whetstone","Tiny House","Red Mask","Bag of Preparation","Shovel","Bag of Marbles","Ornamental Fan","Strawberry","Darkstone Periapt","Lantern","Astrolabe","Bird Faced Urn","Happy Flower","Mummified Hand","Anchor","Ginger"],"potions_floor_usage":[50,51],"damage_taken":[{"damage":6.0,"enemies":"2 Louse","floor":1.0,"turns":4.0},{"damage":2.0,"enemies":"Jaw Worm","floor":4.0,"turns":6.0},{"damage":13.0,"enemies":"3 Sentries","floor":7.0,"turns":8.0},{"damage":17.0,"enemies":"Lagavulin","floor":11.0,"turns":8.0},{"damage":0.0,"enemies":"Cultist","floor":13.0,"turns":3.0},{"damage":0.0,"enemies":"Gremlin Gang","floor":14.0,"turns":5.0},{"damage":13.0,"enemies":"The Guardian","floor":16.0,"turns":10.0},{"damage":27.0,"enemies":"Spheric Guardian","floor":18.0,"turns":4.0},{"damage":27.0,"enemies":"Masked Bandits","floor":19.0,"turns":5.0},{"damage":0.0,"enemies":"3 Byrds","floor":20.0,"turns":3.0},{"damage":0.0,"enemies":"Snecko","floor":22.0,"turns":5.0},{"damage":7.0,"enemies":"Centurion and Healer","floor":31.0,"turns":5.0},{"damage":45.0,"enemies":"Champ","floor":33.0,"turns":22.0},{"damage":0.0,"enemies":"3 Shapes","floor":35.0,"turns":6.0},{"damage":0.0,"enemies":"Orb Walker","floor":39.0,"turns":4.0},{"damage":12.0,"enemies":"Writhing Mass","floor":47.0,"turns":9.0},{"damage":1.0,"enemies":"Transient","floor":48.0,"turns":6.0},{"damage":29,"enemies":"Awakened One","floor":50,"turns":33},{"damage":77,"enemies":"Time Eater","floor":51,"turns":12}],"seed_played":"4563041848517780549","potions_obtained":[{"floor":1.0,"key":"SpeedPotion"},{"floor":11.0,"key":"AttackPotion"},{"floor":17.0,"key":"LiquidBronze"},{"floor":18.0,"key":"Block Potion"},{"floor":20.0,"key":"FearPotion"},{"floor":47.0,"key":"FearPotion"},{"floor":48.0,"key":"SkillPotion"}],"is_trial":false,"path_per_floor":["M","?","?","M","$","R","E","R","T","R","E","R","M","M","R","B",null,"M","?","M","$","M","R","?","R","T","R","R","R","$","M","R","B",null,"M","$","?","?","M","R","?","R","T","?","$","R","M","M","R","B"],"character_chosen":"THE_SILENT","items_purchased":["Oddly Smooth Stone","SteroidPotion","Bag of Preparation","Infinite Blades","Block Potion","Noxious Fumes","Weak Potion"],"campfire_rested":2,"item_purchase_floors":[5,21,21,21,30,36,45],"current_hp_per_floor":[53,53,53,51,51,51,38,38,38,38,21,21,21,21,21,8,57,30,3,3,3,3,24,24,24,24,31,31,31,31,24,47,2,59,59,59,59,59,59,59,59,59,59,59,59,59,63,70,70,57,0],"gold":84,"neow_bonus":"BOSS_RELIC","is_prod":false,"is_daily":false,"chose_seed":false,"campfire_upgraded":5,"win_rate":0,"timestamp":1540717259,"path_taken":["M","?","?","M","$","R","E","R","T","R","E","R","?","M","R","BOSS","M","?","?","$","M","R","?","R","T","R","R","R","$","M","R","BOSS","M","$","?","?","M","R","?","R","T","?","$","R","M","M","R","BOSS","BOSS"],"build_version":"2018-10-19","purchased_purges":2,"victory":false,"max_hp_per_floor":[66,66,66,66,66,66,66,66,66,66,66,66,66,66,66,66,71,71,71,71,71,71,71,71,71,71,78,78,78,78,78,78,78,78,78,78,78,78,78,78,78,78,78,78,78,78,78,78,78,78,78],"card_choices":[{"not_picked":["Concentrate","All Out Attack"],"picked":"Riddle With Holes","floor":1.0},{"not_picked":["Noxious Fumes","Bouncing Flask"],"picked":"Predator","floor":4.0},{"not_picked":["Dagger Spray","Slice"],"picked":"Acrobatics","floor":7.0},{"not_picked":["Riddle With Holes","PiercingWail"],"picked":"Caltrops","floor":11.0},{"not_picked":["Masterful Stab","Underhanded Strike"],"picked":"Predator","floor":13.0},{"not_picked":["Bane","Blade Dance"],"picked":"PiercingWail","floor":14.0},{"not_picked":["Grand Finale","Storm of Steel"],"picked":"Night Terror","floor":16.0},{"not_picked":["All Out Attack","Outmaneuver"],"picked":"PiercingWail","floor":17.0},{"not_picked":["Quick Slash","Poisoned Stab"],"picked":"Crippling Poison","floor":18.0},{"not_picked":["PiercingWail","Escape Plan"],"picked":"Leg Sweep","floor":19.0},{"not_picked":["Slice","Deflect"],"picked":"PiercingWail","floor":20.0},{"not_picked":["PiercingWail","Underhanded Strike"],"picked":"Cloak And Dagger","floor":22.0},{"not_picked":["Poisoned Stab","Quick Slash"],"picked":"Cloak And Dagger","floor":31.0},{"not_picked":["Venomology","Night Terror"],"picked":"After Image","floor":33.0},{"not_picked":["Flying Knee","Dodge and Roll"],"picked":"Cloak And Dagger+1","floor":35.0},{"not_picked":["Sucker Punch","Endless Agony"],"picked":"Footwork","floor":39.0},{"not_picked":["Good Instincts","Madness"],"picked":"Impatience","floor":41.0},{"not_picked":["Outmaneuver+1","Flying Knee+1","Sucker Punch"],"picked":"SKIP","floor":47.0},{"not_picked":["Bullet Time","Deadly Poison"],"picked":"Choke","floor":48.0}],"player_experience":1536621,"relics_obtained":[{"floor":7.0,"key":"WingedGreaves"},{"floor":9.0,"key":"Tiny Chest"},{"floor":11.0,"key":"Whetstone"},{"floor":19.0,"key":"Red Mask"},{"floor":25.0,"key":"Bag of Marbles"},{"floor":26.0,"key":"Ornamental Fan"},{"floor":27.0,"key":"Strawberry"},{"floor":28.0,"key":"Darkstone Periapt"},{"floor":29.0,"key":"Lantern"},{"floor":40.0,"key":"Bird Faced Urn"},{"floor":42.0,"key":"Happy Flower"},{"floor":43.0,"key":"Mummified Hand"},{"floor":46.0,"key":"Anchor"},{"floor":49.0,"key":"Ginger"}],"event_choices":[{"damage_healed":0.0,"max_hp_gain":0.0,"max_hp_loss":0.0,"gold_gain":150.0,"event_name":"Liars Game","player_choice":"AGREE","floor":2.0,"gold_loss":0.0,"damage_taken":0.0,"cards_obtained":["Doubt"]},{"damage_healed":0.0,"max_hp_gain":0.0,"max_hp_loss":0.0,"gold_gain":0.0,"event_name":"Upgrade Shrine","player_choice":"Upgraded","floor":3.0,"gold_loss":0.0,"damage_taken":0.0,"cards_upgraded":["Riddle With Holes"]},{"damage_healed":0.0,"max_hp_gain":0.0,"max_hp_loss":0.0,"gold_gain":0.0,"event_name":"Masked Bandits","player_choice":"Fought Bandits","floor":19.0,"gold_loss":0.0,"damage_taken":0.0},{"cards_removed":["Crippling Poison"],"damage_healed":0.0,"max_hp_gain":0.0,"max_hp_loss":0.0,"gold_gain":0.0,"event_name":"WeMeetAgain","player_choice":"Gave Card","floor":24.0,"gold_loss":0.0,"damage_taken":0.0,"relics_obtained":["Shovel"]},{"damage_healed":0.0,"max_hp_gain":0.0,"max_hp_loss":0.0,"gold_gain":0.0,"event_name":"Mysterious Sphere","player_choice":"Ignored","floor":37.0,"gold_loss":0.0,"damage_taken":0.0},{"cards_removed":["Defend_G"],"damage_healed":0.0,"max_hp_gain":0.0,"max_hp_loss":0.0,"gold_gain":0.0,"event_name":"Falling","player_choice":"Removed Skill","floor":38.0,"gold_loss":0.0,"damage_taken":0.0},{"damage_healed":0.0,"max_hp_gain":0.0,"max_hp_loss":0.0,"gold_gain":0.0,"event_name":"SensoryStone","player_choice":"Memory 1","floor":41.0,"gold_loss":0.0,"damage_taken":0.0},{"damage_healed":0.0,"max_hp_gain":0.0,"max_hp_loss":0.0,"gold_gain":0.0,"event_name":"Upgrade Shrine","player_choice":"Upgraded","floor":44.0,"gold_loss":0.0,"damage_taken":0.0,"cards_upgraded":["Footwork"]}],"is_beta":true,"boss_relics":[{"not_picked":["Lizard Tail","Philosopher\u0027s Stone"],"picked":"Tiny House"},{"not_picked":["Busted Crown","White Beast Statue"],"picked":"Astrolabe"}],"items_purged_floors":[5,21],"is_endless":false,"potions_floor_spawned":[1,11,13,18,20,47,48],"killed_by":"Time Eater","ascension_level":20}