{"gold_per_floor":[112,129,54,54,64,64,78,78,78,78,97,97,97,117,117,219,219,237,237,248,248,96,96,131,131,131,131,165,183,183,183,183,183],"floor_reached":33,"playtime":1876,"items_purged":["Strike_R","Writhe"],"score":353,"play_id":"c38a17ab-a652-4fa7-9da4-93dc1f57fce1","local_time":"20181012131541","is_ascension_mode":true,"campfire_choices":[{"data":"Armaments","floor":6,"key":"SMITH"},{"data":"Twin Strike","floor":8,"key":"SMITH"},{"data":"Bash","floor":10,"key":"SMITH"},{"data":"Spot Weakness","floor":12,"key":"SMITH"},{"data":"Strike_R","floor":15,"key":"SMITH"},{"data":"Pommel Strike","floor":23,"key":"SMITH"},{"data":"Disarm","floor":25,"key":"SMITH"},{"data":"Dark Embrace","floor":27,"key":"SMITH"},{"data":"Pommel Strike","floor":32,"key":"SMITH"}],"neow_cost":"NONE","seed_source_timestamp":214568427747667,"circlet_count":0,"master_deck":["Strike_R","Strike_R","Strike_R","Strike_R+1","Defend_R","Defend_R","Defend_R","Defend_R","Bash+1","Armaments+1","Twin Strike+1","Spot Weakness+1","Dark Embrace+1","Disarm+1","Ghostly","Ghostly","Ghostly","Ghostly","Ghostly","Uppercut","Pommel Strike+1","Thunderclap","Shame","Body Slam","Pommel Strike+1"],"relics":["Burning Blood","NeowsBlessing","Incense Burner","Matryoshka","Cursed Key","Darkstone Periapt","Regal Pillow","Ancient Tea Set","Kunai","Blood Vial"],"potions_floor_usage":[16,16,18,33],"damage_taken":[{"damage":0,"enemies":"2 Louse","floor":1,"turns":1},{"damage":0,"enemies":"Small Slimes","floor":2,"turns":1},{"damage":0,"enemies":"Cultist","floor":5,"turns":1},{"damage":2,"enemies":"Red Slaver","floor":7,"turns":5},{"damage":7,"enemies":"Looter","floor":11,"turns":3},{"damage":6,"enemies":"Exordium Thugs","floor":14,"turns":4},{"damage":15,"enemies":"Slime Boss","floor":16,"turns":10},{"damage":2,"enemies":"Chosen","floor":18,"turns":3},{"damage":6,"enemies":"Shell Parasite","floor":20,"turns":6},{"damage":10,"enemies":"Gremlin Leader","floor":24,"turns":6},{"damage":12,"enemies":"Book of Stabbing","floor":28,"turns":7},{"damage":6,"enemies":"3 Cultists","floor":29,"turns":7},{"damage":47,"enemies":"Champ","floor":33,"turns":11}],"seed_played":"-1529964031119833799","potions_obtained":[{"floor":5,"key":"Strength Potion"},{"floor":11,"key":"Poison Potion"},{"floor":14,"key":"SkillPotion"},{"floor":28,"key":"Block Potion"}],"is_trial":false,"path_per_floor":["M","M","$","?","M","R","M","R","T","R","M","R","?","M","R","B",null,"M","?","M","?","$","R","E","R","T","R","E","M","?","?","R"],"character_chosen":"IRONCLAD","items_purchased":["Pommel Strike"],"campfire_rested":0,"item_purchase_floors":[22],"current_hp_per_floor":[80,80,80,68,74,74,78,78,78,78,77,77,80,80,80,71,80,80,40,40,46,46,46,42,42,48,48,42,44,44,44,44,0],"gold":183,"neow_bonus":"THREE_ENEMY_KILL","is_prod":false,"is_daily":false,"chose_seed":false,"campfire_upgraded":9,"win_rate":0,"timestamp":1539364541,"path_taken":["M","M","$","?","?","R","M","R","T","R","M","R","?","M","R","BOSS","M","?","M","?","$","R","E","R","T","R","E","M","?","?","R","BOSS"],"build_version":"2018-10-11","purchased_purges":2,"victory":false,"max_hp_per_floor":[80,80,80,80,80,80,80,80,80,80,80,80,80,80,80,80,80,80,40,40,46,46,46,46,46,52,52,52,52,52,52,52,52],"card_choices":[{"not_picked":["Sword Boomerang","Bloodletting"],"picked":"Armaments","floor":1},{"not_picked":["Ghostly Armor","Power Through"],"picked":"Havoc","floor":2},{"not_picked":["Clash","Fire Breathing","Flex"],"picked":"SKIP","floor":5},{"not_picked":["Clash","True Grit"],"picked":"Twin Strike","floor":7},{"not_picked":["Shockwave","Thunderclap"],"picked":"Spot Weakness","floor":11},{"not_picked":["Demon Form","Heavy Blade","Anger"],"picked":"SKIP","floor":14},{"not_picked":["Feed","Exhume"],"picked":"Dark Embrace","floor":16},{"not_picked":["Spot Weakness","Dual Wield"],"picked":"Disarm","floor":18},{"not_picked":["Sword Boomerang+1","Anger"],"picked":"Uppercut","floor":20},{"not_picked":["Wild Strike","Disarm"],"picked":"Thunderclap","floor":24},{"not_picked":["Disarm","Fire Breathing+1"],"picked":"Body Slam","floor":28},{"not_picked":["Blood for Blood+1","Fire Breathing","Thunderclap"],"picked":"SKIP","floor":29}],"player_experience":275891,"relics_obtained":[{"floor":9,"key":"Matryoshka"},{"floor":24,"key":"Regal Pillow"},{"floor":26,"key":"Ancient Tea Set"},{"floor":26,"key":"Kunai"},{"floor":28,"key":"Blood Vial"}],"event_choices":[{"event_name":"Scrap Ooze","player_choice":"success","floor":4,"damage_taken":12},{"event_name":"Bonfire Elementals","player_choice":"COMMON","floor":13,"damage_taken":0},{"event_name":"Ghosts","player_choice":"Became a Ghost","floor":19,"damage_taken":0},{"event_name":"The Mausoleum","player_choice":"Yes","floor":21,"damage_taken":0},{"event_name":"The Library","player_choice":"Read","floor":30,"damage_taken":0},{"event_name":"FaceTrader","player_choice":"Leave","floor":31,"damage_taken":0}],"is_beta":false,"boss_relics":[{"not_picked":["Black Blood","Mark of Pain"],"picked":"Cursed Key"}],"items_purged_floors":[3,22],"is_endless":false,"potions_floor_spawned":[5,11,14,28],"killed_by":"Champ","ascension_level":4}