{"gold_per_floor":[218,234,245,420,520,520,545,555,581,581,607,607,619,678,678,782,782,794,794,821,841,860,860,888,888,888,888,921,931,856,875,875,875],"floor_reached":33,"playtime":2205,"items_purged":[],"score":366,"play_id":"38ca7c3a-95de-4186-a26f-1e4554c88883","local_time":"20190208101622","is_ascension_mode":true,"campfire_choices":[{"data":"Static Discharge","floor":6,"key":"SMITH"},{"floor":10,"key":"REST"},{"floor":12,"key":"REST"},{"floor":15,"key":"REST"},{"floor":23,"key":"REST"},{"floor":25,"key":"REST"},{"floor":27,"key":"RECALL"},{"floor":32,"key":"REST"}],"neow_cost":"NONE","seed_source_timestamp":594333315197829,"circlet_count":0,"master_deck":["Strike_B","Strike_B","Strike_B","Defend_B","Defend_B","Defend_B","Defend_B","Zap","Dualcast","Static Discharge+1","Sweeping Beam","Conserve Battery","Doubt","White Noise","Coolheaded","Redo","Glacier","Thunder Strike","Chaos+1","Genetic Algorithm","Steam","Sweeping Beam+1","Leap","Ball Lightning","Self Repair"],"relics":["Cracked Core","Boot","Art of War","PreservedInsect","Tiny Chest","Busted Crown","Regal Pillow","Sundial","Dead Branch"],"potions_floor_usage":[22,24,33],"damage_taken":[{"damage":1,"enemies":"Cultist","floor":1,"turns":4},{"damage":14,"enemies":"Jaw Worm","floor":2,"turns":3},{"damage":3,"enemies":"2 Louse","floor":3,"turns":3},{"damage":22,"enemies":"Lagavulin","floor":7,"turns":5},{"damage":5,"enemies":"2 Fungi Beasts","floor":8,"turns":4},{"damage":28,"enemies":"3 Sentries","floor":11,"turns":7},{"damage":17,"enemies":"3 Louse","floor":13,"turns":2},{"damage":18,"enemies":"Lagavulin","floor":14,"turns":5},{"damage":30,"enemies":"The Guardian","floor":16,"turns":18},{"damage":26,"enemies":"2 Thieves","floor":18,"turns":3},{"damage":6,"enemies":"3 Byrds","floor":21,"turns":1},{"damage":23,"enemies":"Snake Plant","floor":22,"turns":5},{"damage":38,"enemies":"Book of Stabbing","floor":24,"turns":5},{"damage":36,"enemies":"Gremlin Leader","floor":28,"turns":6},{"damage":12,"enemies":"Chosen and Byrds","floor":29,"turns":6},{"damage":8,"enemies":"Centurion and Healer","floor":31,"turns":6},{"damage":47,"enemies":"Automaton","floor":33,"turns":8}],"seed_played":"-6370754455376124806","potions_obtained":[{"floor":7,"key":"FearPotion"},{"floor":8,"key":"AttackPotion"},{"floor":14,"key":"SkillPotion"},{"floor":18,"key":"Regen Potion"},{"floor":24,"key":"FearPotion"}],"is_trial":false,"path_per_floor":["M","M","M","?","?","R","E","M","T","R","E","R","M","E","R","B",null,"M","?","T","M","M","R","E","R","T","R","E","M","?","M","R","B"],"character_chosen":"DEFECT","items_purchased":[],"campfire_rested":6,"item_purchase_floors":[],"current_hp_per_floor":[74,60,57,57,57,57,35,30,30,52,24,46,29,11,33,3,75,49,49,49,43,25,62,24,61,61,61,25,13,13,5,42,0],"gold":875,"neow_bonus":"HUNDRED_GOLD","is_prod":false,"is_daily":false,"chose_seed":false,"campfire_upgraded":1,"win_rate":0,"timestamp":1549617382,"path_taken":["M","M","M","?","?","R","E","M","T","R","E","R","?","E","R","BOSS","M","?","?","M","M","R","E","R","T","R","E","M","?","M","R","BOSS"],"build_version":"2019-01-23","purchased_purges":0,"victory":false,"max_hp_per_floor":[75,75,75,75,75,75,75,75,75,75,75,75,75,75,75,75,75,75,75,75,75,75,75,75,75,75,75,75,75,75,75,75,75],"card_choices":[{"not_picked":["Turbo","Steam"],"picked":"Static Discharge","floor":1},{"not_picked":["Go for the Eyes","Conserve Battery"],"picked":"Sweeping Beam","floor":2},{"not_picked":["Barrage","Consume"],"picked":"Conserve Battery","floor":3},{"not_picked":["Hologram","Reboot"],"picked":"White Noise","floor":7},{"not_picked":["Stack","Lockon","Blizzard"],"picked":"SKIP","floor":8},{"not_picked":["Static Discharge","Stack"],"picked":"Coolheaded","floor":11},{"not_picked":["Compile Driver","Sweeping Beam"],"picked":"Redo","floor":13},{"not_picked":["Consume","Cold Snap"],"picked":"Glacier","floor":14},{"not_picked":["Reboot","Biased Cognition"],"picked":"Thunder Strike","floor":16},{"not_picked":[],"picked":"Chaos+1","floor":18},{"not_picked":[],"picked":"Steam","floor":21},{"not_picked":[],"picked":"Sweeping Beam+1","floor":22},{"not_picked":[],"picked":"Leap","floor":24},{"not_picked":[],"picked":"Ball Lightning","floor":28},{"not_picked":["Stack"],"picked":"SKIP","floor":29},{"not_picked":[],"picked":"Self Repair","floor":31}],"player_experience":595760,"relics_obtained":[{"floor":7,"key":"Boot"},{"floor":9,"key":"Art of War"},{"floor":11,"key":"PreservedInsect"},{"floor":14,"key":"Tiny Chest"},{"floor":20,"key":"Regal Pillow"},{"floor":24,"key":"Sundial"},{"floor":28,"key":"Dead Branch"}],"event_choices":[{"damage_healed":0,"gold_gain":175,"player_choice":"AGREE","damage_taken":0,"max_hp_gain":0,"max_hp_loss":0,"event_name":"Liars Game","floor":4,"gold_loss":0,"cards_obtained":["Doubt"]},{"damage_healed":0,"gold_gain":100,"player_choice":"Pray","damage_taken":0,"max_hp_gain":0,"max_hp_loss":0,"event_name":"Golden Shrine","floor":5,"gold_loss":0},{"damage_healed":0,"gold_gain":0,"player_choice":"Read","damage_taken":0,"max_hp_gain":0,"max_hp_loss":0,"event_name":"The Library","floor":19,"gold_loss":0,"cards_obtained":["Genetic Algorithm"]},{"cards_removed":["Strike_B"],"damage_healed":0,"gold_gain":0,"player_choice":"Gave Gold","damage_taken":0,"max_hp_gain":0,"max_hp_loss":0,"event_name":"Beggar","floor":30,"gold_loss":75}],"is_beta":false,"boss_relics":[{"not_picked":["Runic Pyramid","Ectoplasm"],"picked":"Busted Crown"}],"items_purged_floors":[],"is_endless":false,"potions_floor_spawned":[7,8,14,18,24],"killed_by":"Automaton","ascension_level":4}