{"gold_per_floor":[109,29,48,48,68,68,83,83,83,96,106,122,122,148,148,221,221,231,247,86,86,97,97,123,135,158,158,158,34,44,57,57,134,134,153,22,22,33,33,33,47,57,81,116,116,40,65,83,83,83,83],"floor_reached":52,"playtime":4280,"items_purged":["Flying Knee","Writhe","Flying Knee","Dagger Spray"],"score":1872,"play_id":"fafa7a7b-08ea-4738-9dfd-353435b3dc2c","local_time":"20190202052434","is_ascension_mode":true,"campfire_choices":[{"data":"Neutralize","floor":6,"key":"SMITH"},{"floor":8,"key":"REST"},{"floor":15,"key":"REST"},{"floor":23,"key":"REST"},{"data":"Well Laid Plans","floor":27,"key":"SMITH"},{"data":"Envenom","floor":32,"key":"SMITH"},{"floor":40,"key":"REST"},{"floor":45,"key":"REST"},{"floor":49,"key":"REST"}],"neow_cost":"NONE","seed_source_timestamp":42882059914600,"circlet_count":0,"master_deck":["AscendersBane","Survivor","Backflip","Catalyst+1","Dash","After Image","Deflect+1","Prepared+1","Malaise+1","Die Die Die","Dagger Spray","Footwork+1","Well Laid Plans+1","Doppelganger+1","Skewer","Choke","Cloak And Dagger+1","Concentrate+1","Deadly Poison+1","Leg Sweep+1","Blur+1","Reflex+1","Envenom+1","Crippling Poison+1","Blade Dance+1","Night Terror+1","Acrobatics+1","Deflect+1","Backflip+1","Escape Plan+1","Cloak And Dagger+1","Cloak And Dagger+1","PiercingWail+1"],"relics":["Lizard Tail","Toxic Egg 2","War Paint","Pandora\u0027s Box","Shuriken","Blood Vial","Smiling Mask","Fusion Hammer","Lantern","Centennial Puzzle","Bag of Preparation"],"potions_floor_usage":[10,10,16,24,33,35,47,51],"damage_taken":[{"damage":2,"enemies":"Cultist","floor":1,"turns":5},{"damage":5,"enemies":"Jaw Worm","floor":3,"turns":6},{"damage":1,"enemies":"2 Louse","floor":5,"turns":3},{"damage":11,"enemies":"Lots of Slimes","floor":7,"turns":6},{"damage":19,"enemies":"Gremlin Gang","floor":10,"turns":5},{"damage":8,"enemies":"2 Fungi Beasts","floor":11,"turns":4},{"damage":0,"enemies":"Red Slaver","floor":12,"turns":3},{"damage":12,"enemies":"3 Sentries","floor":14,"turns":9},{"damage":51,"enemies":"Slime Boss","floor":16,"turns":17},{"damage":9,"enemies":"Chosen","floor":18,"turns":6},{"damage":3,"enemies":"Spheric Guardian","floor":19,"turns":3},{"damage":0,"enemies":"Chosen and Byrds","floor":22,"turns":8},{"damage":0,"enemies":"Book of Stabbing","floor":24,"turns":6},{"damage":1,"enemies":"Snecko","floor":25,"turns":8},{"damage":0,"enemies":"Centurion and Healer","floor":30,"turns":8},{"damage":2,"enemies":"Chosen and Byrds","floor":31,"turns":6},{"damage":15,"enemies":"Collector","floor":33,"turns":9},{"damage":0,"enemies":"3 Shapes","floor":35,"turns":5},{"damage":10,"enemies":"3 Darklings","floor":38,"turns":5},{"damage":5,"enemies":"4 Shapes","floor":41,"turns":10},{"damage":5,"enemies":"Transient","floor":42,"turns":6},{"damage":26,"enemies":"Nemesis","floor":44,"turns":5},{"damage":14,"enemies":"Reptomancer","floor":47,"turns":6},{"damage":15,"enemies":"Jaw Worm Horde","floor":48,"turns":5},{"damage":13,"enemies":"Awakened One","floor":50,"turns":15},{"damage":3,"enemies":"Donu and Deca","floor":51,"turns":12}],"seed_played":"4014457094483094168","potions_obtained":[{"floor":3,"key":"Swift Potion"},{"floor":5,"key":"LiquidBronze"},{"floor":14,"key":"Strength Potion"},{"floor":16,"key":"SkillPotion"},{"floor":19,"key":"GamblersBrew"},{"floor":25,"key":"Energy Potion"},{"floor":38,"key":"PowerPotion"},{"floor":44,"key":"FearPotion"}],"is_trial":false,"path_per_floor":["M","$","M","?","M","R","M","R","T","M","M","M","?","E","R","B",null,"M","M","$","?","M","R","E","M","T","R","?","$","M","M","R","B",null,"M","$","?","M","?","R","M","M","T","E","R","$","E","M","R","B","B",null],"character_chosen":"THE_SILENT","items_purchased":["Catalyst","Blur+1","Crippling Poison+1","Acrobatics+1","Deflect+1","Cloak And Dagger+1"],"campfire_rested":6,"item_purchase_floors":[2,20,29,36,36,46],"current_hp_per_floor":[57,57,52,32,31,31,20,39,39,20,12,12,12,33,52,1,50,41,38,38,38,38,57,57,56,56,56,56,56,58,58,58,45,61,63,63,63,55,55,66,61,58,58,34,53,53,41,28,47,36,35],"gold":83,"neow_bonus":"BOSS_RELIC","is_prod":false,"is_daily":false,"chose_seed":false,"campfire_upgraded":3,"win_rate":0,"timestamp":1549103074,"path_taken":["M","$","?","?","M","R","M","R","T","M","M","M","?","E","R","BOSS","M","M","$","?","M","R","E","?","T","R","?","$","M","M","R","BOSS","M","$","?","M","?","R","M","?","T","E","R","$","E","M","R","BOSS","BOSS"],"build_version":"2019-01-23","purchased_purges":4,"victory":true,"max_hp_per_floor":[66,66,66,66,66,66,66,66,66,66,66,66,66,66,66,66,66,66,66,66,66,66,66,66,66,66,66,66,66,66,66,66,66,66,66,66,66,66,66,66,66,66,66,66,66,66,66,66,66,66,66],"card_choices":[{"not_picked":["Outmaneuver","Choke"],"picked":"Backflip","floor":1},{"not_picked":["Backflip","Deflect"],"picked":"Dash","floor":3},{"not_picked":["Eviscerate","Slice"],"picked":"Flying Knee","floor":5},{"not_picked":["Blade Dance","Cloak And Dagger"],"picked":"After Image","floor":7},{"not_picked":["Outmaneuver+1","Masterful Stab"],"picked":"Deflect+1","floor":10},{"not_picked":["Skewer","Acrobatics+1"],"picked":"Dagger Spray","floor":11},{"not_picked":["Outmaneuver+1","Acrobatics+1","Tactician+1"],"picked":"SKIP","floor":12},{"not_picked":["Tools of the Trade","Concentrate+1"],"picked":"Prepared+1","floor":14},{"not_picked":["Tools of the Trade","Glass Knife"],"picked":"Malaise+1","floor":16},{"not_picked":["Sucker Punch","Prepared+1"],"picked":"Deadly Poison+1","floor":18},{"not_picked":["Quick Slash+1","Dagger Throw"],"picked":"Leg Sweep+1","floor":19},{"not_picked":["Sucker Punch","Infinite Blades"],"picked":"Reflex+1","floor":22},{"not_picked":["Predator","Riddle With Holes"],"picked":"Envenom","floor":24},{"not_picked":["Slice","Flying Knee","Deadly Poison+1"],"picked":"SKIP","floor":25},{"not_picked":["Deadly Poison+1","Finisher","Dagger Spray"],"picked":"SKIP","floor":30},{"not_picked":["Doppelganger+1","Poisoned Stab"],"picked":"Blade Dance+1","floor":31},{"not_picked":["Phantasmal Killer+1","Unload"],"picked":"Night Terror+1","floor":33},{"not_picked":["Quick Slash+1","Flechettes","Poisoned Stab"],"picked":"SKIP","floor":35},{"not_picked":["Concentrate+1","Dagger Spray"],"picked":"Backflip+1","floor":38},{"not_picked":["Distraction+1","Predator"],"picked":"Escape Plan+1","floor":41},{"not_picked":["Dagger Throw+1","Quick Slash"],"picked":"Cloak And Dagger+1","floor":42},{"not_picked":["Night Terror+1","Heel Hook+1","Flying Knee+1"],"picked":"SKIP","floor":44},{"not_picked":["Tactician+1","Backstab+1"],"picked":"PiercingWail+1","floor":47},{"not_picked":["Cloak And Dagger+1","Bane","Prepared+1"],"picked":"SKIP","floor":48}],"player_experience":1991827,"relics_obtained":[{"floor":9,"key":"Toxic Egg 2"},{"floor":14,"key":"War Paint"},{"floor":24,"key":"Shuriken"},{"floor":26,"key":"Blood Vial"},{"floor":43,"key":"Lantern"},{"floor":44,"key":"Centennial Puzzle"},{"floor":47,"key":"Bag of Preparation"}],"event_choices":[{"damage_healed":0,"gold_gain":0,"player_choice":"Entered Light","damage_taken":20,"max_hp_gain":0,"max_hp_loss":0,"event_name":"Shining Light","floor":4,"gold_loss":0,"cards_upgraded":["Defend_G","Strike_G"]},{"damage_healed":0,"gold_gain":0,"player_choice":"Searched \u00270\u0027 times","damage_taken":0,"max_hp_gain":0,"max_hp_loss":0,"event_name":"Dead Adventurer","floor":13,"gold_loss":0},{"damage_healed":0,"gold_gain":0,"player_choice":"Forge","damage_taken":0,"max_hp_gain":0,"max_hp_loss":0,"event_name":"Accursed Blacksmith","floor":21,"gold_loss":0,"cards_upgraded":["Footwork"]},{"damage_healed":0,"gold_gain":0,"player_choice":"Opened","damage_taken":0,"relics_obtained":["Smiling Mask"],"max_hp_gain":0,"max_hp_loss":0,"event_name":"The Mausoleum","floor":28,"gold_loss":0,"cards_obtained":["Writhe"]},{"cards_removed":["Neutralize"],"damage_healed":0,"gold_gain":0,"player_choice":"Removed Attack","damage_taken":0,"max_hp_gain":0,"max_hp_loss":0,"event_name":"Falling","floor":37,"gold_loss":0},{"damage_healed":0,"gold_gain":0,"player_choice":"Ignored","damage_taken":0,"max_hp_gain":0,"max_hp_loss":0,"event_name":"SecretPortal","floor":39,"gold_loss":0}],"is_beta":true,"boss_relics":[{"not_picked":["Calling Bell","HoveringKite"],"picked":"Pandora\u0027s Box"},{"not_picked":["Empty Cage","Eternal Feather"],"picked":"Fusion Hammer"}],"items_purged_floors":[20,29,36,46],"is_endless":false,"potions_floor_spawned":[3,5,7,14,16,19,25,30,38,44],"ascension_level":20}