{"gold_per_floor":[114,114,133,144,161,161,180,198,198,214,244,244,244,261,261,360,360,330,330,330,330,330,330,255,255,255,255,255,180,180,180,180,180],"floor_reached":33,"playtime":2444,"items_purged":["Defend_B"],"score":426,"play_id":"b056943f-8cde-471f-b083-072aabf5b4a3","local_time":"20190112111933","is_ascension_mode":true,"campfire_choices":[{"data":"Zap","floor":6,"key":"SMITH"},{"floor":12,"key":"REST"},{"floor":15,"key":"REST"},{"data":"Go for the Eyes","floor":23,"key":"SMITH"},{"floor":30,"key":"REST"},{"floor":32,"key":"REST"}],"neow_cost":"NONE","seed_source_timestamp":210848554747259,"circlet_count":0,"master_deck":["AscendersBane","Strike_B","Defend_B","Zap+1","Dualcast","Ball Lightning","Ball Lightning","Consume","Go for the Eyes+1","Skim","Coolheaded","Multi-Cast","Electrodynamics","Creative AI","Reinforced Body","Compile Driver","Ghostly","Ghostly","Ghostly","Ghostly","Ghostly","Coolheaded","Conserve Battery","White Noise","Leap","Ball Lightning","RitualDagger"],"relics":["Cracked Core","Tiny Chest","Ectoplasm","Red Mask","Cables","Anchor"],"potions_floor_usage":[16,16,18,19,33,33],"damage_taken":[{"damage":0,"enemies":"Small Slimes","floor":1,"turns":3},{"damage":1,"enemies":"Cultist","floor":3,"turns":3},{"damage":3,"enemies":"2 Louse","floor":4,"turns":2},{"damage":7,"enemies":"Large Slime","floor":5,"turns":4},{"damage":8,"enemies":"Looter","floor":7,"turns":2},{"damage":9,"enemies":"3 Louse","floor":8,"turns":4},{"damage":7,"enemies":"Exordium Wildlife","floor":10,"turns":3},{"damage":19,"enemies":"Large Slime","floor":14,"turns":4},{"damage":32,"enemies":"The Guardian","floor":16,"turns":9},{"damage":18,"enemies":"2 Thieves","floor":18,"turns":2},{"damage":10,"enemies":"Chosen","floor":19,"turns":4},{"damage":1,"enemies":"Masked Bandits","floor":22,"turns":5},{"damage":9,"enemies":"Slavers","floor":25,"turns":4},{"damage":3,"enemies":"3 Cultists","floor":27,"turns":5},{"damage":2,"enemies":"Sentry and Sphere","floor":28,"turns":4},{"damage":46,"enemies":"Automaton","floor":33,"turns":8}],"seed_played":"4733883221695583848","potions_obtained":[{"floor":1,"key":"Swift Potion"},{"floor":8,"key":"PowerPotion"},{"floor":14,"key":"EssenceOfSteel"},{"floor":16,"key":"SkillPotion"},{"floor":18,"key":"AttackPotion"},{"floor":22,"key":"Fire Potion"},{"floor":25,"key":"EssenceOfSteel"},{"floor":28,"key":"Ancient Potion"}],"is_trial":false,"path_per_floor":["M","?","M","M","M","R","M","M","T","M","?","R","?","M","R","B",null,"M","M","?","?","?","R","?","E","T","M","M","$","R","?","R","B"],"character_chosen":"DEFECT","items_purchased":[],"campfire_rested":4,"item_purchase_floors":[],"current_hp_per_floor":[75,75,74,71,64,64,56,47,47,40,33,57,57,38,62,30,69,51,41,41,41,40,40,40,31,31,28,26,26,38,32,41,0],"gold":180,"neow_bonus":"TEN_PERCENT_HP_BONUS","is_prod":false,"is_daily":false,"chose_seed":false,"campfire_upgraded":2,"win_rate":0,"timestamp":1547309973,"path_taken":["M","?","M","M","M","R","M","M","T","?","?","R","?","M","R","BOSS","M","M","?","?","?","R","?","E","T","?","M","$","R","?","R","BOSS"],"build_version":"2019-01-10","purchased_purges":1,"victory":false,"max_hp_per_floor":[82,82,82,82,82,82,82,82,82,82,82,82,82,82,82,82,82,82,82,41,41,41,41,41,41,41,41,41,41,41,41,41,41],"card_choices":[{"not_picked":["Doom and Gloom","Skim"],"picked":"Ball Lightning","floor":1},{"not_picked":["Steam","Force Field"],"picked":"Ball Lightning","floor":3},{"not_picked":["Auto Shields","Barrage"],"picked":"Consume","floor":4},{"not_picked":["Static Discharge","Aggregate"],"picked":"Go for the Eyes","floor":5},{"not_picked":["Melter","Chaos"],"picked":"Skim","floor":7},{"not_picked":["Chaos","Beam Cell","Turbo"],"picked":"SKIP","floor":8},{"not_picked":["Conserve Battery","Darkness"],"picked":"Coolheaded","floor":10},{"not_picked":["Auto Shields","Ball Lightning"],"picked":"Electrodynamics","floor":14},{"not_picked":["Buffer","Fission"],"picked":"Creative AI","floor":16},{"not_picked":["Recycle","Compile Driver"],"picked":"Reinforced Body","floor":18},{"not_picked":["Streamline","Melter"],"picked":"Compile Driver","floor":19},{"not_picked":["Turbo","Heatsinks"],"picked":"White Noise","floor":22},{"not_picked":["Redo+1","Streamline","Thunder Strike"],"picked":"SKIP","floor":25},{"not_picked":["Redo+1","Double Energy"],"picked":"Leap","floor":27},{"not_picked":["Aggregate+1","Hologram"],"picked":"Ball Lightning","floor":28}],"player_experience":784319,"relics_obtained":[{"floor":22,"key":"Red Mask"},{"floor":25,"key":"Cables"},{"floor":26,"key":"Anchor"}],"event_choices":[{"cards_removed":["Strike_B"],"damage_healed":0,"gold_gain":0,"player_choice":"Purged","damage_taken":0,"max_hp_gain":0,"max_hp_loss":0,"event_name":"Purifier","floor":2,"gold_loss":0},{"damage_healed":0,"gold_gain":0,"player_choice":"Success","damage_taken":7,"relics_obtained":["Tiny Chest"],"max_hp_gain":0,"max_hp_loss":0,"event_name":"Scrap Ooze","floor":11,"gold_loss":0},{"damage_healed":0,"gold_gain":0,"cards_transformed":["Strike_B"],"player_choice":"Change","damage_taken":0,"max_hp_gain":0,"max_hp_loss":0,"event_name":"Living Wall","floor":13,"gold_loss":0,"cards_obtained":["Multi-Cast"]},{"damage_healed":0,"gold_gain":0,"player_choice":"Became a Ghost","damage_taken":0,"max_hp_gain":0,"max_hp_loss":41,"event_name":"Ghosts","floor":20,"gold_loss":0,"cards_obtained":["Ghostly","Ghostly","Ghostly","Ghostly","Ghostly"]},{"damage_healed":0,"gold_gain":0,"cards_transformed":["Defend_B","Defend_B"],"player_choice":"Became Test Subject","damage_taken":0,"max_hp_gain":0,"max_hp_loss":0,"event_name":"Drug Dealer","floor":21,"gold_loss":0,"cards_obtained":["Coolheaded","Conserve Battery"]},{"damage_healed":0,"gold_gain":0,"player_choice":"Fought Bandits","damage_taken":0,"max_hp_gain":0,"max_hp_loss":0,"event_name":"Masked Bandits","floor":22,"gold_loss":0},{"cards_removed":["Strike_B"],"damage_healed":0,"gold_gain":0,"player_choice":"Gave Gold","damage_taken":0,"max_hp_gain":0,"max_hp_loss":0,"event_name":"Beggar","floor":24,"gold_loss":75},{"damage_healed":0,"gold_gain":0,"player_choice":"Joined the Cult","damage_taken":6,"max_hp_gain":0,"max_hp_loss":0,"event_name":"Nest","floor":31,"gold_loss":0,"cards_obtained":["RitualDagger"]}],"is_beta":false,"boss_relics":[{"not_picked":["Lizard Tail","Empty Cage"],"picked":"Ectoplasm"}],"items_purged_floors":[29],"is_endless":false,"potions_floor_spawned":[1,8,10,14,16,18,22,25,28],"killed_by":"Automaton","ascension_level":11}