{"gold_per_floor":[110,110,385,162,174,208,208,241,266,266,266,9,9,20,20,119,119,132,132,57,57,57,57,71,101,101,131,11,11,44,44,44,148,148,159,174,174,174,34,69,96,96,96,109,109,109,120,149,149,149],"floor_reached":50,"playtime":2823,"items_purged":["Regret","Strike_B","Strike_B"],"score":785,"play_id":"b4eb5aa3-d384-4b7d-9a6c-97b934595506","local_time":"20190121133949","is_ascension_mode":true,"campfire_choices":[{"data":"Zap","floor":7,"key":"SMITH"},{"data":"Dualcast","floor":10,"key":"SMITH"},{"data":"Genetic Algorithm","floor":15,"key":"SMITH"},{"floor":23,"key":"REST"},{"floor":29,"key":"REST"},{"floor":32,"key":"REST"},{"data":"Apotheosis","floor":42,"key":"SMITH"},{"data":"White Noise","floor":46,"key":"SMITH"},{"floor":49,"key":"REST"}],"neow_cost":"NONE","seed_source_timestamp":1092074071435276,"circlet_count":0,"master_deck":["Defend_B","Defend_B","Defend_B","Defend_B","Zap+1","Dualcast+1","Ball Lightning","Coolheaded","Core Surge","Leap","Echo Form","Genetic Algorithm+1","Buffer","Streamline","RitualDagger","Glacier+1","Fission","Conserve Battery+1","Sweeping Beam","Barrage+1","Electrodynamics","Defragment","Beam Cell","PanicButton","Apotheosis+1","Double Energy+1","White Noise+1","Fusion+1","Consume"],"relics":["Cracked Core","NeowsBlessing","Tiny Chest","Ancient Tea Set","Turnip","Bronze Scales","Anchor","The Courier","Inserter","Enchiridion","Oddly Smooth Stone","Cables","Ornamental Fan","Smiling Mask","DataDisk","Runic Dome","Boot","Symbiotic Virus","Orichalcum"],"potions_floor_usage":[8,18,25,30,33,36,36,40,47,50],"damage_taken":[{"damage":0,"enemies":"Jaw Worm","floor":1,"turns":1},{"damage":0,"enemies":"Small Slimes","floor":5,"turns":1},{"damage":0,"enemies":"3 Sentries","floor":6,"turns":1},{"damage":11,"enemies":"Lagavulin","floor":8,"turns":5},{"damage":0,"enemies":"Cultist","floor":14,"turns":2},{"damage":22,"enemies":"Slime Boss","floor":16,"turns":8},{"damage":10,"enemies":"3 Byrds","floor":18,"turns":3},{"damage":2,"enemies":"2 Thieves","floor":24,"turns":4},{"damage":4,"enemies":"Book of Stabbing","floor":25,"turns":6},{"damage":22,"enemies":"Gremlin Leader","floor":27,"turns":7},{"damage":15,"enemies":"Slavers","floor":30,"turns":5},{"damage":38,"enemies":"Collector","floor":33,"turns":9},{"damage":31,"enemies":"3 Darklings","floor":35,"turns":3},{"damage":0,"enemies":"Orb Walker","floor":36,"turns":4},{"damage":0,"enemies":"Giant Head","floor":40,"turns":7},{"damage":5,"enemies":"Sphere and 2 Shapes","floor":44,"turns":4},{"damage":11,"enemies":"Maw","floor":47,"turns":7},{"damage":21,"enemies":"Reptomancer","floor":48,"turns":5},{"damage":60,"enemies":"Awakened One","floor":50,"turns":4}],"seed_played":"2975312305956605510","potions_obtained":[{"floor":5,"key":"AttackPotion"},{"floor":8,"key":"FearPotion"},{"floor":16,"key":"SkillPotion"},{"floor":18,"key":"PowerPotion"},{"floor":27,"key":"Block Potion"},{"floor":33,"key":"Weak Potion"},{"floor":35,"key":"EntropicBrew"},{"floor":40,"key":"FearPotion"},{"floor":48,"key":"FearPotion"}],"is_trial":false,"path_per_floor":["M","?","?","$","M","E","R","E","T","R","?","$","T","M","R","B",null,"M","?","?","?","?","R","M","E","T","E","$","R","E","T","R","B",null,"M","M","?","?","$","E","T","R","T","M","?","R","M","E","R","B"],"character_chosen":"DEFECT","items_purchased":["Tiny Chest","Coolheaded","Anchor","Sweeping Beam","Apotheosis"],"campfire_rested":4,"item_purchase_floors":[4,4,12,28,39],"current_hp_per_floor":[75,68,68,68,68,68,68,57,57,57,50,50,50,50,50,28,63,53,53,53,37,31,53,51,47,47,25,25,47,32,32,54,16,60,29,29,29,66,66,66,66,66,66,61,61,61,50,29,47,0],"gold":149,"neow_bonus":"THREE_ENEMY_KILL","is_prod":false,"is_daily":false,"chose_seed":false,"campfire_upgraded":5,"win_rate":0,"timestamp":1548095989,"path_taken":["M","?","?","$","?","E","R","E","T","R","?","?","?","M","R","BOSS","M","?","?","?","?","R","M","E","T","E","$","R","E","?","R","BOSS","M","M","?","?","?","E","?","R","T","M","?","R","M","E","R","BOSS"],"build_version":"2019-01-17v2","purchased_purges":3,"victory":false,"max_hp_per_floor":[75,75,75,75,75,75,75,75,75,75,75,75,75,75,75,75,75,75,75,75,75,75,75,75,75,75,75,75,75,75,75,75,75,75,75,75,75,66,66,66,66,66,66,66,63,63,63,63,63,63],"card_choices":[{"not_picked":["Redo","Beam Cell"],"picked":"Ball Lightning","floor":1},{"not_picked":["Chaos","Static Discharge"],"picked":"Core Surge","floor":5},{"not_picked":["Storm","Scrape"],"picked":"Leap","floor":6},{"not_picked":["Static Discharge","Tempest"],"picked":"Echo Form","floor":8},{"not_picked":["Conserve Battery","Rebound"],"picked":"Genetic Algorithm","floor":14},{"not_picked":["All For One","Seek"],"picked":"Buffer","floor":16},{"not_picked":["Sweeping Beam","Compile Driver"],"picked":"Streamline","floor":18},{"not_picked":["Redo","Sweeping Beam"],"picked":"Glacier+1","floor":24},{"not_picked":["Doom and Gloom","Rip and Tear"],"picked":"Fission","floor":25},{"not_picked":["Coolheaded","FTL"],"picked":"Conserve Battery+1","floor":27},{"not_picked":["Blizzard","Chill"],"picked":"Barrage+1","floor":30},{"not_picked":["Hyperbeam","Multi-Cast"],"picked":"Electrodynamics","floor":33},{"not_picked":["Cold Snap+1","Leap"],"picked":"Defragment","floor":35},{"not_picked":["Chaos","Steam Power+1"],"picked":"Beam Cell","floor":36},{"not_picked":["Good Instincts","Purity"],"picked":"PanicButton","floor":37},{"not_picked":["Recycle","Sunder+1"],"picked":"Double Energy+1","floor":40},{"not_picked":["Rip and Tear","Hologram"],"picked":"White Noise","floor":44},{"not_picked":["Redo+1","Ball Lightning+1"],"picked":"Fusion+1","floor":47},{"not_picked":["Cold Snap+1","Fusion"],"picked":"Consume","floor":48}],"player_experience":274048,"relics_obtained":[{"floor":6,"key":"Ancient Tea Set"},{"floor":8,"key":"Turnip"},{"floor":9,"key":"Bronze Scales"},{"floor":13,"key":"The Courier"},{"floor":21,"key":"Enchiridion"},{"floor":25,"key":"Oddly Smooth Stone"},{"floor":26,"key":"Cables"},{"floor":27,"key":"Ornamental Fan"},{"floor":30,"key":"Smiling Mask"},{"floor":31,"key":"DataDisk"},{"floor":40,"key":"Boot"},{"floor":43,"key":"Symbiotic Virus"},{"floor":48,"key":"Orichalcum"}],"event_choices":[{"cards_removed":["Strike_B"],"damage_healed":0,"gold_gain":0,"player_choice":"Card Removal","damage_taken":7,"max_hp_gain":0,"max_hp_loss":0,"event_name":"Golden Wing","floor":2,"gold_loss":0},{"damage_healed":0,"gold_gain":275,"player_choice":"Desecrate","damage_taken":0,"max_hp_gain":0,"max_hp_loss":0,"event_name":"Golden Shrine","floor":3,"gold_loss":0,"cards_obtained":["Regret"]},{"damage_healed":0,"gold_gain":0,"player_choice":"Damaged","damage_taken":7,"max_hp_gain":0,"max_hp_loss":0,"event_name":"Wheel of Change","floor":11,"gold_loss":0},{"damage_healed":0,"gold_gain":0,"player_choice":"Ignored","damage_taken":0,"max_hp_gain":0,"max_hp_loss":0,"event_name":"Ghosts","floor":19,"gold_loss":0},{"cards_removed":["Strike_B"],"damage_healed":0,"gold_gain":0,"player_choice":"Gave Gold","damage_taken":0,"max_hp_gain":0,"max_hp_loss":0,"event_name":"Beggar","floor":20,"gold_loss":75},{"damage_healed":0,"gold_gain":0,"player_choice":"Obtained Book","damage_taken":16,"max_hp_gain":0,"max_hp_loss":0,"event_name":"Cursed Tome","floor":21,"gold_loss":0},{"damage_healed":0,"gold_gain":0,"player_choice":"Joined the Cult","damage_taken":6,"max_hp_gain":0,"max_hp_loss":0,"event_name":"Nest","floor":22,"gold_loss":0,"cards_obtained":["RitualDagger"]},{"damage_healed":0,"gold_gain":0,"player_choice":"Memory 1","damage_taken":0,"max_hp_gain":0,"max_hp_loss":0,"event_name":"SensoryStone","floor":37,"gold_loss":0},{"damage_healed":66,"gold_gain":0,"player_choice":"Heal","damage_taken":0,"max_hp_gain":0,"max_hp_loss":9,"event_name":"The Moai Head","floor":38,"gold_loss":0},{"damage_healed":0,"gold_gain":0,"player_choice":"Max HP","damage_taken":0,"max_hp_gain":0,"max_hp_loss":3,"event_name":"Winding Halls","floor":45,"gold_loss":0}],"is_beta":false,"boss_relics":[{"not_picked":["Empty Cage","Runic Pyramid"],"picked":"Inserter"},{"not_picked":["Velvet Choker","Snecko Eye"],"picked":"Runic Dome"}],"items_purged_floors":[4,12,28],"is_endless":false,"potions_floor_spawned":[5,8,16,18,27,33,35,40,48],"killed_by":"Awakened One","ascension_level":5}