{"gold_per_floor":[118,118,131,141,152,185,202,202,248,100,117,136,61,85,85,85],"floor_reached":16,"playtime":676,"items_purged":["Strike_R"],"score":104,"play_id":"f1d1b35e-7abf-40fa-9ebb-d381c6853017","local_time":"20190105234840","is_ascension_mode":false,"campfire_choices":[{"data":"Rupture","floor":8,"key":"SMITH"},{"floor":15,"key":"REST"}],"neow_cost":"NONE","seed_source_timestamp":419178748581110,"circlet_count":0,"master_deck":["Strike_R","Strike_R","Strike_R","Strike_R","Defend_R","Defend_R","Defend_R","Defend_R","Bash","Heavy Blade","Dropkick","Cleave","Body Slam","Rupture+1","Rampage"],"relics":["Burning Blood","NeowsBlessing","Pantograph","Strawberry","Anchor","Odd Mushroom"],"potions_floor_usage":[],"damage_taken":[{"damage":0,"enemies":"Small Slimes","floor":1,"turns":1},{"damage":0,"enemies":"Cultist","floor":3,"turns":1},{"damage":0,"enemies":"2 Louse","floor":4,"turns":1},{"damage":7,"enemies":"Exordium Wildlife","floor":5,"turns":4},{"damage":27,"enemies":"Gremlin Nob","floor":6,"turns":4},{"damage":20,"enemies":"Looter","floor":7,"turns":3},{"damage":14,"enemies":"Exordium Thugs","floor":11,"turns":5},{"damage":6,"enemies":"Red Slaver","floor":12,"turns":5},{"damage":35,"enemies":"The Mushroom Lair","floor":14,"turns":6},{"damage":66,"enemies":"Slime Boss","floor":16,"turns":8}],"seed_played":"7889819129297581097","potions_obtained":[{"floor":3,"key":"Dexterity Potion"},{"floor":4,"key":"SpeedPotion"},{"floor":5,"key":"EssenceOfSteel"}],"is_trial":false,"path_per_floor":["M","?","M","M","M","E","M","R","T","$","M","M","$","?","R","B"],"character_chosen":"IRONCLAD","items_purchased":["Anchor"],"campfire_rested":1,"item_purchase_floors":[10],"current_hp_per_floor":[80,80,80,80,79,58,44,44,51,51,43,43,43,14,40,0],"gold":85,"neow_bonus":"THREE_ENEMY_KILL","is_prod":false,"is_daily":false,"chose_seed":false,"campfire_upgraded":1,"win_rate":0.0,"timestamp":1546728520,"path_taken":["M","?","?","M","M","E","M","R","T","$","M","M","$","?","R","BOSS"],"build_version":"2019-01-03v4","purchased_purges":1,"victory":false,"max_hp_per_floor":[80,80,80,80,80,80,80,80,87,87,87,87,87,87,87,87],"card_choices":[{"not_picked":["Havoc","Power Through"],"picked":"Heavy Blade","floor":1},{"not_picked":["Dual Wield","Flame Barrier"],"picked":"Dropkick","floor":3},{"not_picked":["Perfected Strike","Fire Breathing"],"picked":"Cleave","floor":4},{"not_picked":["Anger","Pommel Strike","Battle Trance"],"picked":"SKIP","floor":5},{"not_picked":["Shrug It Off","Pommel Strike"],"picked":"Body Slam","floor":6},{"not_picked":["Shrug It Off","Flame Barrier"],"picked":"Rupture","floor":7},{"not_picked":["Body Slam","Corruption","Iron Wave"],"picked":"SKIP","floor":11},{"not_picked":["Pummel","Sentinel","Shrug It Off"],"picked":"SKIP","floor":12},{"not_picked":["Warcry","Inflame"],"picked":"Rampage","floor":14}],"player_experience":99513,"relics_obtained":[{"floor":6,"key":"Pantograph"},{"floor":9,"key":"Strawberry"},{"floor":14,"key":"Odd Mushroom"}],"event_choices":[{"damage_healed":0,"gold_gain":0,"player_choice":"0 cards matched","damage_taken":0,"max_hp_gain":0,"max_hp_loss":0,"event_name":"Match and Keep!","floor":2,"gold_loss":0,"cards_obtained":[]},{"damage_healed":0,"gold_gain":0,"player_choice":"Fought Mushrooms","damage_taken":0,"max_hp_gain":0,"max_hp_loss":0,"event_name":"Mushrooms","floor":14,"gold_loss":0}],"is_beta":false,"boss_relics":[],"items_purged_floors":[13],"is_endless":false,"potions_floor_spawned":[3,4,5,7,11],"killed_by":"Slime Boss","ascension_level":0}