{"gold_per_floor":[116,192,80,91,108,108,142,142,142,142,67,92,36,36,36,115,115,115,115,115,115,115,115,115,115,115,115,115,115,115,34,34,34,34,34,34,34,34,34,34,34,34,34,34,34,34,34,34,34,34,34],"floor_reached":52,"playtime":3791,"items_purged":["Strike_G"],"score":1908,"play_id":"70248559-e35f-49aa-b7fc-87c3d7889ec2","local_time":"20181129221541","is_ascension_mode":true,"campfire_choices":[{"data":"Poisoned Stab","floor":6,"key":"SMITH"},{"data":"Neutralize","floor":8,"key":"SMITH"},{"data":"Malaise","floor":10,"key":"SMITH"},{"floor":15,"key":"REST"},{"data":"Well Laid Plans","floor":23,"key":"SMITH"},{"data":"Blade Dance","floor":30,"key":"SMITH"},{"data":"Noxious Fumes","floor":32,"key":"SMITH"},{"floor":41,"key":"REST"},{"data":"Cloak And Dagger","floor":44,"key":"SMITH"},{"data":"Dash","floor":47,"key":"SMITH"},{"floor":49,"key":"REST"}],"neow_cost":"NONE","seed_source_timestamp":40228763519000,"circlet_count":0,"master_deck":["AscendersBane","Defend_G","Defend_G","Defend_G","Defend_G","Survivor","Neutralize+1","Quick Slash+1","Dodge and Roll+1","Leg Sweep+1","Backstab","Dash+1","Poisoned Stab+1","Dagger Throw","Malaise+1","Well Laid Plans+1","Die Die Die","Deadly Poison+1","Dash+1","Leg Sweep","Blade Dance+1","Noxious Fumes+1","After Image","Finisher+1","Predator+1","Cloak And Dagger+1","Predator","Cloak And Dagger+1","Underhanded Strike+1","Apotheosis","Master of Strategy"],"relics":["Astrolabe","Pear","Gremlin Horn","Turnip","Mummified Hand","Ectoplasm","Shuriken","Oddly Smooth Stone","WingedGreaves","Snecko Eye","Centennial Puzzle","Juzu Bracelet","The Courier","Incense Burner"],"potions_floor_usage":[16,16,25,27,29,39,39,42,50,51],"damage_taken":[{"damage":0,"enemies":"Cultist","floor":1,"turns":5},{"damage":0,"enemies":"Jaw Worm","floor":4,"turns":4},{"damage":0,"enemies":"2 Louse","floor":5,"turns":2},{"damage":27,"enemies":"Gremlin Nob","floor":7,"turns":5},{"damage":6,"enemies":"Lagavulin","floor":12,"turns":6},{"damage":5,"enemies":"Slime Boss","floor":16,"turns":10},{"damage":0,"enemies":"3 Byrds","floor":18,"turns":5},{"damage":0,"enemies":"Chosen","floor":19,"turns":5},{"damage":0,"enemies":"Centurion and Healer","floor":21,"turns":8},{"damage":0,"enemies":"3 Cultists","floor":22,"turns":5},{"damage":1,"enemies":"Chosen and Byrds","floor":24,"turns":6},{"damage":0,"enemies":"Gremlin Leader","floor":25,"turns":6},{"damage":0,"enemies":"Snecko","floor":27,"turns":6},{"damage":13,"enemies":"Slavers","floor":29,"turns":6},{"damage":20,"enemies":"Automaton","floor":33,"turns":11},{"damage":9,"enemies":"Orb Walker","floor":35,"turns":4},{"damage":0,"enemies":"3 Shapes","floor":37,"turns":3},{"damage":8,"enemies":"Transient","floor":39,"turns":6},{"damage":27,"enemies":"Nemesis","floor":40,"turns":7},{"damage":0,"enemies":"Reptomancer","floor":42,"turns":6},{"damage":0,"enemies":"Mind Bloom Boss Battle","floor":45,"turns":5},{"damage":25,"enemies":"Donu and Deca","floor":50,"turns":9},{"damage":12,"enemies":"Awakened One","floor":51,"turns":10}],"seed_played":"2393807855650695185","potions_obtained":[{"floor":1,"key":"SneckoOil"},{"floor":12,"key":"Fire Potion"},{"floor":21,"key":"Ancient Potion"},{"floor":22,"key":"AttackPotion"},{"floor":25,"key":"Explosive Potion"},{"floor":27,"key":"Fruit Juice"},{"floor":33,"key":"Dexterity Potion"},{"floor":35,"key":"EntropicBrew"},{"floor":37,"key":"Regen Potion"},{"floor":40,"key":"SkillPotion"},{"floor":45,"key":"PowerPotion"}],"is_trial":false,"path_per_floor":["M","T","$","M","M","R","E","R","T","R","?","E","$","?","R","B",null,"M","M","?","M","M","R","M","E","T","M","?","E","R","$","R","B",null,"M","?","M","?","M","E","R","E","T","R","?","?","R","?","R","B","B",null],"character_chosen":"THE_SILENT","items_purchased":["Dash","Strength Potion","Noxious Fumes"],"campfire_rested":3,"item_purchase_floors":[3,13,31],"current_hp_per_floor":[59,69,69,69,69,69,42,42,42,42,42,36,36,36,58,53,70,70,70,70,70,70,70,69,69,69,74,74,61,61,61,61,41,71,62,62,62,62,69,42,65,65,65,65,65,55,55,55,77,52,40],"gold":34,"neow_bonus":"BOSS_RELIC","is_prod":false,"is_daily":false,"chose_seed":false,"campfire_upgraded":8,"win_rate":0,"timestamp":1543547741,"path_taken":["M","?","$","M","?","R","E","R","T","R","?","E","$","?","R","BOSS","M","?","?","M","?","R","M","E","T","M","?","E","R","$","R","BOSS","M","?","M","?","M","E","R","E","T","R","?","?","R","?","R","BOSS","BOSS"],"build_version":"2018-11-15","purchased_purges":1,"victory":true,"max_hp_per_floor":[66,76,76,76,76,76,76,76,76,76,76,76,76,76,76,76,76,76,76,76,76,76,76,76,76,76,81,81,81,81,81,81,81,81,81,81,81,77,77,77,77,77,77,77,77,77,77,77,77,77,77],"card_choices":[{"not_picked":["Deadly Poison","PiercingWail"],"picked":"Backstab","floor":1},{"not_picked":["Slice","Underhanded Strike"],"picked":"Poisoned Stab","floor":4},{"not_picked":["PiercingWail","Dodge and Roll"],"picked":"Dagger Throw","floor":5},{"not_picked":["Noxious Fumes","Backstab"],"picked":"Malaise","floor":7},{"not_picked":["Blade Dance","Acrobatics"],"picked":"Well Laid Plans","floor":12},{"not_picked":["Grand Finale","Doppelganger"],"picked":"Die Die Die","floor":16},{"not_picked":["Flying Knee","Terror"],"picked":"Deadly Poison+1","floor":18},{"not_picked":["Well Laid Plans","Dagger Throw"],"picked":"Escape Plan","floor":19},{"not_picked":["Dagger Spray","Dagger Throw"],"picked":"Dash+1","floor":21},{"not_picked":["Distraction","Quick Slash","Bane"],"picked":"SKIP","floor":22},{"not_picked":["Distraction","Quick Slash","Bane"],"picked":"SKIP","floor":22},{"not_picked":["Poisoned Stab","Sucker Punch","Outmaneuver"],"picked":"SKIP","floor":24},{"not_picked":["Masterful Stab","Deflect","Finisher"],"picked":"SKIP","floor":25},{"not_picked":["Slice","Caltrops"],"picked":"Leg Sweep","floor":27},{"not_picked":["Tools of the Trade","Acrobatics"],"picked":"Blade Dance","floor":29},{"not_picked":["Bullet Time","Glass Knife"],"picked":"After Image","floor":33},{"not_picked":["Quick Slash","Bane"],"picked":"Finisher+1","floor":35},{"not_picked":["Bane","Deflect+1"],"picked":"Predator+1","floor":37},{"not_picked":["Deadly Poison","Dodge and Roll"],"picked":"Cloak And Dagger+1","floor":39},{"not_picked":["Finisher+1","Burst"],"picked":"Predator","floor":40},{"not_picked":["Sucker Punch","Deadly Poison"],"picked":"Cloak And Dagger","floor":42},{"not_picked":["Distraction","Dodge and Roll+1"],"picked":"Underhanded Strike+1","floor":45},{"not_picked":["Flash of Steel","Secret Weapon"],"picked":"Apotheosis","floor":46},{"not_picked":["Panache","Flash of Steel"],"picked":"Master of Strategy","floor":46}],"player_experience":1717360,"relics_obtained":[{"floor":2,"key":"Pear"},{"floor":7,"key":"Gremlin Horn"},{"floor":9,"key":"Turnip"},{"floor":12,"key":"Mummified Hand"},{"floor":25,"key":"Shuriken"},{"floor":26,"key":"Oddly Smooth Stone"},{"floor":29,"key":"WingedGreaves"},{"floor":40,"key":"Centennial Puzzle"},{"floor":42,"key":"Juzu Bracelet"},{"floor":43,"key":"The Courier"},{"floor":45,"key":"Incense Burner"}],"event_choices":[{"cards_removed":["Strike_G"],"damage_healed":0,"gold_gain":0,"player_choice":"Card Removal","damage_taken":0,"max_hp_gain":0,"max_hp_loss":0,"event_name":"The Cleric","floor":11,"gold_loss":75},{"cards_removed":["Defend_G"],"damage_healed":0,"gold_gain":0,"player_choice":"Offered Basic","damage_taken":0,"max_hp_gain":0,"max_hp_loss":0,"event_name":"Bonfire Elementals","floor":14,"gold_loss":0},{"damage_healed":0,"gold_gain":0,"player_choice":"Leave","damage_taken":0,"max_hp_gain":0,"max_hp_loss":0,"event_name":"FaceTrader","floor":20,"gold_loss":0},{"damage_healed":0,"gold_gain":0,"player_choice":"Ignored","damage_taken":0,"max_hp_gain":0,"max_hp_loss":0,"event_name":"Vampires","floor":28,"gold_loss":0},{"cards_removed":["Escape Plan"],"damage_healed":0,"gold_gain":0,"player_choice":"Removed Skill","damage_taken":0,"max_hp_gain":0,"max_hp_loss":0,"event_name":"Falling","floor":36,"gold_loss":0},{"damage_healed":0,"gold_gain":0,"player_choice":"Max HP","damage_taken":0,"max_hp_gain":0,"max_hp_loss":4,"event_name":"Winding Halls","floor":38,"gold_loss":0},{"damage_healed":0,"gold_gain":0,"player_choice":"Fight","damage_taken":0,"max_hp_gain":0,"max_hp_loss":0,"event_name":"MindBloom","floor":45,"gold_loss":0},{"damage_healed":0,"gold_gain":0,"player_choice":"Memory 3","damage_taken":10,"max_hp_gain":0,"max_hp_loss":0,"event_name":"SensoryStone","floor":46,"gold_loss":0},{"damage_healed":0,"gold_gain":0,"player_choice":"Ignored","damage_taken":0,"max_hp_gain":0,"max_hp_loss":0,"event_name":"SecretPortal","floor":48,"gold_loss":0}],"is_beta":true,"boss_relics":[{"not_picked":["Orrery","Calling Bell"],"picked":"Ectoplasm"},{"not_picked":["White Beast Statue","Cursed Key"],"picked":"Snecko Eye"}],"items_purged_floors":[3],"is_endless":false,"potions_floor_spawned":[1,12,21,22,24,25,27,33,35,37,40,45],"ascension_level":20}