{"gold_per_floor":[113,38,38,55,72,72,107,107,107,117,117,117,17,36,36,36],"floor_reached":16,"playtime":682,"items_purged":["Strike_R","Strike_R"],"score":105,"play_id":"6b5725d2-71a0-4802-ba0c-f22eed230b69","local_time":"20190105193712","is_ascension_mode":true,"campfire_choices":[{"data":"Armaments","floor":6,"key":"SMITH"},{"data":"Searing Blow","floor":8,"key":"SMITH"},{"data":"Searing Blow+1","floor":15,"key":"SMITH"}],"neow_cost":"NONE","seed_source_timestamp":929741107655421,"circlet_count":0,"master_deck":["Strike_R","Strike_R","Defend_R","Defend_R","Defend_R","Defend_R","Armaments+1","Searing Blow+2"],"relics":["Burning Blood","Potion Belt","Shovel","Shuriken","Paper Frog"],"potions_floor_usage":[7,14],"damage_taken":[{"damage":7,"enemies":"2 Louse","floor":1,"turns":2},{"damage":1,"enemies":"Cultist","floor":4,"turns":3},{"damage":2,"enemies":"Small Slimes","floor":5,"turns":5},{"damage":16,"enemies":"Lagavulin","floor":7,"turns":7},{"damage":11,"enemies":"Exordium Wildlife","floor":10,"turns":3},{"damage":6,"enemies":"Lots of Slimes","floor":14,"turns":5},{"damage":64,"enemies":"Slime Boss","floor":16,"turns":12}],"seed_played":"3918700722099260925","potions_obtained":[{"floor":4,"key":"SmokeBomb"},{"floor":5,"key":"Weak Potion"},{"floor":10,"key":"Fire Potion"}],"is_trial":false,"path_per_floor":["M","$","?","M","M","R","E","R","T","M","?","?","$","M","R","B"],"character_chosen":"IRONCLAD","items_purchased":[],"campfire_rested":0,"item_purchase_floors":[],"current_hp_per_floor":[79,79,79,80,80,80,70,70,70,65,65,58,58,58,58,0],"gold":36,"neow_bonus":"RANDOM_COMMON_RELIC","is_prod":false,"is_daily":false,"chose_seed":false,"campfire_upgraded":3,"win_rate":0,"timestamp":1546735032,"path_taken":["M","$","?","M","?","R","E","R","T","M","?","?","?","?","R","BOSS"],"build_version":"2019-01-03v4","purchased_purges":2,"victory":false,"max_hp_per_floor":[80,80,80,80,80,80,80,80,80,80,80,80,80,80,80,80],"card_choices":[{"not_picked":["Wild Strike","Evolve"],"picked":"Armaments","floor":1},{"not_picked":["Battle Trance","Sentinel","Fire Breathing"],"picked":"SKIP","floor":4},{"not_picked":["Combust","Seeing Red","Cleave"],"picked":"SKIP","floor":5},{"not_picked":["Blood for Blood","Warcry","Clash"],"picked":"SKIP","floor":7},{"not_picked":["Anger","Havoc","Clash"],"picked":"SKIP","floor":10},{"not_picked":["Sentinel","Clothesline","Flame Barrier"],"picked":"SKIP","floor":14}],"player_experience":759720,"relics_obtained":[{"floor":7,"key":"Shovel"},{"floor":9,"key":"Shuriken"}],"event_choices":[{"damage_healed":0,"gold_gain":0,"cards_transformed":["Strike_R"],"player_choice":"Transformed","damage_taken":0,"max_hp_gain":0,"max_hp_loss":0,"event_name":"Transmorgrifier","floor":3,"gold_loss":0,"cards_obtained":["Searing Blow"]},{"damage_healed":0,"gold_gain":0,"player_choice":"Searched \u00271\u0027 times","damage_taken":0,"relics_obtained":["Paper Frog"],"max_hp_gain":0,"max_hp_loss":0,"event_name":"Dead Adventurer","floor":11,"gold_loss":0},{"cards_removed":["Bash"],"damage_healed":0,"gold_gain":0,"player_choice":"Card Removal","damage_taken":7,"max_hp_gain":0,"max_hp_loss":0,"event_name":"Golden Wing","floor":12,"gold_loss":0}],"is_beta":false,"boss_relics":[],"items_purged_floors":[2,13],"is_endless":false,"potions_floor_spawned":[4,5,10],"killed_by":"Slime Boss","ascension_level":1}