{"gold_per_floor":[113,63,75,75,75,75,88,88,88,104,104,29,29,41,41,144,144,158,24,24,40,51,51,51,51,128,3,3,22,39,59,59,154,154,170,170,225,145,0,0,0],"floor_reached":41,"playtime":1879,"items_purged":["Regret","Strike_R","Strike_R"],"score":404,"play_id":"adf65975-7ac0-40f2-a092-7ceecf0f2be3","local_time":"20180910210626","is_ascension_mode":false,"campfire_choices":[{"data":"Barricade","floor":6,"key":"SMITH"},{"data":"Rage","floor":11,"key":"SMITH"},{"data":"Spot Weakness","floor":13,"key":"SMITH"},{"data":"Sword Boomerang","floor":15,"key":"SMITH"},{"data":"Impervious","floor":23,"key":"SMITH"},{"data":"Inflame","floor":25,"key":"SMITH"},{"floor":32,"key":"REST"},{"floor":40,"key":"REST"}],"neow_cost":"TEN_PERCENT_HP_LOSS","seed_source_timestamp":86634298412647,"circlet_count":0,"master_deck":["Strike_R+1","Defend_R","Defend_R","Defend_R+1","Defend_R","Bash","Barricade+1","Rage+1","Spot Weakness+1","Sword Boomerang+1","Warcry","Impervious+1","Inflame+1","Sword Boomerang+1","Heavy Blade+1","Shrug It Off","Limit Break","Shrug It Off","Madness","Madness","Seeing Red"],"relics":["Burning Blood","Lantern","Singing Bowl","Lizard Tail","Art of War","Question Card","Runic Dome","Turnip","Red Mask"],"potions_floor_usage":[37,37],"damage_taken":[{"damage":5,"enemies":"Small Slimes","floor":1,"turns":4},{"damage":2,"enemies":"2 Louse","floor":3,"turns":5},{"damage":11,"enemies":"Cultist","floor":7,"turns":4},{"damage":5,"enemies":"Blue Slaver","floor":10,"turns":4},{"damage":6,"enemies":"Exordium Wildlife","floor":14,"turns":5},{"damage":18,"enemies":"The Guardian","floor":16,"turns":8},{"damage":12,"enemies":"Shell Parasite","floor":18,"turns":6},{"damage":20,"enemies":"3 Byrds","floor":21,"turns":6},{"damage":27,"enemies":"Snecko","floor":22,"turns":7},{"damage":9,"enemies":"Centurion and Healer","floor":29,"turns":8},{"damage":0,"enemies":"Snake Plant","floor":30,"turns":3},{"damage":25,"enemies":"Cultist and Chosen","floor":31,"turns":6},{"damage":37,"enemies":"Automaton","floor":33,"turns":9},{"damage":33,"enemies":"3 Darklings","floor":35,"turns":6},{"damage":84,"enemies":"Mysterious Sphere","floor":37,"turns":8},{"damage":58,"enemies":"Giant Head","floor":41,"turns":8}],"seed_played":"8418825181534405891","potions_obtained":[{"floor":1,"key":"Explosive Potion"},{"floor":10,"key":"SpeedPotion"},{"floor":22,"key":"PowerPotion"},{"floor":30,"key":"Strength Potion"}],"is_trial":false,"path_per_floor":["M","?","M","?","?","R","M","?","T","M","R","$","R","M","R","B",null,"M","$","?","M","M","R","?","R","T","$","$","M","M","M","R","B",null,"M","?","?","$","?","R"],"character_chosen":"IRONCLAD","items_purchased":["Inflame","Seeing Red"],"campfire_rested":2,"item_purchase_floors":[19,38],"current_hp_per_floor":[72,72,72,65,65,65,60,46,46,47,47,47,47,49,49,37,74,70,70,70,58,37,37,37,37,37,37,37,34,40,23,47,16,80,53,43,16,16,16,40,0],"gold":0,"neow_bonus":"THREE_RARE_CARDS","is_prod":false,"is_daily":false,"chose_seed":false,"campfire_upgraded":6,"win_rate":0,"timestamp":1536581186,"path_taken":["M","?","?","?","?","R","?","?","T","?","R","$","R","M","R","BOSS","M","?","?","M","?","R","?","R","T","?","$","M","M","M","R","BOSS","M","?","?","$","?","R","E"],"build_version":"2018-09-06","purchased_purges":3,"victory":false,"max_hp_per_floor":[72,72,72,72,72,72,72,72,72,72,72,72,72,74,74,74,74,76,76,76,78,78,78,78,78,78,78,78,78,78,80,80,80,80,80,80,82,82,82,82,82],"card_choices":[{"not_picked":["Berserk","Reaper"],"picked":"Barricade","floor":0},{"not_picked":["Dual Wield","Pommel Strike"],"picked":"Rage","floor":1},{"not_picked":["Flex","Intimidate"],"picked":"Spot Weakness","floor":3},{"not_picked":["Dual Wield","Thunderclap"],"picked":"Sword Boomerang","floor":7},{"not_picked":["Reckless Charge","Dual Wield"],"picked":"Warcry","floor":10},{"not_picked":["Flex","Wild Strike","Seeing Red"],"picked":"Singing Bowl","floor":14},{"not_picked":["Fiend Fire","Berserk"],"picked":"Impervious","floor":16},{"not_picked":["Body Slam","Havoc+1","Flex"],"picked":"Singing Bowl","floor":18},{"not_picked":["Flex","Havoc","Perfected Strike+1"],"picked":"Singing Bowl","floor":21},{"not_picked":["Anger","Flame Barrier"],"picked":"Sword Boomerang+1","floor":22},{"not_picked":["Rampage","Spot Weakness","Cleave"],"picked":"Heavy Blade+1","floor":29},{"not_picked":["Fire Breathing","Clash","Body Slam"],"picked":"Shrug It Off","floor":30},{"not_picked":["Sword Boomerang","Flex","Sentinel","Headbutt"],"picked":"Singing Bowl","floor":31},{"not_picked":["Fiend Fire","Brutality","Demon Form"],"picked":"Limit Break","floor":33},{"not_picked":["Uppercut+1","Blood for Blood+1","Sentinel+1"],"picked":"Shrug It Off","floor":35},{"not_picked":["Dropkick","True Grit+1","Cleave+1","Feel No Pain"],"picked":"Singing Bowl","floor":37}],"player_experience":410085,"relics_obtained":[{"floor":9,"key":"Singing Bowl"},{"floor":26,"key":"Question Card"},{"floor":37,"key":"Turnip"}],"event_choices":[{"event_name":"The Cleric","player_choice":"Card Removal","floor":2,"damage_taken":0},{"event_name":"Golden Wing","player_choice":"Card Removal","floor":4,"damage_taken":0},{"event_name":"Big Fish","player_choice":"Box","floor":5,"damage_taken":0},{"event_name":"Shining Light","player_choice":"Entered Light","floor":8,"damage_taken":0},{"event_name":"The Mausoleum","player_choice":"Yes","floor":20,"damage_taken":0},{"event_name":"Ghosts","player_choice":"Ignored","floor":24,"damage_taken":0},{"event_name":"Winding Halls","player_choice":"Embrace Madness","floor":36,"damage_taken":0},{"event_name":"Mysterious Sphere","player_choice":"Fight","floor":37,"damage_taken":0},{"event_name":"Tomb of Lord Red Mask","player_choice":"Paid","floor":39,"damage_taken":0}],"is_beta":true,"boss_relics":[{"not_picked":["Black Blood","Black Star"],"picked":"Lizard Tail"},{"not_picked":["Fusion Hammer","White Beast Statue"],"picked":"Runic Dome"}],"items_purged_floors":[12,19,27],"is_endless":false,"potions_floor_spawned":[1,10,22,30,31],"killed_by":"Giant Head","ascension_level":0}