{"gold_per_floor":[114,11,11,11,11,41,6,36,61,91,91,91,106,121,121,221,221,236,251,251,63,78,108,108,138,163,193,193,223,223,223,223,323,323,338,318,418,433,433,433,463,493,493,93,108,0,0,30,30,30],"floor_reached":51,"playtime":3106,"items_purged":["Defend_R"],"score":873,"play_id":"77e06b4b-7030-4b11-9ec1-d22ea1413268","local_time":"20181108081133","daily_mods":["Heirloom","Green Cards","Elite Swarm"],"is_ascension_mode":false,"campfire_choices":[{"floor":12.0,"key":"REST"},{"data":"Juggernaut","floor":15.0,"key":"SMITH"},{"data":"Demon Form","floor":24.0,"key":"SMITH"},{"data":"Reaper","floor":28.0,"key":"SMITH"},{"floor":30,"key":"REST"},{"data":"Glass Knife","floor":32,"key":"SMITH"},{"data":"Bludgeon","floor":40,"key":"SMITH"},{"data":"Glass Knife","floor":47,"key":"SMITH"},{"data":"Well Laid Plans","floor":49,"key":"SMITH"}],"neow_cost":"","seed_source_timestamp":0,"circlet_count":0,"master_deck":["Defend_R","Bash+1","Inflame+1","Backflip","Glass Knife+1","Juggernaut+1","Glass Knife+1","Well Laid Plans+1","Blur+1","Reaper+1","Disarm+1","Bite","Bite","Bite","Bite","Bite","Shrug It Off+1","Mind Blast","Demon Form+1","Night Terror+1","Tools of the Trade","Malaise+1","Bludgeon+1","Impervious+1"],"special_seed":17843,"relics":["Burning Blood","Charon\u0027s Ashes","Anchor","Question Card","Art of War","Toxic Egg 2","Bottled Flame","Snecko Eye","Happy Flower","Juzu Bracelet","Ancient Tea Set","Dead Branch","Shuriken","Philosopher\u0027s Stone","FossilizedHelix","WingedGreaves","Thread and Needle","Matryoshka","Bronze Scales","Singing Bowl","Red Mask","Ginger"],"potions_floor_usage":[37,50,50],"damage_taken":[{"damage":0.0,"enemies":"Small Slimes","floor":1.0,"turns":3.0},{"damage":20.0,"enemies":"Gremlin Nob","floor":6.0,"turns":4.0},{"damage":26.0,"enemies":"Lagavulin","floor":8.0,"turns":5.0},{"damage":28.0,"enemies":"Gremlin Nob","floor":10.0,"turns":4.0},{"damage":0.0,"enemies":"2 Louse","floor":13.0,"turns":2.0},{"damage":1.0,"enemies":"Jaw Worm","floor":14.0,"turns":2.0},{"damage":48.0,"enemies":"Hexaghost","floor":16.0,"turns":9.0},{"damage":0.0,"enemies":"Chosen","floor":18.0,"turns":3.0},{"damage":2.0,"enemies":"Shell Parasite","floor":19.0,"turns":4.0},{"damage":0.0,"enemies":"Centurion and Healer","floor":22.0,"turns":4.0},{"damage":19.0,"enemies":"Slavers","floor":23.0,"turns":6.0},{"damage":23.0,"enemies":"Book of Stabbing","floor":25.0,"turns":4.0},{"damage":20.0,"enemies":"Gremlin Leader","floor":27.0,"turns":3.0},{"damage":24.0,"enemies":"Slavers","floor":29.0,"turns":4.0},{"damage":11,"enemies":"Automaton","floor":33,"turns":6},{"damage":2,"enemies":"Orb Walker","floor":35,"turns":2},{"damage":0,"enemies":"Mind Bloom Boss Battle","floor":37,"turns":2},{"damage":2,"enemies":"3 Darklings","floor":38,"turns":3},{"damage":0,"enemies":"Nemesis","floor":41,"turns":3},{"damage":7,"enemies":"Reptomancer","floor":42,"turns":3},{"damage":14,"enemies":"4 Shapes","floor":45,"turns":3},{"damage":0,"enemies":"Giant Head","floor":48,"turns":6},{"damage":8,"enemies":"Awakened One","floor":50,"turns":5}],"seed_played":"-8528799045221006880","potions_obtained":[{"floor":1.0,"key":"Poison Potion"},{"floor":16.0,"key":"PowerPotion"},{"floor":22.0,"key":"Block Potion"},{"floor":27.0,"key":"Block Potion"},{"floor":29,"key":"SteroidPotion"},{"floor":35,"key":"AttackPotion"},{"floor":36,"key":"SneckoOil"},{"floor":38,"key":"Dexterity Potion"},{"floor":48,"key":"EssenceOfSteel"}],"is_trial":false,"path_per_floor":["M","$","?","?","?","E","?","E","T","E","T","R","M","M","R","B",null,"M","M","?","$","M","E","R","E","T","E","R","E","E","R","?","R","B",null,"M","?","?","M","?","R","E","E","T","$","M","?","R","E","R","B",null],"character_chosen":"IRONCLAD","items_purchased":["Inflame","Backflip","Shrug It Off+1","Mind Blast","Bronze Scales","Singing Bowl"],"campfire_rested":2,"item_purchase_floors":[2,2,21,21,44,44],"current_hp_per_floor":[80,80,64,69,69,55,76,56,56,34,34,59,65,70,70,28,85,85,85,59,59,59,58,58,49,49,47,47,37,54,54,54,58,59,59,59,59,59,59,59,59,59,59,59,53,53,53,63,63,63],"gold":30,"neow_bonus":"","is_prod":false,"is_daily":true,"chose_seed":false,"campfire_upgraded":7,"win_rate":0,"timestamp":1541682693,"path_taken":["M","$","?","?","?","E","?","E","T","E","?","R","M","M","R","BOSS","M","M","?","$","M","E","R","E","T","E","R","E","R","?","R","BOSS","M","?","?","M","?","R","E","E","T","$","M","?","R","E","R","BOSS"],"build_version":"2018-11-01","purchased_purges":1,"victory":true,"max_hp_per_floor":[80,80,80,85,85,85,85,85,85,85,85,85,85,85,85,85,85,85,85,59,59,59,59,59,59,59,59,59,59,59,59,59,59,59,59,59,59,59,59,59,59,59,59,59,61,61,61,63,63,63],"card_choices":[{"not_picked":["Fire Breathing","Underhanded Strike","Sentinel"],"picked":"SKIP","floor":1.0},{"not_picked":["Phantasmal Killer","Bludgeon"],"picked":"Glass Knife","floor":6.0},{"not_picked":["Unload","Phantasmal Killer"],"picked":"Juggernaut","floor":8.0},{"not_picked":["Offering","Exhume","Unload"],"picked":"Glass Knife","floor":10.0},{"not_picked":["Acrobatics+1","Cleave","Clash"],"picked":"Well Laid Plans","floor":13.0},{"not_picked":["Concentrate+1","Choke","Calculated Gamble+1"],"picked":"Blur+1","floor":14.0},{"not_picked":["Brutality","Double Tap+1","A Thousand Cuts"],"picked":"Reaper","floor":16.0},{"not_picked":["Flying Knee","Headbutt","Hemokinesis"],"picked":"Disarm+1","floor":18.0},{"not_picked":["Pummel","Dagger Throw","Flying Knee","Dual Wield+1"],"picked":"SKIP","floor":19.0},{"not_picked":["Sucker Punch","Quick Slash","All Out Attack","Acrobatics+1"],"picked":"SKIP","floor":22.0},{"not_picked":["Bullet Time+1","Dark Embrace","Fiend Fire"],"picked":"Demon Form","floor":23.0},{"not_picked":["Wraith Form v2","Adrenaline+1","Glass Knife"],"picked":"Night Terror+1","floor":25.0},{"not_picked":["Brutality","Die Die Die","Unload"],"picked":"Tools of the Trade","floor":27.0},{"not_picked":["Juggernaut","Dark Embrace","Berserk"],"picked":"Malaise+1","floor":29},{"not_picked":["Exhume+1","Fiend Fire","Malaise+1"],"picked":"Bludgeon","floor":33},{"not_picked":["Rage+1","Flex+1","Seeing Red+1","Distraction+1"],"picked":"SKIP","floor":35},{"not_picked":["Cleave+1","Sucker Punch","Whirlwind","Iron Wave"],"picked":"SKIP","floor":38},{"not_picked":["Phantasmal Killer+1","Burst+1","Wraith Form v2"],"picked":"Impervious+1","floor":41},{"not_picked":["Brutality","Tools of the Trade","Dark Embrace","Wraith Form v2"],"picked":"SKIP","floor":42},{"not_picked":["Sucker Punch+1","Perfected Strike","Twin Strike","Poisoned Stab+1"],"picked":"Singing Bowl","floor":45},{"not_picked":["Adrenaline+1","Grand Finale","Die Die Die","Offering+1"],"picked":"Singing Bowl","floor":48}],"player_experience":477927,"relics_obtained":[{"floor":6.0,"key":"Anchor"},{"floor":8.0,"key":"Question Card"},{"floor":9.0,"key":"Art of War"},{"floor":10.0,"key":"Toxic Egg 2"},{"floor":11.0,"key":"Bottled Flame"},{"floor":23.0,"key":"Happy Flower"},{"floor":25.0,"key":"Juzu Bracelet"},{"floor":26.0,"key":"Ancient Tea Set"},{"floor":27.0,"key":"Dead Branch"},{"floor":29,"key":"Shuriken"},{"floor":37,"key":"FossilizedHelix"},{"floor":41,"key":"WingedGreaves"},{"floor":42,"key":"Thread and Needle"},{"floor":43,"key":"Matryoshka"},{"floor":48,"key":"Ginger"}],"event_choices":[{"damage_healed":0.0,"max_hp_gain":0.0,"max_hp_loss":0.0,"gold_gain":0.0,"event_name":"Shining Light","player_choice":"Entered Light","floor":3.0,"gold_loss":0.0,"damage_taken":16.0,"cards_upgraded":["Bash","Inflame"]},{"damage_healed":0.0,"max_hp_gain":5.0,"max_hp_loss":0.0,"gold_gain":0.0,"event_name":"Big Fish","player_choice":"Donut","floor":4.0,"gold_loss":0.0,"damage_taken":0.0},{"damage_healed":0.0,"max_hp_gain":0.0,"max_hp_loss":0.0,"gold_gain":0.0,"event_name":"Liars Game","player_choice":"Ignored","floor":5.0,"gold_loss":0.0,"damage_taken":0.0},{"damage_healed":21.0,"max_hp_gain":0.0,"max_hp_loss":0.0,"gold_gain":0.0,"event_name":"The Cleric","player_choice":"Healed","floor":7.0,"gold_loss":35.0,"damage_taken":0.0},{"damage_healed":0.0,"max_hp_gain":0.0,"max_hp_loss":26.0,"gold_gain":0.0,"event_name":"Vampires","player_choice":"Became a vampire","floor":20.0,"gold_loss":0.0,"damage_taken":0.0,"cards_obtained":["Bite","Bite","Bite","Bite","Bite"]},{"cards_removed":["Defend_R"],"damage_healed":0,"gold_gain":0,"player_choice":"Elegance","damage_taken":0,"max_hp_gain":0,"max_hp_loss":0,"event_name":"Back to Basics","floor":31,"gold_loss":0},{"damage_healed":0,"gold_gain":0,"player_choice":"Bought 1 Potion","damage_taken":0,"max_hp_gain":0,"max_hp_loss":0,"event_name":"The Woman in Blue","floor":36,"gold_loss":0},{"damage_healed":0,"gold_gain":0,"player_choice":"Fight","damage_taken":0,"max_hp_gain":0,"max_hp_loss":0,"event_name":"MindBloom","floor":37,"gold_loss":0},{"cards_removed":["Defend_R"],"damage_healed":0,"gold_gain":0,"player_choice":"Removed Skill","damage_taken":0,"max_hp_gain":0,"max_hp_loss":0,"event_name":"Falling","floor":39,"gold_loss":0},{"damage_healed":0,"gold_gain":0,"player_choice":"Paid","damage_taken":0,"relics_obtained":["Red Mask"],"max_hp_gain":0,"max_hp_loss":0,"event_name":"Tomb of Lord Red Mask","floor":46,"gold_loss":108}],"is_beta":false,"boss_relics":[{"not_picked":["Mark of Pain","Astrolabe"],"picked":"Snecko Eye"},{"not_picked":["Calling Bell","Tiny House"],"picked":"Philosopher\u0027s Stone"}],"items_purged_floors":[21],"is_endless":false,"potions_floor_spawned":[1,16,22,27,29,35,38,42,48],"ascension_level":0}