{"gold_per_floor":[111,111,111,111,111,111,127,139,139,139,149,168,168,168,168,266,266,283,382,146,159,159,159,171,171],"floor_reached":25,"playtime":781,"items_purged":["Regret"],"score":216,"play_id":"0db92afb-7a0c-4427-990e-bcd5aa605b79","local_time":"20181122011743","daily_mods":["SealedDeck","Heirloom"],"is_ascension_mode":false,"campfire_choices":[{"data":"Loop","floor":6,"key":"SMITH"},{"data":"Redo","floor":10,"key":"SMITH"},{"data":"Redo","floor":13,"key":"SMITH"},{"data":"Redo","floor":15,"key":"SMITH"},{"data":"Self Repair","floor":23,"key":"SMITH"}],"neow_cost":"","seed_source_timestamp":0,"circlet_count":0,"master_deck":["Coolheaded","Ball Lightning+1","Conserve Battery","Cold Snap","Capacitor","Loop+1","Loop+1","Redo+1","Redo+1","Redo+1","White Noise","Conserve Battery","Self Repair+1","Redo+1","Echo Form","Echo Form","Conserve Battery","All For One","Stack+1","Stack+1"],"relics":["Cracked Core","Turnip","Cables","Lantern","Girya","Coffee Dripper","Nilry\u0027s Codex"],"potions_floor_usage":[25,25],"damage_taken":[{"damage":10,"enemies":"Small Slimes","floor":1,"turns":3},{"damage":4,"enemies":"Jaw Worm","floor":7,"turns":2},{"damage":1,"enemies":"2 Louse","floor":8,"turns":2},{"damage":4,"enemies":"Looter","floor":11,"turns":4},{"damage":0,"enemies":"3 Louse","floor":12,"turns":2},{"damage":4,"enemies":"The Guardian","floor":16,"turns":7},{"damage":12,"enemies":"Chosen","floor":18,"turns":4},{"damage":30,"enemies":"3 Byrds","floor":21,"turns":4},{"damage":20,"enemies":"Centurion and Healer","floor":24,"turns":6},{"damage":43,"enemies":"Masked Bandits","floor":25,"turns":3}],"seed_played":"-6203470171495985886","potions_obtained":[{"floor":7,"key":"LiquidBronze"},{"floor":16,"key":"EssenceOfSteel"},{"floor":21,"key":"EssenceOfSteel"}],"is_trial":true,"path_per_floor":["M","?","?","?","T","R","M","M","T","R","M","M","R","?","R","B",null,"M","?","$","M","?","R","M","?"],"character_chosen":"DEFECT","items_purchased":["All For One"],"campfire_rested":0,"item_purchase_floors":[20],"current_hp_per_floor":[65,65,65,65,65,65,61,60,60,60,63,70,70,55,55,58,75,70,70,70,47,31,31,31,0],"gold":171,"neow_bonus":"","is_prod":false,"is_daily":false,"chose_seed":false,"campfire_upgraded":5,"win_rate":0,"timestamp":1542817063,"path_taken":["M","?","?","?","?","R","M","M","T","R","M","M","R","?","R","BOSS","M","?","$","M","?","R","M","?"],"build_version":"2018-11-15","purchased_purges":1,"victory":false,"max_hp_per_floor":[75,75,75,75,75,75,75,75,75,75,75,75,75,75,75,75,75,75,75,75,75,75,75,75,75],"card_choices":[{"not_picked":["Cold Snap","Genetic Algorithm"],"picked":"White Noise","floor":1},{"not_picked":["Ball Lightning","Gash"],"picked":"Conserve Battery","floor":7},{"not_picked":["Cold Snap","Static Discharge"],"picked":"Self Repair","floor":8},{"not_picked":["Coolheaded","Cold Snap"],"picked":"Redo","floor":11},{"not_picked":["Genetic Algorithm","Defragment"],"picked":"Echo Form","floor":12},{"not_picked":["Hyperbeam","Core Surge"],"picked":"Echo Form","floor":16},{"not_picked":["Skim","Redo"],"picked":"Conserve Battery","floor":18},{"not_picked":["Aggregate","Barrage+1"],"picked":"Stack+1","floor":21},{"not_picked":["Barrage","Ball Lightning"],"picked":"Stack+1","floor":24}],"player_experience":594050,"relics_obtained":[{"floor":5,"key":"Lantern"},{"floor":9,"key":"Girya"},{"floor":22,"key":"Nilry\u0027s Codex"}],"event_choices":[{"damage_healed":0,"gold_gain":0,"player_choice":"Grow","damage_taken":0,"max_hp_gain":0,"max_hp_loss":0,"event_name":"Living Wall","floor":2,"gold_loss":0,"cards_upgraded":["Loop"]},{"damage_healed":0,"gold_gain":0,"player_choice":"Leave","damage_taken":0,"max_hp_gain":0,"max_hp_loss":0,"event_name":"The Cleric","floor":3,"gold_loss":0},{"damage_healed":0,"gold_gain":0,"player_choice":"Box","damage_taken":0,"relics_obtained":["Cables"],"max_hp_gain":0,"max_hp_loss":0,"event_name":"Big Fish","floor":4,"gold_loss":0,"cards_obtained":["Regret"]},{"damage_healed":0,"gold_gain":0,"player_choice":"Entered Light","damage_taken":15,"max_hp_gain":0,"max_hp_loss":0,"event_name":"Shining Light","floor":14,"gold_loss":0,"cards_upgraded":["Redo","Ball Lightning"]},{"damage_healed":0,"gold_gain":99,"player_choice":"Stole From Cult","damage_taken":0,"max_hp_gain":0,"max_hp_loss":0,"event_name":"Nest","floor":19,"gold_loss":0},{"damage_healed":0,"gold_gain":0,"player_choice":"Obtained Book","damage_taken":16,"max_hp_gain":0,"max_hp_loss":0,"event_name":"Cursed Tome","floor":22,"gold_loss":0},{"damage_healed":0,"gold_gain":0,"player_choice":"Fought Bandits","damage_taken":0,"max_hp_gain":0,"max_hp_loss":0,"event_name":"Masked Bandits","floor":25,"gold_loss":0}],"is_beta":false,"boss_relics":[{"not_picked":["Busted Crown","Calling Bell"],"picked":"Coffee Dripper"}],"items_purged_floors":[20],"is_endless":false,"potions_floor_spawned":[7,16,21],"killed_by":"Masked Bandits","ascension_level":0}