{"gold_per_floor":[113,14,38,113,132,463,463,479,505,505,538,427,427,444,444,541,541,552,566,566,666,581,581,581],"floor_reached":24,"playtime":895,"items_purged":["Strike_B"],"score":227,"play_id":"67258978-3b2c-463d-bb8c-585bcc125273","local_time":"20180831114106","is_ascension_mode":false,"campfire_choices":[{"data":"Zap","floor":7,"key":"SMITH"},{"floor":10,"key":"REST"},{"data":"Redo","floor":13,"key":"SMITH"},{"data":"FTL","floor":15,"key":"SMITH"},{"floor":23,"key":"REST"}],"neow_cost":"TEN_PERCENT_HP_LOSS","seed_source_timestamp":54753147475090,"circlet_count":0,"master_deck":["Defend_B","Defend_B","Defend_B","Defend_B","Zap+1","Dualcast","All For One","Turbo","Redo+1","Conserve Battery","FTL+1","Turbo","Self Repair","Self Repair","All For One","Beam Cell","Go for the Eyes","Go for the Eyes","Gash","Go for the Eyes","Creative AI","Bite","Bite","Bite","Bite","Bite","Beam Cell"],"relics":["Cracked Core","Emotion Chip","Happy Flower","Old Coin","Juzu Bracelet","Strawberry","Orrery","Dead Branch","Meat on the Bone","DataDisk"],"potions_floor_usage":[11,21,21,24],"damage_taken":[{"damage":1,"enemies":"Jaw Worm","floor":1,"turns":3},{"damage":1,"enemies":"Cultist","floor":5,"turns":3},{"damage":25,"enemies":"3 Sentries","floor":6,"turns":6},{"damage":0,"enemies":"2 Louse","floor":8,"turns":3},{"damage":11,"enemies":"Lagavulin","floor":11,"turns":4},{"damage":0,"enemies":"Large Slime","floor":14,"turns":5},{"damage":19,"enemies":"Slime Boss","floor":16,"turns":8},{"damage":19,"enemies":"2 Thieves","floor":18,"turns":4},{"damage":6,"enemies":"Chosen","floor":19,"turns":3},{"damage":20,"enemies":"Colosseum Slavers","floor":21,"turns":3},{"damage":53,"enemies":"Colosseum Nobs","floor":21,"turns":6},{"damage":29,"enemies":"Snake Plant","floor":24,"turns":4}],"seed_played":"-3795778646071576552","potions_obtained":[{"floor":5,"key":"Dexterity Potion"},{"floor":6,"key":"AttackPotion"},{"floor":14,"key":"AttackPotion"},{"floor":16,"key":"GamblersBrew"},{"floor":18,"key":"SkillPotion"}],"is_trial":false,"path_per_floor":["M","?","T","?","M","E","R","M","T","R","E","$","R","M","R","B",null,"M","M","?","?","?","R"],"character_chosen":"DEFECT","items_purchased":["Self Repair"],"campfire_rested":2,"item_purchase_floors":[12],"current_hp_per_floor":[67,67,67,56,55,30,30,30,30,50,46,46,46,53,53,48,75,70,75,52,7,7,22,0],"gold":581,"neow_bonus":"THREE_RARE_CARDS","is_prod":false,"is_daily":false,"chose_seed":false,"campfire_upgraded":3,"win_rate":0,"timestamp":1535683266,"path_taken":["M","?","?","?","?","E","R","M","T","R","E","?","R","M","R","BOSS","M","M","?","?","?","R","M"],"build_version":"2018-08-29","purchased_purges":1,"victory":false,"max_hp_per_floor":[68,68,68,68,68,68,68,68,68,68,75,75,75,75,75,75,75,75,75,52,52,52,52,52],"card_choices":[{"not_picked":["Thunder Strike","Core Surge"],"picked":"All For One","floor":0},{"not_picked":["Lockon","Chaos"],"picked":"Turbo","floor":1},{"not_picked":["Undo","Barrage"],"picked":"Redo","floor":5},{"not_picked":["Streamline","Auto Shields"],"picked":"Conserve Battery","floor":6},{"not_picked":["Glacier","Storm"],"picked":"FTL","floor":8},{"not_picked":["Reinforced Body","Doom and Gloom"],"picked":"Turbo","floor":11},{"not_picked":["Stack","Darkness"],"picked":"Self Repair","floor":14},{"not_picked":["Electrodynamics","Amplify"],"picked":"All For One","floor":16},{"not_picked":["Ball Lightning","Double Energy"],"picked":"Beam Cell","floor":17},{"not_picked":["Sunder","Leap"],"picked":"Go for the Eyes","floor":17},{"not_picked":["BootSequence","Compile Driver"],"picked":"Go for the Eyes","floor":17},{"not_picked":["Compile Driver","Steam"],"picked":"Gash","floor":17},{"not_picked":["Leap","Streamline"],"picked":"Go for the Eyes","floor":17},{"not_picked":["Storm","Doom and Gloom","Compile Driver+1"],"picked":"SKIP","floor":18},{"not_picked":["Genetic Algorithm+1","Barrage"],"picked":"Creative AI","floor":19},{"not_picked":["Ball Lightning","Redo"],"picked":"Beam Cell","floor":21}],"player_experience":373601,"relics_obtained":[{"floor":3,"key":"Happy Flower"},{"floor":6,"key":"Old Coin"},{"floor":9,"key":"Juzu Bracelet"},{"floor":11,"key":"Strawberry"},{"floor":21,"key":"Dead Branch"},{"floor":21,"key":"Meat on the Bone"}],"event_choices":[{"event_name":"WeMeetAgain","player_choice":"Gold","floor":2,"damage_taken":0},{"event_name":"World of Goop","player_choice":"Gather Gold","floor":4,"damage_taken":0},{"event_name":"Vampires","player_choice":"Became a vampire","floor":20,"damage_taken":0},{"event_name":"Colosseum","player_choice":"Fight","floor":21,"damage_taken":0},{"event_name":"Colosseum","player_choice":"Fought Nobs","floor":21,"damage_taken":0},{"event_name":"Addict","player_choice":"Obtained Relic","floor":22,"damage_taken":0}],"is_beta":true,"boss_relics":[{"not_picked":["Runic Pyramid","Tiny House"],"picked":"Orrery"}],"items_purged_floors":[12],"is_endless":false,"potions_floor_spawned":[5,6,14,16,18,21],"killed_by":"Snake Plant","ascension_level":0}