{"gold_per_floor":[217,231,242,192,202,229,229,229,229,246,47,47,47,57,57,57],"floor_reached":16,"playtime":699,"items_purged":[],"score":122,"play_id":"887469c4-495f-4eea-b128-bb7a3354fe50","local_time":"20190125190631","is_ascension_mode":true,"campfire_choices":[{"data":"Zap","floor":8.0,"key":"SMITH"},{"floor":13,"key":"REST"},{"data":"Fusion","floor":15,"key":"SMITH"}],"neow_cost":"NONE","seed_source_timestamp":0,"circlet_count":0,"master_deck":["Strike_B","Strike_B","Defend_B","Defend_B","Defend_B","Defend_B","Zap+1","Dualcast","Turbo","Defragment","Steam Power","Static Discharge","Coolheaded","Fusion+1"],"special_seed":0,"relics":["Cracked Core","Bag of Preparation","DataDisk","MealTicket"],"potions_floor_usage":[16,16],"damage_taken":[{"damage":0.0,"enemies":"Cultist","floor":1.0,"turns":4.0},{"damage":18.0,"enemies":"Jaw Worm","floor":2.0,"turns":4.0},{"damage":8.0,"enemies":"Small Slimes","floor":3.0,"turns":3.0},{"damage":15.0,"enemies":"2 Fungi Beasts","floor":5.0,"turns":4.0},{"damage":25.0,"enemies":"3 Sentries","floor":6.0,"turns":4.0},{"damage":1.0,"enemies":"3 Louse","floor":10.0,"turns":3.0},{"damage":6,"enemies":"Looter","floor":14,"turns":2},{"damage":49,"enemies":"The Guardian","floor":16,"turns":9}],"seed_played":"-6950421700416572042","potions_obtained":[{"floor":1.0,"key":"EssenceOfSteel"},{"floor":3.0,"key":"SkillPotion"},{"floor":5.0,"key":"PowerPotion"},{"floor":14,"key":"SpeedPotion"}],"is_trial":false,"path_per_floor":["M","M","M","?","M","E","?","R","T","M","$","?","R","M","R","B"],"character_chosen":"DEFECT","items_purchased":["MealTicket"],"campfire_rested":1,"item_purchase_floors":[11],"current_hp_per_floor":[75,57,49,49,34,9,34,34,34,33,33,33,55,49,49,0],"gold":57,"neow_bonus":"HUNDRED_GOLD","is_prod":false,"is_daily":false,"chose_seed":false,"campfire_upgraded":2,"win_rate":0,"timestamp":1548439591,"path_taken":["M","M","M","?","M","E","?","R","T","M","$","?","R","M","R","BOSS"],"build_version":"2019-01-23","purchased_purges":0,"victory":false,"max_hp_per_floor":[75,75,75,75,75,75,75,75,75,75,75,75,75,75,75,75],"card_choices":[{"not_picked":["Auto Shields","Force Field"],"picked":"Turbo","floor":1.0},{"not_picked":["Turbo","Skim"],"picked":"Defragment","floor":2.0},{"not_picked":["Go for the Eyes","Undo"],"picked":"Steam Power","floor":3.0},{"not_picked":["Turbo","Tempest"],"picked":"Static Discharge","floor":5.0},{"not_picked":["Conserve Battery","Meteor Strike"],"picked":"Coolheaded","floor":6.0},{"not_picked":["Streamline","Force Field","Beam Cell"],"picked":"SKIP","floor":10.0},{"not_picked":["Compile Driver","Sweeping Beam"],"picked":"Fusion","floor":14}],"player_experience":247198,"relics_obtained":[{"floor":6.0,"key":"Bag of Preparation"},{"floor":9.0,"key":"DataDisk"}],"event_choices":[{"cards_removed":["Strike_B"],"damage_healed":0.0,"max_hp_gain":0.0,"max_hp_loss":0.0,"gold_gain":0.0,"event_name":"The Cleric","player_choice":"Card Removal","floor":4.0,"gold_loss":50.0,"damage_taken":0.0},{"damage_healed":25.0,"max_hp_gain":0.0,"max_hp_loss":0.0,"gold_gain":0.0,"event_name":"Big Fish","player_choice":"Banana","floor":7.0,"gold_loss":0.0,"damage_taken":0.0},{"cards_removed":["Strike_B"],"damage_healed":0,"gold_gain":0,"player_choice":"Forget","damage_taken":0,"max_hp_gain":0,"max_hp_loss":0,"event_name":"Living Wall","floor":12,"gold_loss":0}],"is_beta":false,"boss_relics":[],"items_purged_floors":[],"is_endless":false,"potions_floor_spawned":[1,3,5,14],"killed_by":"The Guardian","ascension_level":4}