{"gold_per_floor":[117,1,18,37,56,82,82,93,93,126,145,145,110,32,32,129,129,146,146,163,173,193,211,242,260,284,298,298,317,317,332,332,332],"floor_reached":33,"playtime":1987,"items_purged":[],"score":285,"play_id":"b7999cad-19ce-4831-acd7-61fcbf0e03aa","local_time":"20190207234124","is_ascension_mode":false,"campfire_choices":[{"data":"Zap","floor":7,"key":"SMITH"},{"data":"Defragment","floor":15,"key":"SMITH"},{"floor":28,"key":"REST"},{"floor":30,"key":"REST"},{"floor":32,"key":"REST"}],"neow_cost":"TEN_PERCENT_HP_LOSS","seed_source_timestamp":659589348866464,"circlet_count":0,"master_deck":["Strike_B","Strike_B","Strike_B","Strike_B","Defend_B","Defend_B","Defend_B","Defend_B","Zap+1","Dualcast","Ball Lightning","Conserve Battery","Seek","Melter","Glacier","Rebound","Multi-Cast","Defragment+1","Machine Learning","Decay","Capacitor","Coolheaded","Defragment","Recycle+1","Consume","Self Repair","BootSequence"],"relics":["Cracked Core","Incense Burner","Bag of Marbles","Bronze Scales","Happy Flower","Blue Candle","Nuclear Battery","Letter Opener","Strawberry"],"potions_floor_usage":[25,33],"damage_taken":[{"damage":0,"enemies":"Small Slimes","floor":1,"turns":3},{"damage":0,"enemies":"Jaw Worm","floor":3,"turns":3},{"damage":0,"enemies":"Cultist","floor":4,"turns":2},{"damage":4,"enemies":"Lots of Slimes","floor":5,"turns":3},{"damage":28,"enemies":"Gremlin Nob","floor":6,"turns":5},{"damage":0,"enemies":"3 Louse","floor":8,"turns":2},{"damage":6,"enemies":"Lagavulin","floor":10,"turns":6},{"damage":0,"enemies":"Exordium Wildlife","floor":11,"turns":3},{"damage":7,"enemies":"Slime Boss","floor":16,"turns":10},{"damage":0,"enemies":"Chosen","floor":18,"turns":4},{"damage":0,"enemies":"2 Thieves","floor":20,"turns":4},{"damage":12,"enemies":"Snake Plant","floor":21,"turns":4},{"damage":13,"enemies":"Cultist and Chosen","floor":22,"turns":6},{"damage":7,"enemies":"Centurion and Healer","floor":23,"turns":10},{"damage":15,"enemies":"Book of Stabbing","floor":24,"turns":7},{"damage":16,"enemies":"Sentry and Sphere","floor":25,"turns":3},{"damage":11,"enemies":"Cultist and Chosen","floor":27,"turns":8},{"damage":19,"enemies":"Snecko","floor":29,"turns":4},{"damage":25,"enemies":"Centurion and Healer","floor":31,"turns":7},{"damage":47,"enemies":"Automaton","floor":33,"turns":6}],"seed_played":"6038281802857565161","potions_obtained":[{"floor":5,"key":"FearPotion"},{"floor":10,"key":"SteroidPotion"},{"floor":11,"key":"Regen Potion"},{"floor":22,"key":"Weak Potion"},{"floor":25,"key":"FocusPotion"}],"is_trial":false,"path_per_floor":["M","$","M","M","M","E","R","M","T","E","M","?","?","$","R","B",null,"M","?","M","M","M","M","E","M","T","M","R","M","R","M","R","B"],"character_chosen":"DEFECT","items_purchased":["Conserve Battery","Seek","Defragment"],"campfire_rested":3,"item_purchase_floors":[2,2,14],"current_hp_per_floor":[68,68,68,68,64,36,36,36,36,30,30,18,35,35,35,28,68,68,68,68,56,43,36,21,10,17,6,28,9,31,13,35,0],"gold":332,"neow_bonus":"ONE_RARE_RELIC","is_prod":false,"is_daily":false,"chose_seed":false,"campfire_upgraded":2,"win_rate":0,"timestamp":1549600884,"path_taken":["M","$","M","M","M","E","R","M","T","E","M","?","?","$","R","BOSS","M","?","M","M","?","M","E","M","T","?","R","M","R","M","R","BOSS"],"build_version":"2019-01-23","purchased_purges":0,"victory":false,"max_hp_per_floor":[68,68,68,68,68,68,68,68,68,68,68,68,68,68,68,68,68,68,68,68,68,68,68,68,68,75,75,75,75,75,75,75,75],"card_choices":[{"not_picked":["Coolheaded","Chaos"],"picked":"Ball Lightning","floor":1},{"not_picked":["Fusion","Lockon","Turbo"],"picked":"SKIP","floor":3},{"not_picked":["Turbo","Compile Driver"],"picked":"Melter","floor":4},{"not_picked":["Doom and Gloom","Rip and Tear"],"picked":"Glacier","floor":5},{"not_picked":["Fission","Compile Driver","Stack"],"picked":"SKIP","floor":6},{"not_picked":["Turbo","Compile Driver","Cold Snap"],"picked":"SKIP","floor":8},{"not_picked":["Sweeping Beam","Lockon"],"picked":"Rebound","floor":10},{"not_picked":["Conserve Battery","Chaos"],"picked":"Multi-Cast","floor":11},{"not_picked":["Rainbow","Meteor Strike"],"picked":"Machine Learning","floor":16},{"not_picked":["Rebound","Leap","Sweeping Beam"],"picked":"SKIP","floor":18},{"not_picked":["Rebound","Leap","Sweeping Beam"],"picked":"SKIP","floor":18},{"not_picked":["Consume","Force Field+1","Ball Lightning"],"picked":"SKIP","floor":20},{"not_picked":["Cold Snap+1","Gash"],"picked":"Capacitor","floor":21},{"not_picked":["Steam Power","Go for the Eyes"],"picked":"Coolheaded","floor":22},{"not_picked":["Turbo","Steam Power"],"picked":"Defragment","floor":23},{"not_picked":["Hello World","Leap+1","Go for the Eyes+1"],"picked":"SKIP","floor":24},{"not_picked":["Hologram","Rebound"],"picked":"Recycle+1","floor":25},{"not_picked":["Force Field","Rip and Tear"],"picked":"Consume","floor":27},{"not_picked":["Amplify","Redo"],"picked":"Self Repair","floor":29},{"not_picked":["Scrape","Tempest"],"picked":"BootSequence","floor":31}],"player_experience":203424,"relics_obtained":[{"floor":6,"key":"Bag of Marbles"},{"floor":9,"key":"Bronze Scales"},{"floor":10,"key":"Happy Flower"},{"floor":24,"key":"Letter Opener"},{"floor":26,"key":"Strawberry"}],"event_choices":[{"damage_healed":0,"gold_gain":0,"player_choice":"Success","damage_taken":12,"relics_obtained":["Blue Candle"],"max_hp_gain":0,"max_hp_loss":0,"event_name":"Scrap Ooze","floor":12,"gold_loss":0},{"damage_healed":17,"gold_gain":0,"player_choice":"Healed","damage_taken":0,"max_hp_gain":0,"max_hp_loss":0,"event_name":"The Cleric","floor":13,"gold_loss":35},{"damage_healed":0,"gold_gain":0,"player_choice":"Cursed","damage_taken":0,"max_hp_gain":0,"max_hp_loss":0,"event_name":"Wheel of Change","floor":19,"gold_loss":0,"cards_obtained":["Decay"]}],"is_beta":false,"boss_relics":[{"not_picked":["Philosopher\u0027s Stone","Coffee Dripper"],"picked":"Nuclear Battery"}],"items_purged_floors":[],"is_endless":false,"potions_floor_spawned":[5,10,11,16,21,22,25,29],"killed_by":"Automaton","ascension_level":0}