{"gold_per_floor":[114,129,16,16,16,16,16,16,41,41,43,43,73,98,98,198,198,213,213,213,228,158,188,6,6,6,6,6,106,106,106,106,206,206,221,152,252,252,252,252,282,32,32,32,32,32,32,62,62,62],"floor_reached":51,"playtime":2913,"items_purged":[],"score":730,"play_id":"0485ac09-55d0-41b4-a42e-f1118beddfc7","local_time":"20181121182122","daily_mods":["Shiny","Flight","Night Terrors"],"is_ascension_mode":false,"campfire_choices":[{"data":"Feed","floor":6,"key":"SMITH"},{"data":"Barricade","floor":7,"key":"SMITH"},{"data":"Seeing Red","floor":8,"key":"SMITH"},{"data":"Double Tap","floor":12,"key":"SMITH"},{"data":"Demon Form","floor":15,"key":"SMITH"},{"floor":25,"key":"REST"},{"floor":27,"key":"REST"},{"floor":30,"key":"REST"},{"floor":32,"key":"REST"},{"floor":46,"key":"REST"},{"floor":49,"key":"REST"}],"neow_cost":"","seed_source_timestamp":318189992889283,"circlet_count":0,"master_deck":["Double Tap+1","Demon Form+1","Bludgeon+1","Feed+1","Limit Break","Barricade+1","Dark Embrace","Berserk","Impervious","Juggernaut","Brutality","Reaper","Exhume","Offering","Immolate+1","Inflame","Inflame","Seeing Red+1","Body Slam+1","Rupture","Armaments","Shrug It Off","Apotheosis+1","Decay","Metallicize","Burning Pact","Good Instincts","Limit Break","Writhe","Pain"],"special_seed":17856,"relics":["Burning Blood","Gremlin Horn","Bronze Scales","Odd Mushroom","Singing Bowl","Smiling Mask","Fusion Hammer","Turnip","Blood Vial","Prayer Wheel","Molten Egg 2","Cursed Key","Mango","Blue Candle","Mercury Hourglass","Bottled Tornado","Meat on the Bone","Whetstone"],"potions_floor_usage":[13,16,29,41,50,50],"damage_taken":[{"damage":0,"enemies":"Cultist","floor":1,"turns":2},{"damage":0,"enemies":"Small Slimes","floor":2,"turns":3},{"damage":0,"enemies":"The Mushroom Lair","floor":11,"turns":1},{"damage":18,"enemies":"3 Sentries","floor":13,"turns":4},{"damage":51,"enemies":"Slime Boss","floor":16,"turns":5},{"damage":27,"enemies":"Shell Parasite","floor":18,"turns":4},{"damage":18,"enemies":"3 Byrds","floor":21,"turns":3},{"damage":49,"enemies":"Book of Stabbing","floor":23,"turns":6},{"damage":22,"enemies":"Colosseum Slavers","floor":29,"turns":4},{"damage":77,"enemies":"Colosseum Nobs","floor":29,"turns":4},{"damage":34,"enemies":"Automaton","floor":33,"turns":5},{"damage":35,"enemies":"3 Shapes","floor":35,"turns":3},{"damage":16,"enemies":"Mind Bloom Boss Battle","floor":37,"turns":6},{"damage":36,"enemies":"Reptomancer","floor":41,"turns":4},{"damage":30,"enemies":"Giant Head","floor":48,"turns":6},{"damage":90,"enemies":"Donu and Deca","floor":50,"turns":8}],"seed_played":"5157453857479764110","potions_obtained":[{"floor":1,"key":"AttackPotion"},{"floor":13,"key":"BloodPotion"},{"floor":21,"key":"Dexterity Potion"},{"floor":33,"key":"SteroidPotion"},{"floor":35,"key":"Fire Potion"},{"floor":41,"key":"LiquidBronze"},{"floor":48,"key":"SneckoOil"}],"is_trial":false,"path_per_floor":["M","M","$","?","?","R","R","R","T","$","?","R","E","T","R","B",null,"M","?","?","M","$","E","$","R","T","R","?","?","R","?","R","B",null,"M","$","?","?","?","?","E","$","T","$","T","R","?","E","R","B",null],"character_chosen":"IRONCLAD","items_purchased":["Inflame","Seeing Red","Armaments","Shrug It Off","Apotheosis","Metallicize","Mercury Hourglass"],"campfire_rested":6,"item_purchase_floors":[3,3,22,22,24,36,42],"current_hp_per_floor":[80,80,80,80,62,62,62,62,62,62,68,68,80,80,80,45,84,63,63,63,53,53,25,25,83,83,78,78,45,75,75,70,72,72,57,57,65,65,65,65,43,43,43,43,43,89,89,67,86,66],"gold":62,"neow_bonus":"","is_prod":false,"is_daily":true,"chose_seed":false,"campfire_upgraded":5,"win_rate":0,"timestamp":1542842482,"path_taken":["M","?","$","?","?","R","R","R","T","?","?","R","E","?","R","BOSS","M","?","?","?","$","E","$","R","T","R","?","?","R","?","R","BOSS","M","$","?","?","?","?","E","$","T","?","?","R","?","E","R","BOSS"],"build_version":"2018-11-15","purchased_purges":0,"victory":true,"max_hp_per_floor":[80,80,80,80,80,80,80,80,80,80,80,80,82,82,82,84,84,84,84,84,86,86,88,88,83,83,78,78,80,75,75,70,72,72,80,80,94,94,94,94,94,94,94,94,94,89,89,91,86,86],"card_choices":[{"not_picked":["Feel No Pain","Clothesline"],"picked":"Havoc","floor":1},{"not_picked":["Iron Wave","Pommel Strike"],"picked":"Inflame","floor":2},{"not_picked":["Cleave","Heavy Blade"],"picked":"Body Slam","floor":11},{"not_picked":["Flex","Fiend Fire","Havoc"],"picked":"Singing Bowl","floor":13},{"not_picked":["Berserk","Juggernaut","Bludgeon"],"picked":"Singing Bowl","floor":16},{"not_picked":["Heavy Blade","Uppercut"],"picked":"Rupture","floor":18},{"not_picked":["Hemokinesis","Sever Soul","Clash"],"picked":"Singing Bowl","floor":21},{"not_picked":["Perfected Strike+1","Body Slam","Shrug It Off"],"picked":"Singing Bowl","floor":23},{"not_picked":["Seeing Red+1","Shrug It Off","Anger+1"],"picked":"Singing Bowl","floor":29},{"not_picked":["Barricade","Dark Embrace","Exhume"],"picked":"Singing Bowl","floor":33},{"not_picked":["Pommel Strike+1","Havoc","Shockwave"],"picked":"Singing Bowl","floor":35},{"not_picked":["True Grit+1","Thunderclap+1","Body Slam+1"],"picked":"Singing Bowl","floor":35},{"not_picked":["Corruption","Seeing Red"],"picked":"Burning Pact","floor":37},{"not_picked":["Discovery","Madness"],"picked":"Good Instincts","floor":40},{"not_picked":["Disarm","Iron Wave+1"],"picked":"Limit Break","floor":41},{"not_picked":["Flex+1","Reckless Charge+1","Battle Trance"],"picked":"Singing Bowl","floor":48}],"player_experience":571966,"relics_obtained":[{"floor":9,"key":"Bronze Scales"},{"floor":11,"key":"Odd Mushroom"},{"floor":13,"key":"Singing Bowl"},{"floor":14,"key":"Smiling Mask"},{"floor":23,"key":"Turnip"},{"floor":26,"key":"Blood Vial"},{"floor":29,"key":"Prayer Wheel"},{"floor":29,"key":"Molten Egg 2"},{"floor":37,"key":"Mango"},{"floor":41,"key":"Blue Candle"},{"floor":43,"key":"Bottled Tornado"},{"floor":45,"key":"Meat on the Bone"},{"floor":48,"key":"Whetstone"}],"event_choices":[{"damage_healed":0,"gold_gain":0,"player_choice":"Leave","damage_taken":0,"max_hp_gain":0,"max_hp_loss":0,"event_name":"The Cleric","floor":4,"gold_loss":0},{"damage_healed":0,"gold_gain":0,"player_choice":"Success","damage_taken":18,"relics_obtained":["Gremlin Horn"],"max_hp_gain":0,"max_hp_loss":0,"event_name":"Scrap Ooze","floor":5,"gold_loss":0},{"damage_healed":0,"gold_gain":0,"player_choice":"Fought Mushrooms","damage_taken":0,"max_hp_gain":0,"max_hp_loss":0,"event_name":"Mushrooms","floor":11,"gold_loss":0},{"damage_healed":0,"gold_gain":0,"player_choice":"Ignored","damage_taken":0,"max_hp_gain":0,"max_hp_loss":0,"event_name":"Ghosts","floor":19,"gold_loss":0},{"damage_healed":0,"gold_gain":0,"player_choice":"Upgraded","damage_taken":0,"max_hp_gain":0,"max_hp_loss":0,"event_name":"Upgrade Shrine","floor":20,"gold_loss":0,"cards_upgraded":["Body Slam"]},{"cards_removed":["Havoc"],"damage_healed":0,"gold_gain":0,"player_choice":"Elegance","damage_taken":0,"max_hp_gain":0,"max_hp_loss":0,"event_name":"Back to Basics","floor":28,"gold_loss":0},{"damage_healed":0,"gold_gain":0,"player_choice":"Fight","damage_taken":0,"max_hp_gain":0,"max_hp_loss":0,"event_name":"Colosseum","floor":29,"gold_loss":0},{"damage_healed":0,"gold_gain":0,"player_choice":"Fought Nobs","damage_taken":0,"max_hp_gain":0,"max_hp_loss":0,"event_name":"Colosseum","floor":29,"gold_loss":0},{"damage_healed":0,"gold_gain":0,"player_choice":"Smashed Altar","damage_taken":0,"max_hp_gain":0,"max_hp_loss":0,"event_name":"Forgotten Altar","floor":31,"gold_loss":0,"cards_obtained":["Decay"]},{"damage_healed":0,"gold_gain":0,"player_choice":"Fight","damage_taken":0,"max_hp_gain":0,"max_hp_loss":0,"event_name":"MindBloom","floor":37,"gold_loss":0},{"cards_removed":["Fiend Fire"],"damage_healed":0,"gold_gain":0,"player_choice":"Removed Attack","damage_taken":0,"max_hp_gain":0,"max_hp_loss":0,"event_name":"Falling","floor":38,"gold_loss":0},{"damage_healed":0,"gold_gain":0,"player_choice":"Ignored","damage_taken":0,"max_hp_gain":0,"max_hp_loss":0,"event_name":"Tomb of Lord Red Mask","floor":39,"gold_loss":0},{"damage_healed":0,"gold_gain":0,"player_choice":"Memory 1","damage_taken":0,"max_hp_gain":0,"max_hp_loss":0,"event_name":"SensoryStone","floor":40,"gold_loss":0},{"damage_healed":0,"gold_gain":0,"player_choice":"Upgraded","damage_taken":0,"max_hp_gain":0,"max_hp_loss":0,"event_name":"Upgrade Shrine","floor":47,"gold_loss":0,"cards_upgraded":["Apotheosis"]}],"is_beta":false,"boss_relics":[{"not_picked":["Empty Cage","Lizard Tail"],"picked":"Fusion Hammer"},{"not_picked":["Philosopher\u0027s Stone","Eternal Feather"],"picked":"Cursed Key"}],"items_purged_floors":[],"is_endless":false,"potions_floor_spawned":[1,13,21,33,35,41,48],"ascension_level":0}