{"gold_per_floor":[209,220,231,243,243,243,243,243,243,272,272,284,284,301,301,374,374,387,387,387,33,43,43,70,70,70,94,106,106,136,136],"floor_reached":31,"playtime":2424,"items_purged":[],"score":519,"play_id":"e35102c3-3725-45c3-8284-938bb073c6f6","local_time":"20190209121538","is_ascension_mode":true,"campfire_choices":[{"data":"Neutralize","floor":6,"key":"SMITH"},{"data":"Bouncing Flask","floor":8,"key":"SMITH"},{"floor":11,"key":"REST"},{"data":"Bouncing Flask","floor":13,"key":"SMITH"},{"data":"Cloak And Dagger","floor":15,"key":"SMITH"},{"floor":23,"key":"REST"},{"floor":25,"key":"REST"},{"floor":29,"key":"REST"}],"neow_cost":"NONE","seed_source_timestamp":2226102012671372,"circlet_count":0,"master_deck":["AscendersBane","Survivor","Neutralize+1","Backstab","Poisoned Stab","Bouncing Flask+1","Bouncing Flask+1","Cloak And Dagger+1","Backstab","Envenom","Sucker Punch","Outmaneuver","Riddle With Holes","Tools of the Trade","Glass Knife","Concentrate","Envenom","Well Laid Plans","Envenom","Underhanded Strike","Backflip","Good Instincts","Blur","Wraith Form v2","Backflip","Deflect"],"relics":["Ring of the Snake","Ornamental Fan","GremlinMask","Pantograph","Gremlin Horn","Pandora\u0027s Box","Ninja Scroll","Strawberry","Molten Egg 2","Art of War","Letter Opener"],"potions_floor_usage":[16,24,24,28],"damage_taken":[{"damage":4,"enemies":"Cultist","floor":1,"turns":4},{"damage":2,"enemies":"2 Louse","floor":2,"turns":3},{"damage":1,"enemies":"Jaw Worm","floor":3,"turns":3},{"damage":8,"enemies":"Gremlin Gang","floor":4,"turns":6},{"damage":17,"enemies":"Lagavulin","floor":10,"turns":6},{"damage":8,"enemies":"Exordium Thugs","floor":12,"turns":4},{"damage":11,"enemies":"Red Slaver","floor":14,"turns":4},{"damage":25,"enemies":"Slime Boss","floor":16,"turns":9},{"damage":8,"enemies":"3 Byrds","floor":18,"turns":5},{"damage":17,"enemies":"Shell Parasite","floor":22,"turns":4},{"damage":32,"enemies":"Book of Stabbing","floor":24,"turns":5},{"damage":18,"enemies":"Centurion and Healer","floor":28,"turns":6},{"damage":33,"enemies":"Slavers","floor":30,"turns":8},{"damage":10,"enemies":"Cultist and Chosen","floor":31,"turns":2}],"seed_played":"-8812412793076082166","potions_obtained":[{"floor":1,"key":"GamblersBrew"},{"floor":2,"key":"GhostInAJar"},{"floor":3,"key":"Dexterity Potion"},{"floor":16,"key":"FearPotion"},{"floor":22,"key":"Weak Potion"},{"floor":24,"key":"Poison Potion"}],"is_trial":false,"path_per_floor":["M","M","M","M","T","R","?","R","T","E","R","M","R","M","R","B",null,"M","?","?","$","M","R","E","R","T","T","M","R","E","M"],"character_chosen":"THE_SILENT","items_purchased":["Ninja Scroll","Good Instincts"],"campfire_rested":4,"item_purchase_floors":[21,21],"current_hp_per_floor":[55,53,52,44,44,44,44,44,44,27,46,38,38,27,27,27,56,48,30,30,30,13,34,9,32,32,32,14,37,4,0],"gold":136,"neow_bonus":"HUNDRED_GOLD","is_prod":false,"is_daily":false,"chose_seed":false,"campfire_upgraded":4,"win_rate":0,"timestamp":1549732538,"path_taken":["M","M","M","M","?","R","?","R","T","E","R","?","R","M","R","BOSS","M","?","?","$","?","R","E","R","T","?","M","R","E","M"],"build_version":"2019-01-23","purchased_purges":0,"victory":false,"max_hp_per_floor":[66,66,66,66,66,66,66,66,66,66,66,66,66,66,66,66,66,66,71,71,71,71,71,78,78,78,78,78,78,78,78],"card_choices":[{"not_picked":["Prepared","Dagger Throw"],"picked":"Backstab","floor":1},{"not_picked":["Blade Dance","Outmaneuver"],"picked":"Poisoned Stab","floor":2},{"not_picked":["Concentrate","Expertise"],"picked":"Bouncing Flask","floor":3},{"not_picked":["Reflex","Setup"],"picked":"Bouncing Flask","floor":4},{"not_picked":["Dodge and Roll","Choke"],"picked":"Cloak And Dagger","floor":10},{"not_picked":["Underhanded Strike","Riddle With Holes"],"picked":"Backstab","floor":12},{"not_picked":["Sucker Punch","Underhanded Strike","Poisoned Stab"],"picked":"SKIP","floor":14},{"not_picked":["Storm of Steel","Unload"],"picked":"Envenom","floor":16},{"not_picked":["Prepared+1","Outmaneuver"],"picked":"Backflip","floor":18},{"not_picked":["Dagger Throw","Escape Plan"],"picked":"Blur","floor":22},{"not_picked":["Dagger Spray","Dodge and Roll"],"picked":"Wraith Form v2","floor":24},{"not_picked":["Dagger Throw+1","Outmaneuver"],"picked":"Backflip","floor":28},{"not_picked":["Flechettes+1","Slice+1"],"picked":"Deflect","floor":30}],"player_experience":3550027,"relics_obtained":[{"floor":5,"key":"Ornamental Fan"},{"floor":9,"key":"Pantograph"},{"floor":10,"key":"Gremlin Horn"},{"floor":24,"key":"Strawberry"},{"floor":26,"key":"Molten Egg 2"},{"floor":27,"key":"Art of War"},{"floor":30,"key":"Letter Opener"}],"event_choices":[{"damage_healed":0,"gold_gain":0,"player_choice":"Trade","damage_taken":0,"relics_obtained":["GremlinMask"],"max_hp_gain":0,"max_hp_loss":0,"event_name":"FaceTrader","floor":7,"gold_loss":0},{"damage_healed":0,"gold_gain":0,"player_choice":"Shed Blood","damage_taken":23,"max_hp_gain":5,"max_hp_loss":0,"event_name":"Forgotten Altar","floor":19,"gold_loss":0},{"damage_healed":0,"gold_gain":0,"player_choice":"Ignored","damage_taken":0,"max_hp_gain":0,"max_hp_loss":0,"event_name":"N\u0027loth","floor":20,"gold_loss":0}],"is_beta":false,"boss_relics":[{"not_picked":["Empty Cage","Tiny House"],"picked":"Pandora\u0027s Box"}],"items_purged_floors":[],"is_endless":false,"potions_floor_spawned":[1,2,3,14,16,22,24],"killed_by":"Cultist and Chosen","ascension_level":18}