{"gold_per_floor":[118,134,209,209,225,251,251,270,270,270,270,302,321,341,341,443,443,454,468,468,484,495,495,520,520,520,619,635,653,653,666,666,764,764,781,781,781,781,794,794,819,819,819,837,837,898,947,967,967,967],"floor_reached":51,"playtime":2622,"items_purged":[],"score":889,"play_id":"61cb0f4c-89b2-452b-8404-ce87976ef2ef","local_time":"20181002215001","daily_mods":["SealedDeck"],"is_ascension_mode":false,"campfire_choices":[{"data":"Loop","floor":7.0,"key":"SMITH"},{"data":"Redo","floor":11.0,"key":"SMITH"},{"data":"Defragment","floor":15.0,"key":"SMITH"},{"data":"Defragment","floor":23,"key":"SMITH"},{"data":"Seek","floor":25,"key":"SMITH"},{"data":"Capacitor","floor":30,"key":"SMITH"},{"data":"Capacitor","floor":32,"key":"SMITH"},{"floor":40,"key":"DIG"},{"floor":42,"key":"DIG"},{"floor":49,"key":"DIG"}],"neow_cost":"","seed_source_timestamp":0,"circlet_count":0,"master_deck":["Cold Snap","Coolheaded","Chill","Redo+1","Hologram","Ball Lightning","Conserve Battery","Loop+1","FTL","Beam Cell","Ball Lightning","Go for the Eyes+1","Conserve Battery","FTL","White Noise","Beam Cell","Go for the Eyes","Defragment+1","Machine Learning","Self Repair","Capacitor+1","Capacitor+1","Stack","Seek+1","Go for the Eyes","Defragment+1","Go for the Eyes+1","Glacier+1","Self Repair","All For One","BootSequence","Fission+1","Go for the Eyes","Stack","Turbo+1","Stack+1","Coolheaded","Core Surge"],"special_seed":0,"relics":["Cracked Core","Oddly Smooth Stone","Pantograph","Calipers","Orrery","Mercury Hourglass","Bronze Scales","Philosopher\u0027s Stone","Shovel","The Courier","StoneCalendar","Gremlin Horn","DataDisk","Tiny Chest","Dream Catcher","Omamori"],"potions_floor_usage":[46,50,50,50],"damage_taken":[{"damage":1.0,"enemies":"Small Slimes","floor":1.0,"turns":2.0},{"damage":0.0,"enemies":"2 Louse","floor":2.0,"turns":2.0},{"damage":9.0,"enemies":"Jaw Worm","floor":5.0,"turns":2.0},{"damage":7.0,"enemies":"Lagavulin","floor":6.0,"turns":4.0},{"damage":0.0,"enemies":"Blue Slaver","floor":8.0,"turns":1.0},{"damage":0.0,"enemies":"3 Sentries","floor":12.0,"turns":3.0},{"damage":6.0,"enemies":"Large Slime","floor":13.0,"turns":3.0},{"damage":9.0,"enemies":"Lots of Slimes","floor":14.0,"turns":3.0},{"damage":15.0,"enemies":"Hexaghost","floor":16.0,"turns":9.0},{"damage":0,"enemies":"Spheric Guardian","floor":18,"turns":3},{"damage":0,"enemies":"Shell Parasite","floor":19,"turns":6},{"damage":5,"enemies":"Snake Plant","floor":21,"turns":5},{"damage":19,"enemies":"3 Cultists","floor":22,"turns":5},{"damage":5,"enemies":"Book of Stabbing","floor":24,"turns":6},{"damage":2,"enemies":"Cultist and Chosen","floor":28,"turns":7},{"damage":2,"enemies":"Chosen and Byrds","floor":29,"turns":6},{"damage":8,"enemies":"Snecko","floor":31,"turns":5},{"damage":0,"enemies":"Collector","floor":33,"turns":11},{"damage":7,"enemies":"Orb Walker","floor":35,"turns":4},{"damage":0,"enemies":"Mind Bloom Boss Battle","floor":36,"turns":5},{"damage":11,"enemies":"3 Darklings","floor":39,"turns":6},{"damage":0,"enemies":"Giant Head","floor":41,"turns":9},{"damage":0,"enemies":"Jaw Worm Horde","floor":44,"turns":4},{"damage":20,"enemies":"Nemesis","floor":46,"turns":7},{"damage":0,"enemies":"Sphere and 2 Shapes","floor":48,"turns":5},{"damage":8,"enemies":"Awakened One","floor":50,"turns":13}],"seed_played":"-580042319470690138","potions_obtained":[{"floor":1.0,"key":"FearPotion"},{"floor":2.0,"key":"AttackPotion"},{"floor":12.0,"key":"Weak Potion"},{"floor":31,"key":"Regen Potion"},{"floor":41,"key":"FocusPotion"},{"floor":45,"key":"FocusPotion"},{"floor":46,"key":"Dexterity Potion"}],"is_trial":true,"path_per_floor":["M","M","?","?","M","E","R","M","T","?","R","E","M","M","R","B",null,"M","M","$","M","M","R","E","R","T","?","M","M","R","M","R","B",null,"M","?","?","?","M","R","E","R","T","M","?","E","T","M","R","B"],"character_chosen":"DEFECT","items_purchased":[],"campfire_rested":0,"item_purchase_floors":[],"current_hp_per_floor":[74,74,63,63,54,47,47,47,47,47,47,47,41,32,32,49,75,75,75,75,75,63,63,65,65,65,65,70,75,75,74,74,75,75,68,75,75,75,75,75,75,75,75,75,75,75,75,75,75,75],"gold":967,"neow_bonus":"","is_prod":false,"is_daily":false,"chose_seed":false,"campfire_upgraded":7,"win_rate":0,"timestamp":1538484601,"path_taken":["M","M","?","?","M","E","R","?","T","?","R","E","M","M","R","BOSS","M","M","$","M","M","R","E","R","T","?","?","M","R","M","R","BOSS","M","?","?","?","M","R","E","R","T","M","?","E","?","M","R","BOSS"],"build_version":"2018-10-01","purchased_purges":0,"victory":true,"max_hp_per_floor":[75,75,75,75,75,75,75,75,75,75,75,75,75,75,75,75,75,75,75,75,75,75,75,75,75,75,75,75,75,75,75,75,75,75,75,75,75,75,75,75,75,75,75,75,75,75,75,75,75,75],"card_choices":[{"not_picked":["Conserve Battery","Go for the Eyes"],"picked":"Ball Lightning","floor":1.0},{"not_picked":["Chaos","Double Energy"],"picked":"Go for the Eyes","floor":2.0},{"not_picked":["Hello World","Compile Driver"],"picked":"Conserve Battery","floor":5.0},{"not_picked":["Amplify","Turbo"],"picked":"FTL","floor":6.0},{"not_picked":["Rebound","Compile Driver"],"picked":"White Noise","floor":8.0},{"not_picked":["Cold Snap","Sweeping Beam"],"picked":"Beam Cell","floor":12.0},{"not_picked":["Amplify","Rebound"],"picked":"Go for the Eyes","floor":13.0},{"not_picked":["Heatsinks","Coolheaded"],"picked":"Defragment","floor":14.0},{"not_picked":["Rainbow","Thunder Strike"],"picked":"Machine Learning","floor":16.0},{"not_picked":["Compile Driver","Cold Snap"],"picked":"Self Repair","floor":17},{"not_picked":["Conserve Battery","Steam"],"picked":"Capacitor","floor":17},{"not_picked":["Sunder","Stack"],"picked":"Capacitor","floor":17},{"not_picked":["Rebound","Hologram"],"picked":"Stack","floor":17},{"not_picked":["Barrage","Reprogram"],"picked":"Seek","floor":17},{"not_picked":["Rip and Tear","Gash"],"picked":"Go for the Eyes","floor":18},{"not_picked":["Loop","Blizzard"],"picked":"Defragment","floor":19},{"not_picked":["Leap","Darkness","Sweeping Beam+1"],"picked":"SKIP","floor":21},{"not_picked":["Ball Lightning","Rebound"],"picked":"Go for the Eyes+1","floor":22},{"not_picked":["Beam Cell","Conserve Battery"],"picked":"Glacier+1","floor":24},{"not_picked":["Lockon","Steam Power"],"picked":"Self Repair","floor":28},{"not_picked":["Barrage","Stack"],"picked":"All For One","floor":29},{"not_picked":["Skim","Steam+1"],"picked":"BootSequence","floor":31},{"not_picked":["All For One","Core Surge"],"picked":"Fission","floor":33},{"not_picked":["Ball Lightning","Chaos"],"picked":"Go for the Eyes","floor":35},{"not_picked":["Steam+1","Hologram"],"picked":"Stack","floor":36},{"not_picked":["Blizzard+1","Reinforced Body+1","Rebound"],"picked":"SKIP","floor":39},{"not_picked":["Doom and Gloom+1","Rip and Tear+1"],"picked":"Turbo+1","floor":41},{"not_picked":["Rip and Tear+1","Ball Lightning+1"],"picked":"Stack+1","floor":44},{"not_picked":["Reprogram+1","Steam+1"],"picked":"Coolheaded","floor":46},{"not_picked":["Chaos","Rip and Tear+1"],"picked":"Core Surge","floor":48}],"player_experience":463170,"relics_obtained":[{"floor":6.0,"key":"Oddly Smooth Stone"},{"floor":9.0,"key":"Pantograph"},{"floor":12.0,"key":"Calipers"},{"floor":24,"key":"Mercury Hourglass"},{"floor":26,"key":"Bronze Scales"},{"floor":36,"key":"Shovel"},{"floor":40,"key":"The Courier"},{"floor":41,"key":"StoneCalendar"},{"floor":42,"key":"Gremlin Horn"},{"floor":43,"key":"DataDisk"},{"floor":46,"key":"Tiny Chest"},{"floor":47,"key":"Dream Catcher"},{"floor":49,"key":"Omamori"}],"event_choices":[{"event_name":"World of Goop","player_choice":"Gather Gold","floor":3.0,"damage_taken":0.0},{"event_name":"Living Wall","player_choice":"Grow","floor":4.0,"damage_taken":0.0},{"event_name":"Golden Wing","player_choice":"Ignored","floor":10.0,"damage_taken":0.0},{"event_name":"Nest","player_choice":"Stole From Cult","floor":27,"damage_taken":0},{"event_name":"MindBloom","player_choice":"Fight","floor":36,"damage_taken":0},{"event_name":"Tomb of Lord Red Mask","player_choice":"Ignored","floor":37,"damage_taken":0},{"event_name":"Accursed Blacksmith","player_choice":"Forge","floor":38,"damage_taken":0},{"event_name":"The Lab","player_choice":"Got Potions","floor":45,"damage_taken":0}],"is_beta":true,"boss_relics":[{"not_picked":["White Beast Statue","Astrolabe"],"picked":"Orrery"},{"not_picked":["Empty Cage","Eternal Feather"],"picked":"Philosopher\u0027s Stone"}],"items_purged_floors":[],"is_endless":false,"potions_floor_spawned":[1,2,12,14,21,24,29,31,41,44,46,48],"ascension_level":0}