{"gold_per_floor":[109,28,39,56,68,102,102,130,130,160,160,160,171,185,185,256,256,267,317,327,12,24,84,84,113,113,143,162,72,91,103,103,176,176,195,213,70,123,140,169,169,71,95,95,195,206,238,285,285,285,285,285,285,49,49],"floor_reached":55,"playtime":3692,"items_purged":["Strike_R"],"score":1914,"play_id":"148abab4-dc98-4847-b109-fcd98a00056f","local_time":"20190209015947","is_ascension_mode":true,"campfire_choices":[{"floor":7.0,"key":"REST"},{"data":"Body Slam","floor":12.0,"key":"SMITH"},{"floor":15.0,"key":"REST"},{"floor":24.0,"key":"REST"},{"data":"Body Slam","floor":32.0,"key":"SMITH"},{"floor":41.0,"key":"REST"},{"data":"Demon Form","floor":44.0,"key":"SMITH"},{"floor":49.0,"key":"RECALL"},{"data":"Metallicize","floor":53,"key":"SMITH"}],"neow_cost":"NONE","seed_source_timestamp":197537438161700,"circlet_count":0,"master_deck":["AscendersBane","Strike_R","Strike_R","Strike_R","Defend_R","Defend_R","Defend_R+1","Defend_R","Bash","Headbutt","Shrug It Off+1","Body Slam+1","Shrug It Off","Demon Form+1","Metallicize+1","Metallicize","Dual Wield+1","Body Slam+1","Feed","Reaper","Armaments+1","Flame Barrier+1","Seeing Red+1","Flame Barrier+1","Battle Trance+1","Inflame+1","Juggernaut+1","Evolve+1","Finesse+1","Trip+1","Pommel Strike+1","True Grit+1","Barricade+1","Entrench+1"],"special_seed":0,"relics":["Burning Blood","Ancient Tea Set","Toxic Egg 2","Shuriken","Mercury Hourglass","Busted Crown","Anchor","Tiny Chest","Meat on the Bone","Art of War","Frozen Egg 2","Sozu","Torii","Mummified Hand","Blood Vial","Prayer Wheel","Orichalcum","War Paint","Strawberry"],"potions_floor_usage":[],"damage_taken":[{"damage":7.0,"enemies":"Cultist","floor":1.0,"turns":4.0},{"damage":14.0,"enemies":"Jaw Worm","floor":3.0,"turns":3.0},{"damage":0.0,"enemies":"2 Louse","floor":4.0,"turns":3.0},{"damage":24.0,"enemies":"Large Slime","floor":5.0,"turns":7.0},{"damage":37.0,"enemies":"3 Sentries","floor":6.0,"turns":9.0},{"damage":17.0,"enemies":"Lagavulin","floor":8.0,"turns":5.0},{"damage":21.0,"enemies":"3 Sentries","floor":10.0,"turns":11.0},{"damage":8.0,"enemies":"Blue Slaver","floor":13.0,"turns":5.0},{"damage":5.0,"enemies":"Looter","floor":14.0,"turns":4.0},{"damage":25.0,"enemies":"Hexaghost","floor":16.0,"turns":9.0},{"damage":53.0,"enemies":"Chosen","floor":18.0,"turns":9.0},{"damage":0.0,"enemies":"Spheric Guardian","floor":20.0,"turns":3.0},{"damage":18.0,"enemies":"Chosen and Byrds","floor":22.0,"turns":6.0},{"damage":10.0,"enemies":"Gremlin Leader","floor":23.0,"turns":6.0},{"damage":24.0,"enemies":"Slavers","floor":25.0,"turns":8.0},{"damage":30.0,"enemies":"Gremlin Leader","floor":27.0,"turns":9.0},{"damage":4.0,"enemies":"Centurion and Healer","floor":28.0,"turns":5.0},{"damage":22.0,"enemies":"Cultist and Chosen","floor":30.0,"turns":7.0},{"damage":0.0,"enemies":"Chosen and Byrds","floor":31.0,"turns":3.0},{"damage":28.0,"enemies":"Champ","floor":33.0,"turns":11.0},{"damage":11.0,"enemies":"3 Darklings","floor":35.0,"turns":6.0},{"damage":0.0,"enemies":"Orb Walker","floor":36.0,"turns":1.0},{"damage":1.0,"enemies":"2 Orb Walkers","floor":38.0,"turns":3.0},{"damage":25.0,"enemies":"Writhing Mass","floor":39.0,"turns":4.0},{"damage":68.0,"enemies":"Reptomancer","floor":40.0,"turns":6.0},{"damage":0.0,"enemies":"Mind Bloom Boss Battle","floor":45.0,"turns":6.0},{"damage":14.0,"enemies":"Sphere and 2 Shapes","floor":46.0,"turns":5.0},{"damage":43.0,"enemies":"Nemesis","floor":47.0,"turns":8.0},{"damage":52,"enemies":"Donu and Deca","floor":50,"turns":9},{"damage":48,"enemies":"Time Eater","floor":51,"turns":9},{"damage":94,"enemies":"Shield and Spear","floor":55,"turns":5}],"seed_played":"1327808642722241994","potions_obtained":[{"floor":1.0,"key":"Regen Potion"},{"floor":4.0,"key":"PowerPotion"},{"floor":8.0,"key":"Ancient Potion"},{"floor":10.0,"key":"Energy Potion"},{"floor":18.0,"key":"Fire Potion"},{"floor":20.0,"key":"FearPotion"},{"floor":28.0,"key":"BloodPotion"},{"floor":30.0,"key":"EssenceOfSteel"},{"floor":33.0,"key":"FearPotion"}],"is_trial":false,"path_per_floor":["M","$","M","M","M","E","R","E","T","E","T","R","M","M","R","B",null,"M","?","M","$","M","E","R","E","T","E","M","$","M","M","R","B",null,"M","M","$","?","M","E","R","$","T","R","?","M","E","T","R","B","B",null,"R","$","E"],"character_chosen":"IRONCLAD","items_purchased":["Shrug It Off","Body Slam","Anchor","Flame Barrier+1","Flame Barrier+1","Evolve+1","Finesse+1","Trip+1","Entrench+1","Strawberry"],"campfire_rested":4,"item_purchase_floors":[2,2,21,21,29,37,37,42,54,54],"current_hp_per_floor":[67,67,59,65,47,31,53,42,42,27,27,27,25,26,48,29,64,26,26,37,37,35,46,69,55,55,78,81,81,79,81,81,59,76,81,81,81,81,62,26,50,50,50,50,81,84,59,59,59,70,66,82,82,89,0],"gold":49,"neow_bonus":"REMOVE_CARD","is_prod":false,"is_daily":false,"chose_seed":false,"campfire_upgraded":4,"win_rate":0,"timestamp":1549673987,"path_taken":["M","$","M","?","M","E","R","E","T","E","?","R","M","M","R","BOSS","BOSS","M","?","M","$","M","E","R","E","T","E","M","$","M","M","R","BOSS","M","M","$","?","M","E","R","$","T","R","?","M","E","?","R","BOSS","BOSS","R","$","E"],"build_version":"2019-01-23","purchased_purges":1,"victory":false,"max_hp_per_floor":[75,75,75,75,75,75,75,75,75,75,75,75,75,75,75,75,75,75,75,75,75,78,78,78,78,78,78,81,81,81,81,81,81,81,81,81,81,81,81,81,81,81,81,81,81,84,84,84,84,87,87,87,87,94,94],"card_choices":[{"not_picked":["Fire Breathing","Iron Wave"],"picked":"Headbutt","floor":1.0},{"not_picked":["Seeing Red","Anger"],"picked":"Shrug It Off","floor":3.0},{"not_picked":["Twin Strike","Iron Wave","Burning Pact"],"picked":"SKIP","floor":4.0},{"not_picked":["Flex","Pommel Strike"],"picked":"Demon Form","floor":5.0},{"not_picked":["Reckless Charge","Sword Boomerang"],"picked":"Metallicize","floor":6.0},{"not_picked":["Second Wind","Ghostly Armor"],"picked":"Metallicize","floor":8.0},{"not_picked":["Twin Strike","Cleave"],"picked":"Dual Wield+1","floor":10.0},{"not_picked":["Sword Boomerang","Clothesline"],"picked":"Body Slam","floor":13.0},{"not_picked":["Headbutt","Intimidate+1"],"picked":"Feed","floor":14.0},{"not_picked":["Juggernaut","Bludgeon"],"picked":"Reaper","floor":16.0},{"not_picked":["Body Slam"],"picked":"SKIP","floor":18.0},{"not_picked":[],"picked":"Armaments+1","floor":20.0},{"not_picked":["Sentinel+1"],"picked":"SKIP","floor":22.0},{"not_picked":[],"picked":"Seeing Red+1","floor":23.0},{"not_picked":["Headbutt"],"picked":"SKIP","floor":25.0},{"not_picked":["Body Slam"],"picked":"SKIP","floor":27.0},{"not_picked":["Flex+1"],"picked":"SKIP","floor":28.0},{"not_picked":[],"picked":"Battle Trance+1","floor":30.0},{"not_picked":[],"picked":"Inflame+1","floor":31.0},{"not_picked":[],"picked":"Juggernaut+1","floor":33.0},{"not_picked":["Headbutt+1"],"picked":"SKIP","floor":35.0},{"not_picked":["Clash+1"],"picked":"SKIP","floor":36.0},{"not_picked":["Seeing Red+1"],"picked":"SKIP","floor":39.0},{"not_picked":["Wild Strike+1"],"picked":"SKIP","floor":40.0},{"not_picked":[],"picked":"Pommel Strike+1","floor":45.0},{"not_picked":[],"picked":"True Grit+1","floor":46.0},{"not_picked":[],"picked":"Barricade+1","floor":46.0},{"not_picked":["Reckless Charge"],"picked":"SKIP","floor":47.0}],"player_experience":646417,"relics_obtained":[{"floor":6.0,"key":"Ancient Tea Set"},{"floor":8.0,"key":"Toxic Egg 2"},{"floor":10.0,"key":"Shuriken"},{"floor":11.0,"key":"Mercury Hourglass"},{"floor":23.0,"key":"Tiny Chest"},{"floor":25.0,"key":"Meat on the Bone"},{"floor":26.0,"key":"Art of War"},{"floor":27.0,"key":"Frozen Egg 2"},{"floor":38.0,"key":"Torii"},{"floor":40.0,"key":"Mummified Hand"},{"floor":43.0,"key":"Blood Vial"},{"floor":45.0,"key":"Prayer Wheel"},{"floor":47.0,"key":"Orichalcum"},{"floor":48.0,"key":"War Paint"}],"event_choices":[{"damage_healed":0.0,"max_hp_gain":0.0,"max_hp_loss":0.0,"gold_gain":50.0,"event_name":"Nest","player_choice":"Stole From Cult","floor":19.0,"gold_loss":0.0,"damage_taken":0.0},{"damage_healed":0.0,"max_hp_gain":0.0,"max_hp_loss":0.0,"gold_gain":0.0,"event_name":"Mysterious Sphere","player_choice":"Fight","floor":38.0,"gold_loss":0.0,"damage_taken":0.0},{"damage_healed":0.0,"max_hp_gain":0.0,"max_hp_loss":0.0,"gold_gain":0.0,"event_name":"MindBloom","player_choice":"Fight","floor":45.0,"gold_loss":0.0,"damage_taken":0.0}],"is_beta":false,"boss_relics":[{"not_picked":["Calling Bell","Empty Cage"],"picked":"Busted Crown"},{"not_picked":["Orrery","Black Blood"],"picked":"Sozu"}],"items_purged_floors":[21],"is_endless":false,"potions_floor_spawned":[1,4,8,10,14,18,20,28,30,33,38,39,40,47],"killed_by":"Shield and Spear","ascension_level":20}