{"gold_per_floor":[114,39,39,39,39,69,69,98,122,157,174,207,219,296,296,395,395,406,406,406,212,228,258,258,287,287,322,322,352,362,461,461,563,563,574,368,368,416,416,445,545,576,603,603,603,603,630,649,649,649],"floor_reached":51,"playtime":1825,"items_purged":["Carnage"],"score":1206,"play_id":"d9d4638c-7667-48bd-9af7-7c5f6d619300","local_time":"20190104144457","daily_mods":["SealedDeck","Heirloom","Elite Swarm"],"is_ascension_mode":false,"campfire_choices":[{"data":"1","floor":7,"key":"LIFT"},{"data":"Limit Break","floor":15,"key":"SMITH"},{"data":"Apotheosis","floor":24,"key":"SMITH"},{"data":"2","floor":32,"key":"LIFT"},{"data":"3","floor":46,"key":"LIFT"},{"data":"Body Slam","floor":49,"key":"PURGE"}],"neow_cost":"","seed_source_timestamp":0,"circlet_count":0,"master_deck":["Clothesline","Clothesline+1","Warcry","Warcry","Iron Wave","Shrug It Off","Seeing Red+1","Whirlwind","Limit Break+1","Limit Break+1","Offering","Inflame","Offering","Exhume+1","Necronomicurse","Apotheosis+1","Reaper","Double Tap","Offering","Exhume","Limit Break+1","Limit Break","Reaper"],"relics":["Burning Blood","Girya","Matryoshka","Champion Belt","StoneCalendar","Dream Catcher","Boot","Lantern","Prayer Wheel","Paper Frog","Pear","White Beast Statue","Necronomicon","Bottled Lightning","Self Forming Clay","Singing Bowl","Peace Pipe","Anchor","Black Star","DollysMirror","Torii","Ice Cream","Oddly Smooth Stone","Magic Flower","Nunchaku","War Paint","Omamori","Meat on the Bone","Kunai","Question Card"],"potions_floor_usage":[50,50,50],"damage_taken":[{"damage":0,"enemies":"Cultist","floor":1,"turns":3},{"damage":13,"enemies":"3 Sentries","floor":6,"turns":3},{"damage":26,"enemies":"Lagavulin","floor":8,"turns":7},{"damage":9,"enemies":"3 Sentries","floor":10,"turns":3},{"damage":0,"enemies":"Small Slimes","floor":11,"turns":3},{"damage":10,"enemies":"Gremlin Nob","floor":12,"turns":3},{"damage":6,"enemies":"2 Louse","floor":13,"turns":2},{"damage":25,"enemies":"Hexaghost","floor":16,"turns":4},{"damage":6,"enemies":"3 Byrds","floor":18,"turns":4},{"damage":12,"enemies":"2 Thieves","floor":22,"turns":1},{"damage":12,"enemies":"Gremlin Leader","floor":23,"turns":2},{"damage":26,"enemies":"Book of Stabbing","floor":25,"turns":2},{"damage":6,"enemies":"Slavers","floor":27,"turns":1},{"damage":12,"enemies":"Gremlin Leader","floor":29,"turns":1},{"damage":12,"enemies":"Cultist and Chosen","floor":30,"turns":1},{"damage":18,"enemies":"Collector","floor":33,"turns":1},{"damage":18,"enemies":"Orb Walker","floor":35,"turns":1},{"damage":33,"enemies":"2 Orb Walkers","floor":38,"turns":2},{"damage":26,"enemies":"Reptomancer","floor":40,"turns":2},{"damage":12,"enemies":"Mind Bloom Boss Battle","floor":41,"turns":3},{"damage":13,"enemies":"Nemesis","floor":42,"turns":3},{"damage":12,"enemies":"Giant Head","floor":47,"turns":3},{"damage":12,"enemies":"3 Darklings","floor":48,"turns":1},{"damage":30,"enemies":"Awakened One","floor":50,"turns":2}],"seed_played":"-4747936149824705487","potions_obtained":[{"floor":1,"key":"EssenceOfSteel"},{"floor":8,"key":"SneckoOil"},{"floor":12,"key":"AttackPotion"},{"floor":23,"key":"Swift Potion"},{"floor":25,"key":"SteroidPotion"},{"floor":38,"key":"SteroidPotion"},{"floor":42,"key":"SteroidPotion"}],"is_trial":true,"path_per_floor":["M","$","?","?","?","E","R","E","T","E","M","E","M","T","R","B",null,"M","?","?","$","M","E","R","E","T","E","?","E","M","?","R","B",null,"M","$","?","?","?","E","?","E","T","T","$","R","E","M","R","B",null],"character_chosen":"IRONCLAD","items_purchased":["Apotheosis","DollysMirror"],"campfire_rested":0,"item_purchase_floors":[21,36],"current_hp_per_floor":[80,80,64,80,77,70,70,50,50,47,53,49,49,59,59,40,90,90,90,74,74,68,62,62,90,90,90,90,86,84,84,84,72,96,100,100,100,102,97,77,99,95,95,95,95,95,101,105,105,105],"gold":649,"neow_bonus":"","is_prod":false,"is_daily":false,"chose_seed":false,"campfire_upgraded":2,"win_rate":0,"timestamp":1546580697,"path_taken":["M","$","?","?","?","E","R","E","T","E","M","E","M","?","R","BOSS","M","?","?","?","M","E","R","E","T","E","?","E","?","?","R","BOSS","M","$","?","?","?","E","?","E","T","?","$","R","E","M","R","BOSS"],"build_version":"2018-12-20","purchased_purges":1,"victory":true,"max_hp_per_floor":[80,80,80,80,80,80,80,80,80,80,80,80,80,90,90,90,90,90,90,90,90,90,90,90,90,90,90,90,92,96,96,96,96,96,100,100,100,102,97,97,99,99,99,99,99,99,101,105,105,105],"card_choices":[{"not_picked":["Sword Boomerang","Sentinel","Cleave"],"picked":"SKIP","floor":1},{"not_picked":["Impervious","Offering"],"picked":"Limit Break","floor":6},{"not_picked":["Exhume","Dark Embrace"],"picked":"Limit Break","floor":8},{"not_picked":["Dark Embrace","Impervious"],"picked":"Offering","floor":10},{"not_picked":["Cleave","Twin Strike"],"picked":"Inflame","floor":11},{"not_picked":["Double Tap","Bludgeon"],"picked":"Offering","floor":12},{"not_picked":["Sword Boomerang","Heavy Blade","Infernal Blade"],"picked":"SKIP","floor":13},{"not_picked":["Armaments","Wild Strike","Pummel"],"picked":"SKIP","floor":13},{"not_picked":["Fiend Fire","Immolate"],"picked":"Exhume","floor":16},{"not_picked":["Pummel","Corruption","Thunderclap"],"picked":"SKIP","floor":18},{"not_picked":["Perfected Strike","Second Wind+1","True Grit"],"picked":"SKIP","floor":18},{"not_picked":["Heavy Blade","Thunderclap","Carnage+1"],"picked":"SKIP","floor":22},{"not_picked":["True Grit","Clash","Twin Strike+1"],"picked":"SKIP","floor":22},{"not_picked":["Berserk","Bludgeon"],"picked":"Reaper","floor":23},{"not_picked":["Barricade","Impervious"],"picked":"Double Tap","floor":25},{"not_picked":["Fiend Fire","Demon Form"],"picked":"Offering","floor":27},{"not_picked":["Feed","Bludgeon","Barricade"],"picked":"Singing Bowl","floor":29},{"not_picked":["Thunderclap","Iron Wave+1","True Grit"],"picked":"Singing Bowl","floor":30},{"not_picked":["Uppercut","Warcry+1","Pummel+1"],"picked":"Singing Bowl","floor":30},{"not_picked":["Bludgeon","Demon Form"],"picked":"Exhume","floor":33},{"not_picked":["Searing Blow","Sentinel+1","Twin Strike+1"],"picked":"Singing Bowl","floor":35},{"not_picked":["Armaments+1","Shrug It Off","Combust+1"],"picked":"Singing Bowl","floor":35},{"not_picked":["Dropkick+1","Pummel+1","Intimidate+1"],"picked":"Singing Bowl","floor":38},{"not_picked":["Dark Embrace","Immolate"],"picked":"Limit Break","floor":40},{"not_picked":["Evolve","Perfected Strike+1","Wild Strike"],"picked":"Singing Bowl","floor":41},{"not_picked":["Dark Embrace","Immolate"],"picked":"Reaper","floor":42},{"not_picked":["Feed","Barricade","Juggernaut"],"picked":"Singing Bowl","floor":47},{"not_picked":["True Grit+1","Warcry+1","Carnage","Battle Trance"],"picked":"Singing Bowl","floor":48},{"not_picked":["Clothesline+1","Shrug It Off","Power Through","Pommel Strike"],"picked":"Singing Bowl","floor":48}],"player_experience":740419,"relics_obtained":[{"floor":6,"key":"Champion Belt"},{"floor":8,"key":"StoneCalendar"},{"floor":9,"key":"Dream Catcher"},{"floor":9,"key":"Boot"},{"floor":10,"key":"Lantern"},{"floor":12,"key":"Prayer Wheel"},{"floor":14,"key":"Paper Frog"},{"floor":14,"key":"Pear"},{"floor":20,"key":"Necronomicon"},{"floor":23,"key":"Bottled Lightning"},{"floor":25,"key":"Self Forming Clay"},{"floor":26,"key":"Singing Bowl"},{"floor":27,"key":"Peace Pipe"},{"floor":29,"key":"Anchor"},{"floor":38,"key":"Torii"},{"floor":40,"key":"Ice Cream"},{"floor":40,"key":"Oddly Smooth Stone"},{"floor":41,"key":"Magic Flower"},{"floor":42,"key":"Nunchaku"},{"floor":42,"key":"War Paint"},{"floor":43,"key":"Omamori"},{"floor":44,"key":"Meat on the Bone"},{"floor":47,"key":"Kunai"},{"floor":47,"key":"Question Card"}],"event_choices":[{"damage_healed":0,"gold_gain":0,"player_choice":"Entered Light","damage_taken":16,"max_hp_gain":0,"max_hp_loss":0,"event_name":"Shining Light","floor":3,"gold_loss":0,"cards_upgraded":["Seeing Red","Clothesline"]},{"damage_healed":26,"gold_gain":0,"player_choice":"Banana","damage_taken":0,"max_hp_gain":0,"max_hp_loss":0,"event_name":"Big Fish","floor":4,"gold_loss":0},{"damage_healed":0,"gold_gain":0,"player_choice":"Success","damage_taken":3,"relics_obtained":["Matryoshka"],"max_hp_gain":0,"max_hp_loss":0,"event_name":"Scrap Ooze","floor":5,"gold_loss":0},{"damage_healed":0,"gold_gain":0,"player_choice":"Ignored","damage_taken":0,"max_hp_gain":0,"max_hp_loss":0,"event_name":"Ghosts","floor":19,"gold_loss":0},{"damage_healed":0,"gold_gain":0,"player_choice":"Obtained Book","damage_taken":16,"max_hp_gain":0,"max_hp_loss":0,"event_name":"Cursed Tome","floor":20,"gold_loss":0},{"damage_healed":0,"gold_gain":0,"player_choice":"0 cards matched","damage_taken":0,"max_hp_gain":0,"max_hp_loss":0,"event_name":"Match and Keep!","floor":28,"gold_loss":0,"cards_obtained":[]},{"damage_healed":0,"gold_gain":99,"player_choice":"Stole From Cult","damage_taken":0,"max_hp_gain":0,"max_hp_loss":0,"event_name":"Nest","floor":31,"gold_loss":0},{"damage_healed":0,"gold_gain":0,"player_choice":"Ignored","damage_taken":0,"max_hp_gain":0,"max_hp_loss":0,"event_name":"Tomb of Lord Red Mask","floor":37,"gold_loss":0},{"damage_healed":0,"gold_gain":0,"player_choice":"Fight","damage_taken":0,"max_hp_gain":0,"max_hp_loss":0,"event_name":"Mysterious Sphere","floor":38,"gold_loss":0},{"damage_healed":0,"gold_gain":0,"player_choice":"Max HP","damage_taken":0,"max_hp_gain":0,"max_hp_loss":5,"event_name":"Winding Halls","floor":39,"gold_loss":0},{"damage_healed":0,"gold_gain":0,"player_choice":"Fight","damage_taken":0,"max_hp_gain":0,"max_hp_loss":0,"event_name":"MindBloom","floor":41,"gold_loss":0}],"is_beta":false,"boss_relics":[{"not_picked":["Fusion Hammer","Astrolabe"],"picked":"White Beast Statue"},{"not_picked":["Lizard Tail","Sozu"],"picked":"Black Star"}],"items_purged_floors":[2],"is_endless":false,"potions_floor_spawned":[1,8,12,13,18,22,23,25,27,29,30,33,35,38,40,41,42,47,48],"ascension_level":0}