{"gold_per_floor":[119,67,84,9,184,212,212,226,226,226,78,90,104,119,119,224,224,238,255,99,99],"floor_reached":21,"playtime":1517,"items_purged":["Normality"],"score":181,"play_id":"101a038e-c73e-4d03-a395-f05842bde767","local_time":"20181226211653","is_ascension_mode":false,"campfire_choices":[{"floor":15,"key":"REST"}],"neow_cost":"CURSE","seed_source_timestamp":39944380425359,"circlet_count":0,"master_deck":["Strike_R","Strike_R","Strike_R","Strike_R","Defend_R+1","Defend_R","Defend_R","Defend_R","Bash","Sadistic Nature","Swift Strike+1","Rage","Armaments","Feel No Pain","Doubt","Limit Break","Uppercut+1","Inflame","Infernal Blade","Feed+1","Reckless Charge+1"],"relics":["Black Blood","Molten Egg 2","Boot","Ancient Tea Set","Blood Vial"],"potions_floor_usage":[],"damage_taken":[{"damage":1,"enemies":"Cultist","floor":1,"turns":4},{"damage":2,"enemies":"2 Louse","floor":3,"turns":4},{"damage":34,"enemies":"Gremlin Nob","floor":6,"turns":5},{"damage":4,"enemies":"Jaw Worm","floor":8,"turns":4},{"damage":9,"enemies":"Blue Slaver","floor":12,"turns":4},{"damage":16,"enemies":"Large Slime","floor":13,"turns":6},{"damage":0,"enemies":"2 Fungi Beasts","floor":14,"turns":3},{"damage":46,"enemies":"The Guardian","floor":16,"turns":8},{"damage":38,"enemies":"3 Byrds","floor":18,"turns":8},{"damage":26,"enemies":"Chosen","floor":19,"turns":8},{"damage":47,"enemies":"Shelled Parasite and Fungi","floor":21,"turns":6}],"seed_played":"-8193048100615303329","potions_obtained":[{"floor":6,"key":"Poison Potion"},{"floor":13,"key":"PowerPotion"},{"floor":14,"key":"Dexterity Potion"},{"floor":16,"key":"Fruit Juice"}],"is_trial":false,"path_per_floor":["M","$","M","$","?","E","?","M","T","?","$","M","M","M","R","B",null,"M","M","$","M"],"character_chosen":"IRONCLAD","items_purchased":["Armaments","Ancient Tea Set","Blood Vial"],"campfire_rested":1,"item_purchase_floors":[2,11,20],"current_hp_per_floor":[80,80,80,80,80,52,45,47,47,31,31,28,18,24,48,8,80,56,40,40,0],"gold":99,"neow_bonus":"RANDOM_COLORLESS_2","is_prod":false,"is_daily":false,"chose_seed":false,"campfire_upgraded":0,"win_rate":0.0,"timestamp":1545855413,"path_taken":["M","?","M","$","?","E","?","M","T","?","?","?","M","M","R","BOSS","M","M","$","?"],"build_version":"2018-12-20","purchased_purges":1,"victory":false,"max_hp_per_floor":[80,80,80,80,80,80,80,80,80,80,80,80,80,80,80,80,80,84,84,84,84],"card_choices":[{"not_picked":["Warcry","Clash"],"picked":"Rage","floor":1},{"not_picked":["Reckless Charge","Spot Weakness"],"picked":"Feel No Pain","floor":3},{"not_picked":["Body Slam","Headbutt"],"picked":"Limit Break","floor":6},{"not_picked":["Shrug It Off","Reckless Charge+1"],"picked":"Uppercut+1","floor":8},{"not_picked":["Carnage+1","Twin Strike+1"],"picked":"Inflame","floor":12},{"not_picked":["Sword Boomerang+1","Armaments","Twin Strike+1"],"picked":"SKIP","floor":13},{"not_picked":["Whirlwind+1","Burning Pact"],"picked":"Infernal Blade","floor":14},{"not_picked":["Juggernaut","Fiend Fire+1"],"picked":"Feed+1","floor":16},{"not_picked":["Perfected Strike+1","Clash+1"],"picked":"Reckless Charge+1","floor":18},{"not_picked":["Dual Wield","Wild Strike+1","Clash+1"],"picked":"SKIP","floor":19}],"player_experience":70244,"relics_obtained":[{"floor":6,"key":"Molten Egg 2"},{"floor":9,"key":"Boot"}],"event_choices":[{"damage_healed":0,"gold_gain":175,"player_choice":"AGREE","damage_taken":0,"max_hp_gain":0,"max_hp_loss":0,"event_name":"Liars Game","floor":5,"gold_loss":0,"cards_obtained":["Doubt"]},{"cards_removed":["Strike_R"],"damage_healed":0,"gold_gain":0,"player_choice":"Card Removal","damage_taken":7,"max_hp_gain":0,"max_hp_loss":0,"event_name":"Golden Wing","floor":7,"gold_loss":0},{"damage_healed":0,"gold_gain":0,"player_choice":"Entered Light","damage_taken":16,"max_hp_gain":0,"max_hp_loss":0,"event_name":"Shining Light","floor":10,"gold_loss":0,"cards_upgraded":["Swift Strike","Defend_R"]}],"is_beta":false,"boss_relics":[{"not_picked":["Velvet Choker","Lizard Tail"],"picked":"Black Blood"}],"items_purged_floors":[4],"is_endless":false,"potions_floor_spawned":[6,13,14,16],"killed_by":"Shelled Parasite and Fungi","ascension_level":0}