{"gold_per_floor":[110,120,120,120,137,153,153,171,195,221,41,41,41,72,72,177,177,193,204,204,6,6,40,40,72,72,72],"floor_reached":27,"playtime":1620,"items_purged":["Strike_G","Strike_G"],"score":349,"play_id":"2660b0ea-1b67-4917-814f-693b3a862c82","local_time":"20190118143829","is_ascension_mode":true,"campfire_choices":[{"data":"Quick Slash","floor":7,"key":"SMITH"},{"floor":15,"key":"REST"},{"floor":24,"key":"REST"}],"neow_cost":"NONE","seed_source_timestamp":837102675799198,"circlet_count":0,"master_deck":["Defend_G+1","Defend_G","Defend_G","Defend_G","Defend_G","Strike_G+1","Strike_G","Strike_G","Survivor","Neutralize+1","Dash","Dodge and Roll","Quick Slash+1","Slice","Envenom","Regret","Infinite Blades","Die Die Die","Slice+1","Bane+1","Cloak And Dagger","Infinite Blades","Dash","Well Laid Plans","Accuracy"],"relics":["Ring of the Snake","Vajra","Boot","Strawberry","Sundial","Regal Pillow","WristBlade","Ginger","Omamori","Ice Cream"],"potions_floor_usage":[10,12,14,16,25],"damage_taken":[{"damage":7,"enemies":"Jaw Worm","floor":1,"turns":6},{"damage":0,"enemies":"2 Louse","floor":2,"turns":4},{"damage":0,"enemies":"Cultist","floor":5,"turns":4},{"damage":0,"enemies":"Looter","floor":6,"turns":3},{"damage":2,"enemies":"Large Slime","floor":8,"turns":8},{"damage":6,"enemies":"Lagavulin","floor":10,"turns":5},{"damage":10,"enemies":"Gremlin Nob","floor":14,"turns":3},{"damage":30,"enemies":"The Guardian","floor":16,"turns":10},{"damage":30,"enemies":"3 Byrds","floor":18,"turns":5},{"damage":24,"enemies":"Shell Parasite","floor":19,"turns":4},{"damage":46,"enemies":"Book of Stabbing","floor":23,"turns":5},{"damage":33,"enemies":"Slavers","floor":25,"turns":5},{"damage":18,"enemies":"Shelled Parasite and Fungi","floor":27,"turns":3}],"seed_played":"3045383193921147294","potions_obtained":[{"floor":1,"key":"Poison Potion"},{"floor":6,"key":"Energy Potion"},{"floor":10,"key":"Dexterity Potion"},{"floor":23,"key":"Weak Potion"},{"floor":25,"key":"SteroidPotion"}],"is_trial":false,"path_per_floor":["M","M","?","?","M","M","R","M","T","E","$","?","?","E","R","B",null,"M","M","?","$","?","E","R","E","T","M"],"character_chosen":"THE_SILENT","items_purchased":["Fruit Juice","Cloak And Dagger","Infinite Blades"],"campfire_rested":2,"item_purchase_floors":[11,21,21],"current_hp_per_floor":[70,70,55,55,55,55,55,53,53,47,47,34,34,24,65,35,76,46,22,51,51,51,5,46,13,13,0],"gold":72,"neow_bonus":"TEN_PERCENT_HP_BONUS","is_prod":false,"is_daily":false,"chose_seed":false,"campfire_upgraded":1,"win_rate":0,"timestamp":1547840309,"path_taken":["M","M","?","?","?","M","R","M","T","E","$","?","?","E","R","BOSS","M","M","?","$","?","E","R","E","T","?"],"build_version":"2019-01-17v2","purchased_purges":2,"victory":false,"max_hp_per_floor":[77,77,77,77,77,77,77,77,77,77,77,89,89,89,89,89,89,89,89,89,89,89,89,89,89,89,89],"card_choices":[{"not_picked":["Sucker Punch","Backflip"],"picked":"Dash","floor":1},{"not_picked":["Outmaneuver","Reflex","Concentrate"],"picked":"SKIP","floor":2},{"not_picked":["Deadly Poison","Acrobatics"],"picked":"Dodge and Roll","floor":5},{"not_picked":["Dagger Throw","Catalyst"],"picked":"Quick Slash","floor":6},{"not_picked":["Acrobatics","Dagger Spray"],"picked":"Slice","floor":8},{"not_picked":["Flying Knee","Bouncing Flask"],"picked":"Envenom","floor":10},{"not_picked":["After Image","Tools of the Trade"],"picked":"Infinite Blades","floor":14},{"not_picked":["Phantasmal Killer","Malaise"],"picked":"Die Die Die","floor":16},{"not_picked":["Acrobatics+1","Riddle With Holes"],"picked":"Slice+1","floor":18},{"not_picked":["Prepared","Accuracy"],"picked":"Bane+1","floor":19},{"not_picked":["Infinite Blades+1","Blade Dance"],"picked":"Well Laid Plans","floor":23},{"not_picked":["Infinite Blades","Underhanded Strike"],"picked":"Accuracy","floor":25}],"player_experience":249774,"relics_obtained":[{"floor":9,"key":"Vajra"},{"floor":10,"key":"Boot"},{"floor":14,"key":"Regal Pillow"},{"floor":23,"key":"Ginger"},{"floor":25,"key":"Omamori"},{"floor":26,"key":"Ice Cream"}],"event_choices":[{"damage_healed":0,"gold_gain":0,"player_choice":"Entered Light","damage_taken":15,"max_hp_gain":0,"max_hp_loss":0,"event_name":"Shining Light","floor":3,"gold_loss":0,"cards_upgraded":["Strike_G","Defend_G"]},{"damage_healed":0,"gold_gain":0,"player_choice":"Upgraded","damage_taken":0,"max_hp_gain":0,"max_hp_loss":0,"event_name":"Upgrade Shrine","floor":4,"gold_loss":0,"cards_upgraded":["Neutralize"]},{"damage_healed":0,"gold_gain":0,"player_choice":"Success","damage_taken":25,"relics_obtained":["Strawberry"],"max_hp_gain":0,"max_hp_loss":0,"event_name":"Scrap Ooze","floor":12,"gold_loss":0},{"damage_healed":0,"gold_gain":0,"player_choice":"Box","damage_taken":0,"relics_obtained":["Sundial"],"max_hp_gain":0,"max_hp_loss":0,"event_name":"Big Fish","floor":13,"gold_loss":0,"cards_obtained":["Regret"]},{"damage_healed":29,"gold_gain":0,"player_choice":"Heal","damage_taken":0,"max_hp_gain":0,"max_hp_loss":0,"event_name":"The Library","floor":20,"gold_loss":0},{"damage_healed":0,"gold_gain":0,"player_choice":"Copied","damage_taken":0,"max_hp_gain":0,"max_hp_loss":0,"event_name":"Duplicator","floor":22,"gold_loss":0,"cards_obtained":["Dash"]}],"is_beta":false,"boss_relics":[{"not_picked":["Velvet Choker","Black Star"],"picked":"WristBlade"}],"items_purged_floors":[11,21],"is_endless":false,"potions_floor_spawned":[1,6,10,23,25],"killed_by":"Shelled Parasite and Fungi","ascension_level":5}