{"gold_per_floor":[116,134,152,0,14,14,29,29,29,29,29,57,57,57,57,134,134,148,20,20,20,30,55,55,89,162,162,176,189,189,189,189,266,266,286,286,36,0,13,43,43,63,63,78,78,3,103,116,116,116,116,116,12,41,41],"floor_reached":55,"playtime":4799,"items_purged":["Strike_R"],"score":1180,"play_id":"0cc38e7d-d237-4778-bb8b-f262ac93d1b3","local_time":"20190101031743","is_ascension_mode":true,"campfire_choices":[{"data":"Perfected Strike","floor":6.0,"key":"SMITH"},{"data":"Whirlwind","floor":8.0,"key":"SMITH"},{"data":"Inflame","floor":13.0,"key":"SMITH"},{"floor":15.0,"key":"REST"},{"floor":24.0,"key":"REST"},{"data":"Shockwave","floor":27.0,"key":"SMITH"},{"data":"Perfected Strike","floor":30.0,"key":"SMITH"},{"floor":32.0,"key":"REST"},{"data":"Offering","floor":41.0,"key":"SMITH"},{"floor":45.0,"key":"REST"},{"floor":49.0,"key":"RECALL"},{"data":"Perfected Strike","floor":52.0,"key":"SMITH"}],"neow_cost":"CURSE","seed_source_timestamp":0,"circlet_count":0,"master_deck":["AscendersBane","Strike_R","Strike_R","Strike_R","Defend_R+1","Defend_R+1","Defend_R","Bash","Twin Strike","Whirlwind+1","Headbutt","Twin Strike","Perfected Strike+1","Reaper","Inflame+1","Offering","Perfected Strike+1","Shockwave+1","Metallicize+1","Shrug It Off","J.A.X.","Offering+1","Clothesline","Mind Blast","Perfected Strike+1","Clothesline","Headbutt","Armaments+1"],"special_seed":0,"relics":["Burning Blood","Omamori","War Paint","Centennial Puzzle","Blue Candle","Busted Crown","Unceasing Top","Enchiridion","Thread and Needle","Ancient Tea Set","Letter Opener","Snecko Eye","Shuriken","Red Mask","Pen Nib","Champion Belt","Torii"],"potions_floor_usage":[],"damage_taken":[{"damage":3.0,"enemies":"Cultist","floor":1.0,"turns":3.0},{"damage":6.0,"enemies":"2 Louse","floor":2.0,"turns":3.0},{"damage":12.0,"enemies":"Small Slimes","floor":3.0,"turns":3.0},{"damage":14.0,"enemies":"Looter","floor":5.0,"turns":3.0},{"damage":2.0,"enemies":"3 Louse","floor":7.0,"turns":2.0},{"damage":27.0,"enemies":"Lagavulin","floor":12.0,"turns":5.0},{"damage":0.0,"enemies":"Large Slime","floor":14.0,"turns":1.0},{"damage":62.0,"enemies":"The Guardian","floor":16.0,"turns":10.0},{"damage":6.0,"enemies":"3 Byrds","floor":18.0,"turns":2.0},{"damage":10.0,"enemies":"Chosen","floor":22.0,"turns":3.0},{"damage":42.0,"enemies":"Slavers","floor":23.0,"turns":4.0},{"damage":13.0,"enemies":"Gremlin Leader","floor":25.0,"turns":5.0},{"damage":6.0,"enemies":"Centurion and Healer","floor":28.0,"turns":3.0},{"damage":7.0,"enemies":"Snecko","floor":29.0,"turns":3.0},{"damage":60.0,"enemies":"Automaton","floor":33.0,"turns":6.0},{"damage":6.0,"enemies":"Orb Walker","floor":35.0,"turns":2.0},{"damage":8.0,"enemies":"3 Shapes","floor":39.0,"turns":4.0},{"damage":17.0,"enemies":"Giant Head","floor":40.0,"turns":4.0},{"damage":48.0,"enemies":"Writhing Mass","floor":42.0,"turns":4.0},{"damage":0.0,"enemies":"4 Shapes","floor":44.0,"turns":7.0},{"damage":3.0,"enemies":"Mind Bloom Boss Battle","floor":47.0,"turns":2.0},{"damage":16.0,"enemies":"Maw","floor":48.0,"turns":4.0},{"damage":26.0,"enemies":"Donu and Deca","floor":50.0,"turns":3.0},{"damage":53.0,"enemies":"Shield and Spear","floor":54.0,"turns":4.0},{"damage":43,"enemies":"The Heart","floor":55,"turns":2}],"seed_played":"7478586717316278722","potions_obtained":[{"floor":2.0,"key":"SmokeBomb"},{"floor":12.0,"key":"Weak Potion"},{"floor":16.0,"key":"Dexterity Potion"},{"floor":22.0,"key":"GamblersBrew"},{"floor":28.0,"key":"Weak Potion"},{"floor":33.0,"key":"Dexterity Potion"},{"floor":39.0,"key":"GamblersBrew"},{"floor":44.0,"key":"Ancient Potion"}],"is_trial":false,"path_per_floor":["M","M","M","$","M","R","M","R","T","?","?","E","R","M","R","B",null,"M","$","?","?","M","E","R","E","T","R","M","M","R","?","R","B",null,"M","?","$","?","M","E","R","M","T","M","R","$","?","M","R","B",null,"R","$","E","B"],"character_chosen":"IRONCLAD","items_purchased":["Omamori","Perfected Strike","Shockwave","Shuriken","FearPotion","Headbutt"],"campfire_rested":4,"item_purchase_floors":[4,19,19,37,53,53],"current_hp_per_floor":[75,75,69,69,61,61,65,65,65,58,58,40,40,46,70,21,65,65,65,65,49,55,31,55,50,50,50,50,49,49,49,73,19,65,65,55,55,55,71,67,67,25,25,35,59,59,78,68,68,68,77,77,77,43,0],"gold":41,"neow_bonus":"TRANSFORM_TWO_CARDS","is_prod":false,"is_daily":false,"chose_seed":false,"campfire_upgraded":7,"win_rate":0,"timestamp":1546330663,"path_taken":["M","?","M","$","M","R","M","R","T","?","?","E","R","M","R","BOSS","M","$","?","?","M","E","R","E","T","R","M","M","R","?","R","BOSS","M","?","$","?","M","E","R","M","T","?","R","$","?","M","R","BOSS","R","$","E","BOSS"],"build_version":"2018-12-20","purchased_purges":1,"victory":false,"max_hp_per_floor":[80,80,80,80,80,80,80,80,80,80,80,80,80,80,80,80,80,80,80,80,80,80,80,80,80,80,80,80,80,80,80,80,80,80,80,80,80,80,80,80,80,80,80,80,80,80,80,80,80,80,80,80,80,80,80],"card_choices":[{"not_picked":["Seeing Red","Anger","Dual Wield"],"picked":"SKIP","floor":1.0},{"not_picked":["Heavy Blade","Armaments"],"picked":"Headbutt","floor":2.0},{"not_picked":["Second Wind","Cleave"],"picked":"Twin Strike","floor":3.0},{"not_picked":["Clash","Pommel Strike"],"picked":"Perfected Strike","floor":5.0},{"not_picked":["Clothesline","Evolve"],"picked":"Reaper","floor":7.0},{"not_picked":["True Grit","Shrug It Off"],"picked":"Inflame","floor":12.0},{"not_picked":["Exhume","Demon Form"],"picked":"Offering","floor":16.0},{"not_picked":["Havoc"],"picked":"SKIP","floor":18.0},{"not_picked":["Clothesline"],"picked":"SKIP","floor":22.0},{"not_picked":["Reckless Charge"],"picked":"SKIP","floor":23.0},{"not_picked":[],"picked":"Metallicize+1","floor":25.0},{"not_picked":["Blood for Blood"],"picked":"SKIP","floor":28.0},{"not_picked":["Blood for Blood"],"picked":"SKIP","floor":28.0},{"not_picked":[],"picked":"Shrug It Off","floor":29.0},{"not_picked":[],"picked":"Offering","floor":33.0},{"not_picked":[],"picked":"Clothesline","floor":35.0},{"not_picked":[],"picked":"Mind Blast","floor":36.0},{"not_picked":["Corruption"],"picked":"SKIP","floor":39.0},{"not_picked":["Intimidate"],"picked":"SKIP","floor":40.0},{"not_picked":[],"picked":"Perfected Strike","floor":42.0},{"not_picked":[],"picked":"Clothesline","floor":44.0},{"not_picked":["Hemokinesis"],"picked":"SKIP","floor":48.0},{"not_picked":[],"picked":"Armaments+1","floor":54.0}],"player_experience":382595,"relics_obtained":[{"floor":9.0,"key":"War Paint"},{"floor":12.0,"key":"Blue Candle"},{"floor":21.0,"key":"Enchiridion"},{"floor":23.0,"key":"Thread and Needle"},{"floor":25.0,"key":"Ancient Tea Set"},{"floor":26.0,"key":"Letter Opener"},{"floor":40.0,"key":"Pen Nib"},{"floor":47.0,"key":"Champion Belt"},{"floor":54.0,"key":"Torii"}],"event_choices":[{"cards_removed":["Decay"],"damage_healed":0.0,"max_hp_gain":0.0,"max_hp_loss":0.0,"gold_gain":0.0,"event_name":"Golden Wing","player_choice":"Card Removal","floor":10.0,"gold_loss":0.0,"damage_taken":7.0},{"damage_healed":0.0,"max_hp_gain":0.0,"max_hp_loss":0.0,"gold_gain":0.0,"event_name":"Big Fish","player_choice":"Box","floor":11.0,"gold_loss":0.0,"damage_taken":0.0,"relics_obtained":["Centennial Puzzle"],"cards_obtained":["Regret"]},{"damage_healed":0.0,"max_hp_gain":0.0,"max_hp_loss":0.0,"gold_gain":0.0,"event_name":"Addict","player_choice":"Stole Relic","floor":20.0,"gold_loss":0.0,"damage_taken":0.0,"relics_obtained":["Unceasing Top"],"cards_obtained":["Shame"]},{"damage_healed":0.0,"max_hp_gain":0.0,"max_hp_loss":0.0,"gold_gain":0.0,"event_name":"Cursed Tome","player_choice":"Obtained Book","floor":21.0,"gold_loss":0.0,"damage_taken":16.0},{"damage_healed":0.0,"max_hp_gain":0.0,"max_hp_loss":0.0,"gold_gain":0.0,"event_name":"Drug Dealer","player_choice":"Obtain J.A.X.","floor":31.0,"gold_loss":0.0,"damage_taken":0.0,"cards_obtained":["J.A.X."]},{"damage_healed":0.0,"max_hp_gain":0.0,"max_hp_loss":0.0,"gold_gain":0.0,"event_name":"SensoryStone","player_choice":"Memory 3","floor":36.0,"gold_loss":0.0,"damage_taken":10.0},{"damage_healed":0.0,"max_hp_gain":0.0,"max_hp_loss":0.0,"gold_gain":0.0,"event_name":"Tomb of Lord Red Mask","player_choice":"Paid","floor":38.0,"gold_loss":36.0,"damage_taken":0.0,"relics_obtained":["Red Mask"]},{"damage_healed":0.0,"max_hp_gain":0.0,"max_hp_loss":0.0,"gold_gain":0.0,"event_name":"MindBloom","player_choice":"Fight","floor":47.0,"gold_loss":0.0,"damage_taken":0.0}],"is_beta":false,"boss_relics":[{"not_picked":["Astrolabe","Black Blood"],"picked":"Busted Crown"},{"not_picked":["Mark of Pain","Lizard Tail"],"picked":"Snecko Eye"}],"items_purged_floors":[46],"is_endless":false,"potions_floor_spawned":[2,12,16,22,23,28,33,39,44,47,48],"killed_by":"The Heart","ascension_level":13}