{"gold_per_floor":[112,128,47,57,76,76,109,128,128,128,128,144,144,160,160,239,239,249,249,249,259,56,56,88,88,113,131,36,36,46,46,46,125,125,141,141,241,17,33,33,66,66,66,116,136,152,152,170,170,170],"floor_reached":51,"playtime":4665,"items_purged":["Storm of Steel"],"score":1847,"play_id":"9aaee1f3-a652-458a-95e7-cb0a66ae0a6f","local_time":"20190119212918","is_ascension_mode":true,"campfire_choices":[{"data":"Noxious Fumes","floor":6.0,"key":"SMITH"},{"data":"Well Laid Plans","floor":10.0,"key":"SMITH"},{"data":"Night Terror","floor":11.0,"key":"SMITH"},{"data":"Catalyst","floor":13.0,"key":"SMITH"},{"data":"Footwork","floor":15.0,"key":"SMITH"},{"data":"Venomology","floor":23.0,"key":"SMITH"},{"data":"Outmaneuver","floor":25.0,"key":"SMITH"},{"floor":29.0,"key":"REST"},{"data":"Adrenaline","floor":32.0,"key":"SMITH"},{"data":"Tools of the Trade","floor":40.0,"key":"SMITH"},{"data":"Expertise","floor":42.0,"key":"SMITH"},{"data":"Adrenaline","floor":47,"key":"SMITH"},{"data":"Purity","floor":49,"key":"SMITH"}],"neow_cost":"TEN_PERCENT_HP_LOSS","seed_source_timestamp":0,"circlet_count":0,"master_deck":["AscendersBane","Survivor","Neutralize","PiercingWail","Backflip","Noxious Fumes+1","Well Laid Plans+1","Catalyst+1","Night Terror+1","Cloak And Dagger","Footwork+1","Corpse Explosion","Heel Hook","Infinite Blades","Venomology+1","Expertise+1","Adrenaline+1","Backflip","RitualDagger","Outmaneuver+1","Tools of the Trade+1","Purity+1","Crippling Poison+1","Adrenaline+1","PiercingWail+1","Catalyst+1"],"special_seed":0,"relics":["Ring of the Snake","Du-Vu Doll","WingedGreaves","Pandora\u0027s Box","Tiny Chest","Ice Cream","Bronze Scales","Empty Cage","Tough Bandages","TwistedFunnel","Bird Faced Urn","Pantograph"],"potions_floor_usage":[46,50,50,50],"damage_taken":[{"damage":5.0,"enemies":"Jaw Worm","floor":1.0,"turns":5.0},{"damage":0.0,"enemies":"2 Louse","floor":2.0,"turns":2.0},{"damage":1.0,"enemies":"Cultist","floor":4.0,"turns":4.0},{"damage":3.0,"enemies":"3 Louse","floor":5.0,"turns":3.0},{"damage":11.0,"enemies":"Lagavulin","floor":7.0,"turns":7.0},{"damage":6.0,"enemies":"Red Slaver","floor":8.0,"turns":4.0},{"damage":8.0,"enemies":"Blue Slaver","floor":12.0,"turns":6.0},{"damage":4.0,"enemies":"Looter","floor":14.0,"turns":4.0},{"damage":3.0,"enemies":"Hexaghost","floor":16.0,"turns":10.0},{"damage":0.0,"enemies":"Shell Parasite","floor":18.0,"turns":5.0},{"damage":11.0,"enemies":"Spheric Guardian","floor":21.0,"turns":6.0},{"damage":1.0,"enemies":"Book of Stabbing","floor":24.0,"turns":5.0},{"damage":23.0,"enemies":"Shelled Parasite and Fungi","floor":27.0,"turns":4.0},{"damage":10.0,"enemies":"3 Cultists","floor":30.0,"turns":3.0},{"damage":8.0,"enemies":"Collector","floor":33.0,"turns":4.0},{"damage":0.0,"enemies":"3 Shapes","floor":35.0,"turns":2.0},{"damage":0.0,"enemies":"Mind Bloom Boss Battle","floor":37.0,"turns":3.0},{"damage":0.0,"enemies":"3 Darklings","floor":39.0,"turns":1.0},{"damage":0.0,"enemies":"Giant Head","floor":41.0,"turns":3.0},{"damage":21.0,"enemies":"Jaw Worm Horde","floor":45.0,"turns":3.0},{"damage":0,"enemies":"Transient","floor":46,"turns":4},{"damage":0,"enemies":"3 Darklings","floor":48,"turns":3},{"damage":0,"enemies":"Donu and Deca","floor":50,"turns":3}],"seed_played":"-1332433176372670423","potions_obtained":[{"floor":1.0,"key":"GamblersBrew"},{"floor":2.0,"key":"EssenceOfSteel"},{"floor":5.0,"key":"Explosive Potion"},{"floor":14.0,"key":"AttackPotion"},{"floor":21.0,"key":"GhostInAJar"},{"floor":27.0,"key":"EssenceOfSteel"},{"floor":39.0,"key":"FearPotion"},{"floor":45.0,"key":"Swift Potion"}],"is_trial":false,"path_per_floor":["M","M","$","M","M","R","E","M","T","R","R","M","R","M","R","B",null,"M","?","?","M","$","R","E","R","T","M","$","R","M","?","R","B",null,"M","$","?","$","M","R","E","R","T","?","M","M","R","M","R","B",null],"character_chosen":"THE_SILENT","items_purchased":["Well Laid Plans","Tiny Chest","Purity","TwistedFunnel"],"campfire_rested":1,"item_purchase_floors":[3,22,28,38],"current_hp_per_floor":[54,54,54,53,50,50,39,33,33,33,33,25,25,21,21,18,50,50,44,44,33,33,33,32,32,32,9,9,27,17,70,70,62,68,68,68,68,68,68,68,68,68,68,68,55,63,63,67,67,70],"gold":170,"neow_bonus":"TRANSFORM_TWO_CARDS","is_prod":false,"is_daily":false,"chose_seed":false,"campfire_upgraded":12,"win_rate":0,"timestamp":1547951358,"path_taken":["M","M","$","M","M","R","E","M","T","R","R","M","R","M","R","BOSS","M","?","?","M","?","R","E","R","T","?","$","R","M","?","R","BOSS","M","$","?","$","M","R","E","R","T","?","M","M","R","M","R","BOSS"],"build_version":"2019-01-17v2","purchased_purges":1,"victory":true,"max_hp_per_floor":[60,60,60,60,60,60,60,60,60,60,60,60,60,60,60,60,60,60,60,60,60,60,60,60,60,60,60,60,60,60,70,70,70,70,70,70,70,70,70,70,70,70,70,70,70,70,70,70,70,70],"card_choices":[{"not_picked":["Caltrops","All Out Attack"],"picked":"Backflip","floor":1.0},{"not_picked":["Prepared","PiercingWail"],"picked":"Noxious Fumes","floor":2.0},{"not_picked":["Dagger Spray","Underhanded Strike"],"picked":"Catalyst","floor":4.0},{"not_picked":["Backflip","Flying Knee","Heel Hook"],"picked":"SKIP","floor":5.0},{"not_picked":["Backflip","Flying Knee","Heel Hook"],"picked":"SKIP","floor":5.0},{"not_picked":["Backflip","Flying Knee","Heel Hook"],"picked":"SKIP","floor":5.0},{"not_picked":["Backflip","Flying Knee","Heel Hook"],"picked":"SKIP","floor":5.0},{"not_picked":["Choke","Underhanded Strike","Bane"],"picked":"SKIP","floor":7.0},{"not_picked":["Escape Plan","Slice"],"picked":"Night Terror","floor":8.0},{"not_picked":["Bane","Quick Slash"],"picked":"Cloak And Dagger","floor":12.0},{"not_picked":["Sucker Punch","Accuracy"],"picked":"Footwork","floor":14.0},{"not_picked":["Venomology","Burst"],"picked":"Corpse Explosion","floor":16.0},{"not_picked":["Acrobatics","Outmaneuver"],"picked":"Backflip","floor":18.0},{"not_picked":["PiercingWail","Tactician"],"picked":"Outmaneuver","floor":21.0},{"not_picked":["Choke","Dagger Throw","Dagger Spray"],"picked":"SKIP","floor":24.0},{"not_picked":["Choke","Dagger Throw","Dagger Spray"],"picked":"SKIP","floor":24.0},{"not_picked":["Flying Knee","Slice"],"picked":"Tools of the Trade","floor":27.0},{"not_picked":["Backflip","Flying Knee+1"],"picked":"Crippling Poison+1","floor":30.0},{"not_picked":["Envenom","Die Die Die"],"picked":"Adrenaline","floor":33.0},{"not_picked":["Cloak And Dagger","Choke","Setup"],"picked":"SKIP","floor":35.0},{"not_picked":["Outmaneuver","Slice+1"],"picked":"PiercingWail+1","floor":39.0},{"not_picked":["Dash+1","Endless Agony+1"],"picked":"Catalyst+1","floor":41.0},{"not_picked":["Prepared","Deflect","Choke+1"],"picked":"SKIP","floor":45.0},{"not_picked":["Flying Knee+1","Deadly Poison","Blur+1"],"picked":"SKIP","floor":46},{"not_picked":["Flying Knee+1","Deadly Poison","Blur+1"],"picked":"SKIP","floor":46},{"not_picked":["Endless Agony","Die Die Die","Poisoned Stab"],"picked":"SKIP","floor":48}],"player_experience":489741,"relics_obtained":[{"floor":7.0,"key":"Du-Vu Doll"},{"floor":9.0,"key":"WingedGreaves"},{"floor":24.0,"key":"Ice Cream"},{"floor":26.0,"key":"Bronze Scales"},{"floor":37.0,"key":"Tough Bandages"},{"floor":41.0,"key":"Bird Faced Urn"},{"floor":43.0,"key":"Pantograph"}],"event_choices":[{"damage_healed":0.0,"max_hp_gain":0.0,"max_hp_loss":0.0,"gold_gain":0.0,"event_name":"Nest","player_choice":"Joined the Cult","floor":19.0,"gold_loss":0.0,"damage_taken":6.0,"cards_obtained":["RitualDagger"]},{"damage_healed":0.0,"max_hp_gain":0.0,"max_hp_loss":0.0,"gold_gain":0.0,"event_name":"Vampires","player_choice":"Ignored","floor":20.0,"gold_loss":0.0,"damage_taken":0.0},{"cards_removed":["Storm of Steel"],"damage_healed":43.0,"max_hp_gain":10.0,"max_hp_loss":0.0,"gold_gain":0.0,"event_name":"Bonfire Elementals","player_choice":"Offered Rare","floor":31.0,"gold_loss":0.0,"damage_taken":0.0},{"damage_healed":0.0,"max_hp_gain":0.0,"max_hp_loss":0.0,"gold_gain":0.0,"event_name":"MindBloom","player_choice":"Fight","floor":37.0,"gold_loss":0.0,"damage_taken":0.0},{"damage_healed":0.0,"max_hp_gain":0.0,"max_hp_loss":0.0,"gold_gain":50.0,"event_name":"Golden Shrine","player_choice":"Pray","floor":44.0,"gold_loss":0.0,"damage_taken":0.0}],"is_beta":false,"boss_relics":[{"not_picked":["Calling Bell","WristBlade"],"picked":"Pandora\u0027s Box"},{"not_picked":["Runic Dome","HoveringKite"],"picked":"Empty Cage"}],"items_purged_floors":[22],"is_endless":false,"potions_floor_spawned":[1,2,5,14,21,27,30,33,39,45,46],"ascension_level":19}