{"gold_per_floor":[118,133,146,163,176,176,53,53,53,53,53,76,1,17,17,112,112,133,33,38,38,52,52,73,73,73,73,117,117,150,0,0,89,89,107,19,34,34,34,34,34,34,34,55,55,55,94,109,109,109],"floor_reached":50,"playtime":2891,"items_purged":["Strike_G","Strike_G"],"score":1050,"play_id":"7eb9c16d-88bb-423d-ab52-da28492e721b","local_time":"20190206184123","is_ascension_mode":true,"campfire_choices":[{"data":"Footwork","floor":6,"key":"SMITH"},{"data":"Noxious Fumes","floor":8,"key":"SMITH"},{"data":"Neutralize","floor":10,"key":"SMITH"},{"data":"Noxious Fumes","floor":15,"key":"SMITH"},{"data":"Malaise","floor":23,"key":"SMITH"},{"data":"All Out Attack","floor":25,"key":"SMITH"},{"data":"Poisoned Stab","floor":27,"key":"SMITH"},{"floor":32,"key":"REST"},{"data":"Leg Sweep","floor":40,"key":"SMITH"},{"data":"Leg Sweep","floor":42,"key":"SMITH"},{"data":"Crippling Poison","floor":46,"key":"SMITH"},{"floor":49,"key":"REST"}],"neow_cost":"NONE","seed_source_timestamp":146102305084000,"circlet_count":0,"master_deck":["AscendersBane","Defend_G","Defend_G","Defend_G","Defend_G","Defend_G","Strike_G","Strike_G","Survivor","Neutralize+1","Cloak And Dagger","Deadly Poison","Cloak And Dagger","Poisoned Stab+1","Footwork+1","Noxious Fumes+1","Leg Sweep+1","Noxious Fumes+1","Leg Sweep+1","Malaise+1","PiercingWail","Leg Sweep+1","Backflip+1","All Out Attack+1","Crippling Poison+1","PiercingWail+1","Adrenaline","Eviscerate+1","Dash","PiercingWail","Backflip","A Thousand Cuts","Catalyst"],"relics":["Eternal Feather","Question Card","Golden Idol","Cursed Key","Blue Candle","Darkstone Periapt","Snecko Eye","Bottled Flame"],"potions_floor_usage":[5,28,30,33,47,48],"damage_taken":[{"damage":20,"enemies":"Cultist","floor":1,"turns":7},{"damage":2,"enemies":"Jaw Worm","floor":2,"turns":4},{"damage":3,"enemies":"2 Louse","floor":3,"turns":3},{"damage":3,"enemies":"Blue Slaver","floor":4,"turns":5},{"damage":4,"enemies":"Exordium Thugs","floor":5,"turns":4},{"damage":5,"enemies":"Looter","floor":12,"turns":5},{"damage":4,"enemies":"3 Louse","floor":14,"turns":4},{"damage":12,"enemies":"Slime Boss","floor":16,"turns":10},{"damage":0,"enemies":"3 Byrds","floor":18,"turns":5},{"damage":33,"enemies":"2 Thieves","floor":20,"turns":4},{"damage":5,"enemies":"Centurion and Healer","floor":22,"turns":7},{"damage":0,"enemies":"Snecko","floor":24,"turns":10},{"damage":0,"enemies":"Gremlin Leader","floor":28,"turns":7},{"damage":42,"enemies":"Slavers","floor":30,"turns":6},{"damage":60,"enemies":"Automaton","floor":33,"turns":11},{"damage":32,"enemies":"3 Shapes","floor":35,"turns":6},{"damage":0,"enemies":"3 Darklings","floor":37,"turns":4},{"damage":0,"enemies":"Jaw Worm Horde","floor":44,"turns":5},{"damage":29,"enemies":"Giant Head","floor":47,"turns":11},{"damage":4,"enemies":"Writhing Mass","floor":48,"turns":8},{"damage":57,"enemies":"Time Eater","floor":50,"turns":17}],"seed_played":"7055517639384959110","potions_obtained":[{"floor":2,"key":"Poison Potion"},{"floor":5,"key":"Explosive Potion"},{"floor":14,"key":"AttackPotion"},{"floor":16,"key":"Dexterity Potion"},{"floor":30,"key":"Regen Potion"},{"floor":37,"key":"PowerPotion"},{"floor":47,"key":"Fire Potion"},{"floor":48,"key":"SteroidPotion"}],"is_trial":false,"path_per_floor":["M","M","M","M","M","R","$","R","T","R","?","M","$","M","R","B",null,"M","$","M","?","M","R","M","R","T","R","E","?","E","?","R","B",null,"M","$","M","?","$","R","?","R","T","M","?","R","E","M","R","B"],"character_chosen":"THE_SILENT","items_purchased":["Noxious Fumes","Leg Sweep","Dash"],"campfire_rested":2,"item_purchase_floors":[7,7,36],"current_hp_per_floor":[39,37,34,31,27,36,36,48,48,60,60,55,55,51,60,48,57,57,57,24,24,19,31,31,46,46,60,60,60,18,18,51,6,47,15,15,15,15,15,33,33,51,51,51,51,57,28,24,57,0],"gold":109,"neow_bonus":"BOSS_RELIC","is_prod":false,"is_daily":false,"chose_seed":false,"campfire_upgraded":10,"win_rate":0,"timestamp":1549496483,"path_taken":["M","?","?","M","M","R","$","R","T","R","?","M","$","M","R","BOSS","M","$","M","?","M","R","M","R","T","R","E","?","E","?","R","BOSS","M","$","M","?","?","R","?","R","T","M","?","R","E","M","R","BOSS"],"build_version":"2019-01-23","purchased_purges":2,"victory":false,"max_hp_per_floor":[66,66,66,66,66,66,66,66,66,66,60,60,60,60,60,60,60,60,60,60,60,60,60,60,60,60,60,60,60,60,60,60,60,60,60,60,60,60,60,60,60,60,60,60,57,57,57,57,57,57],"card_choices":[{"not_picked":["Quick Slash","Acrobatics"],"picked":"Cloak And Dagger","floor":1},{"not_picked":["Eviscerate","Cloak And Dagger"],"picked":"Deadly Poison","floor":2},{"not_picked":["Deadly Poison","PiercingWail"],"picked":"Cloak And Dagger","floor":3},{"not_picked":["Prepared","Doppelganger"],"picked":"Poisoned Stab","floor":4},{"not_picked":["Accuracy","Underhanded Strike"],"picked":"Footwork","floor":5},{"not_picked":["Finisher","Cloak And Dagger","Deadly Poison"],"picked":"Noxious Fumes","floor":12},{"not_picked":["Prepared","Deadly Poison","Underhanded Strike"],"picked":"Leg Sweep","floor":14},{"not_picked":["Burst","Die Die Die","Venomology"],"picked":"Malaise","floor":16},{"not_picked":["Deadly Poison","Poisoned Stab","Flying Knee"],"picked":"PiercingWail","floor":18},{"not_picked":["Blade Dance","Deadly Poison","Underhanded Strike"],"picked":"Leg Sweep+1","floor":20},{"not_picked":["Underhanded Strike+1","Outmaneuver","Dodge and Roll"],"picked":"Backflip+1","floor":22},{"not_picked":["PiercingWail","Slice","Caltrops"],"picked":"All Out Attack","floor":24},{"not_picked":["Endless Agony","Predator","Terror"],"picked":"Crippling Poison","floor":28},{"not_picked":["Quick Slash","Blade Dance","Glass Knife"],"picked":"PiercingWail+1","floor":30},{"not_picked":["Doppelganger","Burst","Phantasmal Killer"],"picked":"Adrenaline","floor":33},{"not_picked":["Flying Knee","Deadly Poison","Sucker Punch+1"],"picked":"Eviscerate+1","floor":35},{"not_picked":["Caltrops","Flying Knee","Accuracy"],"picked":"PiercingWail","floor":37},{"not_picked":["Tactician","Underhanded Strike","Deadly Poison"],"picked":"Backflip","floor":44},{"not_picked":["Underhanded Strike","Dodge and Roll","Deadly Poison+1"],"picked":"A Thousand Cuts","floor":47},{"not_picked":["Infinite Blades","Outmaneuver","Eviscerate"],"picked":"Catalyst","floor":48}],"player_experience":2037894,"relics_obtained":[{"floor":9,"key":"Question Card"},{"floor":28,"key":"Blue Candle"},{"floor":30,"key":"Darkstone Periapt"},{"floor":47,"key":"Bottled Flame"}],"event_choices":[{"damage_healed":0,"gold_gain":0,"player_choice":"Lose Max HP","damage_taken":0,"relics_obtained":["Golden Idol"],"max_hp_gain":0,"max_hp_loss":6,"event_name":"Golden Idol","floor":11,"gold_loss":0},{"damage_healed":0,"gold_gain":0,"player_choice":"Ignored","damage_taken":0,"max_hp_gain":0,"max_hp_loss":0,"event_name":"Vampires","floor":21,"gold_loss":0},{"damage_healed":0,"gold_gain":0,"player_choice":"Ignored","damage_taken":0,"max_hp_gain":0,"max_hp_loss":0,"event_name":"The Mausoleum","floor":29,"gold_loss":0},{"damage_healed":0,"gold_gain":0,"player_choice":"Paid Fearfully","damage_taken":0,"max_hp_gain":0,"max_hp_loss":0,"event_name":"Masked Bandits","floor":31,"gold_loss":150},{"cards_removed":["Strike_G"],"damage_healed":0,"gold_gain":0,"player_choice":"Purged","damage_taken":0,"max_hp_gain":0,"max_hp_loss":0,"event_name":"Purifier","floor":38,"gold_loss":0},{"damage_healed":0,"gold_gain":0,"player_choice":"Ignored","damage_taken":0,"max_hp_gain":0,"max_hp_loss":0,"event_name":"Mysterious Sphere","floor":41,"gold_loss":0},{"damage_healed":0,"gold_gain":0,"player_choice":"Max HP","damage_taken":0,"max_hp_gain":0,"max_hp_loss":3,"event_name":"Winding Halls","floor":45,"gold_loss":0}],"is_beta":true,"boss_relics":[{"not_picked":["Runic Dome","Fusion Hammer"],"picked":"Cursed Key"},{"not_picked":["Velvet Choker","Black Star"],"picked":"Snecko Eye"}],"items_purged_floors":[13,19],"is_endless":false,"potions_floor_spawned":[2,5,14,16,18,20,30,37,47,48],"killed_by":"Time Eater","ascension_level":20}