{"gold_per_floor":[113,113,125,125,52,52,83,83,83,102,102,114,114,134,134,134],"floor_reached":16,"playtime":477,"items_purged":[],"score":206,"play_id":"c2220086-52b6-46ac-8c56-34a5d0576d8e","local_time":"20190207220008","is_ascension_mode":true,"campfire_choices":[{"data":"Whirlwind","floor":6,"key":"SMITH"},{"data":"Sentinel","floor":11,"key":"SMITH"},{"data":"Armaments","floor":15,"key":"SMITH"}],"neow_cost":"NONE","seed_source_timestamp":874660933088711,"circlet_count":0,"master_deck":["AscendersBane","Strike_R","Strike_R","Strike_R","Defend_R","Defend_R","Defend_R","Defend_R","Bash","Burning Pact","Battle Trance","Offering","Whirlwind+1","Pummel","Sentinel+1","Clothesline","Armaments+1"],"relics":["Burning Blood","NeowsBlessing","Bag of Marbles","Magic Flower","Golden Idol"],"potions_floor_usage":[16,16],"damage_taken":[{"damage":0,"enemies":"Jaw Worm","floor":1,"turns":1},{"damage":0,"enemies":"Small Slimes","floor":3,"turns":1},{"damage":0,"enemies":"Lagavulin","floor":7,"turns":1},{"damage":0,"enemies":"2 Louse","floor":10,"turns":1},{"damage":0,"enemies":"Gremlin Gang","floor":12,"turns":1},{"damage":6,"enemies":"Large Slime","floor":14,"turns":3},{"damage":70,"enemies":"Slime Boss","floor":16,"turns":11}],"seed_played":"-2529234411610529868","potions_obtained":[{"floor":1,"key":"Poison Potion"},{"floor":7,"key":"SkillPotion"},{"floor":14,"key":"Strength Potion"}],"is_trial":false,"path_per_floor":["M","?","M","?","$","R","E","?","T","M","R","M","?","M","R","B"],"character_chosen":"IRONCLAD","items_purchased":["Whirlwind"],"campfire_rested":0,"item_purchase_floors":[5],"current_hp_per_floor":[78,83,85,85,85,85,85,78,78,85,85,85,64,67,67,0],"gold":134,"neow_bonus":"THREE_ENEMY_KILL","is_prod":false,"is_daily":false,"chose_seed":false,"campfire_upgraded":3,"win_rate":0,"timestamp":1549598408,"path_taken":["M","?","M","?","$","R","E","?","T","M","R","M","?","M","R","BOSS"],"build_version":"2019-01-23","purchased_purges":0,"victory":false,"max_hp_per_floor":[80,85,85,85,85,85,85,85,85,85,85,85,85,85,85,85],"card_choices":[{"not_picked":["Thunderclap","Pommel Strike"],"picked":"Burning Pact","floor":1},{"not_picked":["Warcry","Wild Strike"],"picked":"Battle Trance","floor":3},{"not_picked":["Disarm","Clothesline"],"picked":"Pummel","floor":7},{"not_picked":["Clash","Ghostly Armor"],"picked":"Sentinel","floor":10},{"not_picked":["Perfected Strike","Infernal Blade"],"picked":"Clothesline","floor":12},{"not_picked":["Perfected Strike","Pommel Strike"],"picked":"Armaments","floor":14}],"player_experience":531999,"relics_obtained":[{"floor":7,"key":"Bag of Marbles"},{"floor":9,"key":"Magic Flower"}],"event_choices":[{"damage_healed":0,"gold_gain":0,"player_choice":"Donut","damage_taken":0,"max_hp_gain":5,"max_hp_loss":0,"event_name":"Big Fish","floor":2,"gold_loss":0},{"damage_healed":0,"gold_gain":0,"cards_transformed":["Strike_R"],"player_choice":"Change","damage_taken":0,"max_hp_gain":0,"max_hp_loss":0,"event_name":"Living Wall","floor":4,"gold_loss":0,"cards_obtained":["Offering"]},{"cards_removed":["Strike_R"],"damage_healed":0,"gold_gain":0,"player_choice":"Card Removal","damage_taken":7,"max_hp_gain":0,"max_hp_loss":0,"event_name":"Golden Wing","floor":8,"gold_loss":0},{"damage_healed":0,"gold_gain":0,"player_choice":"Take Damage","damage_taken":21,"relics_obtained":["Golden Idol"],"max_hp_gain":0,"max_hp_loss":0,"event_name":"Golden Idol","floor":13,"gold_loss":0}],"is_beta":false,"boss_relics":[],"items_purged_floors":[],"is_endless":false,"potions_floor_spawned":[1,7,14],"killed_by":"Slime Boss","ascension_level":13}