{"gold_per_floor":[109,109,34,184,34,34,61,73,73,73,99,99,24,39,39,116,116,116,116,116,116,116],"floor_reached":22,"playtime":683,"items_purged":["Doubt"],"score":409,"play_id":"966d40ac-ef9d-4102-99d2-0d499547ee4b","local_time":"20190110012401","is_ascension_mode":true,"campfire_choices":[{"data":"Zap","floor":10,"key":"SMITH"},{"data":"Creative AI","floor":12,"key":"SMITH"},{"data":"Dualcast","floor":15,"key":"SMITH"}],"neow_cost":"NONE","seed_source_timestamp":2017164893586238,"circlet_count":0,"master_deck":["AscendersBane","Strike_B+1","Strike_B+1","Defend_B+1","Defend_B+1","Defend_B+1","Defend_B+1","Zap+1","Dualcast+1","Creative AI+1","Machine Learning","Conserve Battery","Echo Form","Static Discharge","FTL"],"relics":["Cracked Core","NeowsBlessing","Shuriken","Singing Bowl","Calipers","Ectoplasm"],"potions_floor_usage":[22,22],"damage_taken":[{"damage":0,"enemies":"Small Slimes","floor":1,"turns":1},{"damage":0,"enemies":"Lagavulin","floor":7,"turns":1},{"damage":0,"enemies":"2 Louse","floor":8,"turns":1},{"damage":30,"enemies":"3 Sentries","floor":11,"turns":4},{"damage":2,"enemies":"Jaw Worm","floor":14,"turns":4},{"damage":30,"enemies":"Hexaghost","floor":16,"turns":9},{"damage":25,"enemies":"Spheric Guardian","floor":18,"turns":6},{"damage":21,"enemies":"Shell Parasite","floor":21,"turns":6},{"damage":11,"enemies":"Cultist and Chosen","floor":22,"turns":3}],"seed_played":"-8342201643048924371","potions_obtained":[{"floor":7,"key":"SneckoOil"},{"floor":18,"key":"AttackPotion"}],"is_trial":false,"path_per_floor":["M","?","?","?","$","$","E","M","T","R","E","R","$","M","R","B",null,"M","?","?","M","M"],"character_chosen":"DEFECT","items_purchased":["Creative AI"],"campfire_rested":0,"item_purchase_floors":[5],"current_hp_per_floor":[64,64,64,64,64,64,64,64,64,64,34,34,34,34,34,4,56,31,31,31,10,0],"gold":116,"neow_bonus":"THREE_ENEMY_KILL","is_prod":false,"is_daily":false,"chose_seed":false,"campfire_upgraded":3,"win_rate":0,"timestamp":1547051041,"path_taken":["M","?","?","?","?","$","E","?","T","R","E","R","$","M","R","BOSS","M","?","?","?","M"],"build_version":"2019-01-03v4","purchased_purges":1,"victory":false,"max_hp_per_floor":[71,71,71,71,71,71,71,71,71,71,71,71,71,73,73,73,73,73,73,73,73,73],"card_choices":[{"not_picked":["Redo","Steam","Beam Cell"],"picked":"SKIP","floor":1},{"not_picked":["Sweeping Beam","Streamline","Lockon"],"picked":"SKIP","floor":7},{"not_picked":["Gash","Rebound"],"picked":"Machine Learning","floor":8},{"not_picked":["Chaos","Leap"],"picked":"Conserve Battery","floor":11},{"not_picked":["Steam Power","Rip and Tear","Double Energy"],"picked":"Singing Bowl","floor":14},{"not_picked":["Amplify","Seek"],"picked":"Echo Form","floor":16},{"not_picked":["Go for the Eyes","Lockon"],"picked":"Static Discharge","floor":18},{"not_picked":["Go for the Eyes","Steam"],"picked":"FTL","floor":21}],"player_experience":810142,"relics_obtained":[{"floor":7,"key":"Shuriken"},{"floor":9,"key":"Singing Bowl"},{"floor":11,"key":"Calipers"}],"event_choices":[{"damage_healed":0,"gold_gain":0,"player_choice":"Fled","damage_taken":0,"max_hp_gain":0,"max_hp_loss":0,"event_name":"Scrap Ooze","floor":2,"gold_loss":0},{"cards_removed":["Strike_B"],"damage_healed":0,"gold_gain":0,"player_choice":"Card Removal","damage_taken":0,"max_hp_gain":0,"max_hp_loss":0,"event_name":"The Cleric","floor":3,"gold_loss":75},{"damage_healed":0,"gold_gain":150,"player_choice":"AGREE","damage_taken":0,"max_hp_gain":0,"max_hp_loss":0,"event_name":"Liars Game","floor":4,"gold_loss":0,"cards_obtained":["Doubt"]},{"damage_healed":0,"gold_gain":0,"player_choice":"Simplicity","damage_taken":0,"max_hp_gain":0,"max_hp_loss":0,"event_name":"Back to Basics","floor":19,"gold_loss":0,"cards_upgraded":["Strike_B","Strike_B","Strike_B","Defend_B","Defend_B","Defend_B","Defend_B"]},{"cards_removed":["Strike_B"],"damage_healed":0,"gold_gain":0,"player_choice":"Card Removal","damage_taken":0,"max_hp_gain":0,"max_hp_loss":0,"event_name":"Wheel of Change","floor":20,"gold_loss":0}],"is_beta":false,"boss_relics":[{"not_picked":["Lizard Tail","Fusion Hammer"],"picked":"Ectoplasm"}],"items_purged_floors":[13],"is_endless":false,"potions_floor_spawned":[7,18],"killed_by":"Cultist and Chosen","ascension_level":18}