{"gold_per_floor":[110,122,140,157,168,196,48,74,127,127,162,162,180,190,190,293,293,267,284,384,397,413,413,338,338],"floor_reached":25,"playtime":1573,"items_purged":["Strike_R"],"score":309,"play_id":"0ea4c09e-f6d4-4003-bd37-e0a8d0b475e8","local_time":"20181202153310","is_ascension_mode":true,"campfire_choices":[{"floor":10,"key":"REST"},{"floor":12,"key":"REST"},{"floor":15,"key":"REST"},{"floor":23,"key":"REST"}],"neow_cost":"NONE","seed_source_timestamp":236702923161770,"circlet_count":0,"master_deck":["Strike_R","Strike_R","Strike_R","Defend_R","Defend_R","Defend_R","Defend_R","Bash","Spot Weakness","Ghostly Armor","Impervious","Disarm","Exhume","Barricade","Shrug It Off+1","Feel No Pain"],"relics":["Burning Blood","Strawberry","Orichalcum","Self Forming Clay","Fusion Hammer"],"potions_floor_usage":[3,11,14,18,21],"damage_taken":[{"damage":6,"enemies":"Cultist","floor":1,"turns":3},{"damage":12,"enemies":"Jaw Worm","floor":2,"turns":2},{"damage":10,"enemies":"Small Slimes","floor":3,"turns":4},{"damage":12,"enemies":"Looter","floor":4,"turns":3},{"damage":7,"enemies":"3 Louse","floor":5,"turns":4},{"damage":48,"enemies":"Gremlin Nob","floor":6,"turns":6},{"damage":30,"enemies":"3 Sentries","floor":8,"turns":12},{"damage":38,"enemies":"Gremlin Nob","floor":11,"turns":5},{"damage":5,"enemies":"2 Fungi Beasts","floor":13,"turns":5},{"damage":12,"enemies":"Lots of Slimes","floor":14,"turns":6},{"damage":29,"enemies":"The Guardian","floor":16,"turns":16},{"damage":34,"enemies":"2 Thieves","floor":18,"turns":5},{"damage":11,"enemies":"Shell Parasite","floor":19,"turns":7},{"damage":13,"enemies":"Centurion and Healer","floor":21,"turns":7},{"damage":21,"enemies":"Snecko","floor":22,"turns":9},{"damage":62,"enemies":"Slavers","floor":25,"turns":4}],"seed_played":"1298378543344798428","potions_obtained":[{"floor":2,"key":"Regen Potion"},{"floor":8,"key":"Energy Potion"},{"floor":11,"key":"LiquidBronze"},{"floor":16,"key":"SkillPotion"},{"floor":19,"key":"SkillPotion"}],"is_trial":false,"path_per_floor":["M","M","M","M","M","E","$","E","T","R","E","R","M","M","R","B",null,"M","M","?","M","M","R","?","E"],"character_chosen":"IRONCLAD","items_purchased":["Disarm"],"campfire_rested":4,"item_purchase_floors":[7],"current_hp_per_floor":[88,82,88,82,81,46,46,22,22,50,18,46,47,41,69,46,83,55,50,50,43,28,56,56,0],"gold":338,"neow_bonus":"TEN_PERCENT_HP_BONUS","is_prod":false,"is_daily":false,"chose_seed":false,"campfire_upgraded":0,"win_rate":0,"timestamp":1543782790,"path_taken":["M","?","M","M","M","E","$","E","T","R","E","R","?","M","R","BOSS","M","M","?","?","M","R","?","E"],"build_version":"2018-11-15","purchased_purges":1,"victory":false,"max_hp_per_floor":[88,88,88,88,88,95,95,95,95,95,95,95,95,95,95,95,95,95,95,95,95,95,95,95,95],"card_choices":[{"not_picked":["Clothesline","Warcry","Flex"],"picked":"SKIP","floor":1},{"not_picked":["Sword Boomerang","True Grit"],"picked":"Spot Weakness","floor":2},{"not_picked":["Burning Pact","Warcry"],"picked":"Ghostly Armor","floor":3},{"not_picked":["Armaments","Thunderclap"],"picked":"Impervious","floor":4},{"not_picked":["Warcry","Anger","Pommel Strike"],"picked":"SKIP","floor":5},{"not_picked":["Infernal Blade","Cleave","Thunderclap"],"picked":"SKIP","floor":6},{"not_picked":["Heavy Blade","Anger","Rage"],"picked":"SKIP","floor":8},{"not_picked":["Blood for Blood","Heavy Blade"],"picked":"Exhume","floor":11},{"not_picked":["Clash","Dual Wield","Spot Weakness"],"picked":"SKIP","floor":13},{"not_picked":["Flex","Warcry","Clothesline"],"picked":"SKIP","floor":14},{"not_picked":["Dark Embrace","Double Tap"],"picked":"Barricade","floor":16},{"not_picked":["Heavy Blade","Twin Strike+1","Headbutt"],"picked":"SKIP","floor":18},{"not_picked":["Thunderclap","Clash","Burning Pact"],"picked":"SKIP","floor":19},{"not_picked":["Demon Form","Pommel Strike"],"picked":"Shrug It Off+1","floor":21},{"not_picked":["Cleave","Armaments"],"picked":"Feel No Pain","floor":22}],"player_experience":678879,"relics_obtained":[{"floor":6,"key":"Strawberry"},{"floor":8,"key":"Orichalcum"},{"floor":11,"key":"Self Forming Clay"}],"event_choices":[{"damage_healed":0,"gold_gain":100,"player_choice":"Pray","damage_taken":0,"max_hp_gain":0,"max_hp_loss":0,"event_name":"Golden Shrine","floor":20,"gold_loss":0},{"cards_removed":["Strike_R"],"damage_healed":0,"gold_gain":0,"player_choice":"Gave Gold","damage_taken":0,"max_hp_gain":0,"max_hp_loss":0,"event_name":"Beggar","floor":24,"gold_loss":75}],"is_beta":false,"boss_relics":[{"not_picked":["Coffee Dripper","Runic Dome"],"picked":"Fusion Hammer"}],"items_purged_floors":[7],"is_endless":false,"potions_floor_spawned":[2,8,11,16,19],"killed_by":"Slavers","ascension_level":5}