{"gold_per_floor":[119,139,289,130,147,72,72,86,86,86,120,120,151,163,163,237,237,247,259,19,30,30,30,62,62,88,123,142,142,142,158,158,232,232,247,247,265,265,165,190,104,104,104,119,119,136,166,184,184,184,184],"floor_reached":52,"playtime":3370,"items_purged":["Doubt","Setup+1"],"score":2095,"play_id":"233a2b82-bb05-4a3d-b9b2-16f0a940b2b3","local_time":"20181205042509","is_ascension_mode":true,"campfire_choices":[{"data":"Skewer","floor":7,"key":"SMITH"},{"data":"Catalyst","floor":10,"key":"SMITH"},{"data":"1","floor":12,"key":"LIFT"},{"data":"2","floor":15,"key":"LIFT"},{"data":"3","floor":23,"key":"LIFT"},{"floor":25,"key":"REST"},{"floor":32,"key":"REST"},{"floor":42,"key":"REST"},{"floor":45,"key":"REST"},{"floor":49,"key":"REST"}],"neow_cost":"NONE","seed_source_timestamp":256778758567800,"circlet_count":0,"master_deck":["AscendersBane","Defend_G+1","Defend_G+1","Defend_G+1","Defend_G+1","Defend_G+1","Strike_G+1","Survivor","Neutralize","Dagger Throw","Catalyst+1","Skewer+1","Deadly Poison","Acrobatics","Bullet Time","Eviscerate+1","Burst","Leg Sweep","Riddle With Holes","Choke+1","Blur","Crippling Poison+1","Malaise","Dagger Throw+1","Leg Sweep+1","Master of Strategy","Footwork","Footwork","Backflip","Footwork","Noxious Fumes"],"relics":["Snecko Eye","Turnip","Girya","Whetstone","Fusion Hammer","PreservedInsect","Prayer Wheel","Bag of Preparation","Centennial Puzzle","Astrolabe","Snake Skull","Orichalcum","Molten Egg 2"],"potions_floor_usage":[13,18,51],"damage_taken":[{"damage":0,"enemies":"Cultist","floor":1,"turns":4},{"damage":0,"enemies":"2 Louse","floor":2,"turns":5},{"damage":0,"enemies":"Jaw Worm","floor":5,"turns":2},{"damage":3,"enemies":"Blue Slaver","floor":8,"turns":4},{"damage":6,"enemies":"Gremlin Nob","floor":11,"turns":3},{"damage":9,"enemies":"Lagavulin","floor":13,"turns":5},{"damage":0,"enemies":"3 Louse","floor":14,"turns":3},{"damage":26,"enemies":"Hexaghost","floor":16,"turns":7},{"damage":1,"enemies":"2 Thieves","floor":18,"turns":3},{"damage":1,"enemies":"Chosen","floor":19,"turns":3},{"damage":2,"enemies":"Sentry and Sphere","floor":21,"turns":4},{"damage":0,"enemies":"Book of Stabbing","floor":24,"turns":3},{"damage":0,"enemies":"Gremlin Leader","floor":27,"turns":3},{"damage":0,"enemies":"Centurion and Healer","floor":28,"turns":3},{"damage":8,"enemies":"Cultist and Chosen","floor":31,"turns":3},{"damage":5,"enemies":"Collector","floor":33,"turns":4},{"damage":0,"enemies":"Orb Walker","floor":35,"turns":2},{"damage":0,"enemies":"3 Shapes","floor":37,"turns":4},{"damage":0,"enemies":"Giant Head","floor":40,"turns":5},{"damage":0,"enemies":"Jaw Worm Horde","floor":44,"turns":3},{"damage":0,"enemies":"3 Darklings","floor":46,"turns":5},{"damage":0,"enemies":"Reptomancer","floor":47,"turns":1},{"damage":0,"enemies":"Sphere and 2 Shapes","floor":48,"turns":4},{"damage":1,"enemies":"Donu and Deca","floor":50,"turns":9},{"damage":28,"enemies":"Awakened One","floor":51,"turns":12}],"seed_played":"-8544381645320573042","potions_obtained":[{"floor":5,"key":"Swift Potion"},{"floor":13,"key":"Explosive Potion"},{"floor":14,"key":"GhostInAJar"},{"floor":28,"key":"PowerPotion"}],"is_trial":false,"path_per_floor":["M","M","?","$","M","?","R","M","T","R","E","R","E","M","R","B",null,"M","M","$","M","?","R","E","R","T","E","M","?","?","M","R","B",null,"M","?","M","?","$","E","$","R","T","M","R","M","E","M","R","B","B",null],"character_chosen":"THE_SILENT","items_purchased":["Skewer","Riddle With Holes","PreservedInsect","Footwork"],"campfire_rested":5,"item_purchase_floors":[4,20,20,41],"current_hp_per_floor":[59,59,59,59,59,59,59,56,56,56,50,50,41,41,41,15,53,52,51,51,49,49,49,49,66,66,66,66,66,66,58,66,61,65,65,55,55,55,55,55,55,66,66,66,66,66,66,66,66,65,37],"gold":184,"neow_bonus":"BOSS_RELIC","is_prod":false,"is_daily":false,"chose_seed":false,"campfire_upgraded":2,"win_rate":0,"timestamp":1544001909,"path_taken":["M","M","?","$","M","?","R","M","T","R","E","R","E","M","R","BOSS","M","M","$","M","?","R","E","R","T","E","M","?","?","M","R","BOSS","M","?","M","?","$","E","$","R","T","M","R","M","E","M","R","BOSS","BOSS"],"build_version":"2018-11-15","purchased_purges":2,"victory":true,"max_hp_per_floor":[66,66,66,66,66,66,66,66,66,66,66,66,66,66,66,66,66,66,66,66,66,66,66,66,66,66,66,66,66,66,66,66,66,66,66,66,66,66,66,66,66,66,66,66,66,66,66,66,66,66,66],"card_choices":[{"not_picked":["Well Laid Plans","Sucker Punch"],"picked":"Dagger Throw","floor":1},{"not_picked":["Slice","Blade Dance"],"picked":"Catalyst","floor":2},{"not_picked":["Dodge and Roll","Acrobatics"],"picked":"Deadly Poison","floor":5},{"not_picked":["Sucker Punch","Poisoned Stab"],"picked":"Acrobatics","floor":8},{"not_picked":["Riddle With Holes","Infinite Blades"],"picked":"Bullet Time","floor":11},{"not_picked":["All Out Attack","Flying Knee"],"picked":"Eviscerate","floor":13},{"not_picked":["Expertise","Dagger Throw","Dagger Spray"],"picked":"SKIP","floor":14},{"not_picked":["Glass Knife","Wraith Form v2"],"picked":"Burst","floor":16},{"not_picked":["Outmaneuver","Infinite Blades"],"picked":"Leg Sweep","floor":18},{"not_picked":["Quick Slash","All Out Attack+1","Acrobatics"],"picked":"SKIP","floor":19},{"not_picked":["Quick Slash","All Out Attack+1","Acrobatics"],"picked":"SKIP","floor":19},{"not_picked":["Underhanded Strike","Dagger Throw+1"],"picked":"Choke+1","floor":21},{"not_picked":["Venomology","Blade Dance","Escape Plan"],"picked":"SKIP","floor":24},{"not_picked":["All Out Attack+1","Infinite Blades","Prepared"],"picked":"SKIP","floor":27},{"not_picked":["Blade Dance","Sucker Punch","Poisoned Stab"],"picked":"SKIP","floor":28},{"not_picked":["Slice","Calculated Gamble","Masterful Stab"],"picked":"SKIP","floor":28},{"not_picked":["Blur","Underhanded Strike"],"picked":"Crippling Poison+1","floor":31},{"not_picked":["Blade Dance+1","Flechettes","Masterful Stab"],"picked":"SKIP","floor":31},{"not_picked":["Corpse Explosion","Die Die Die"],"picked":"Malaise","floor":33},{"not_picked":["Poisoned Stab+1","Dagger Throw+1","Heel Hook"],"picked":"SKIP","floor":35},{"not_picked":["Underhanded Strike","Slice","Quick Slash"],"picked":"SKIP","floor":35},{"not_picked":["Purity","Deep Breath"],"picked":"Master of Strategy","floor":36},{"not_picked":["Prepared+1","Bane","Cloak And Dagger+1"],"picked":"SKIP","floor":37},{"not_picked":["Tactician","Acrobatics","Sucker Punch"],"picked":"SKIP","floor":37},{"not_picked":["Phantasmal Killer","Deflect"],"picked":"Footwork","floor":40},{"not_picked":["Quick Slash","Distraction","Bane"],"picked":"SKIP","floor":44},{"not_picked":["Quick Slash","Deadly Poison","Accuracy"],"picked":"SKIP","floor":44},{"not_picked":["Cloak And Dagger","Die Die Die"],"picked":"Backflip","floor":46},{"not_picked":["Outmaneuver","Blade Dance","Deflect"],"picked":"SKIP","floor":46},{"not_picked":["Flechettes+1","Blade Dance"],"picked":"Footwork","floor":47},{"not_picked":["Slice+1","Outmaneuver"],"picked":"Noxious Fumes","floor":48},{"not_picked":["Sucker Punch+1","Slice+1","Bane+1"],"picked":"SKIP","floor":48}],"player_experience":1760152,"relics_obtained":[{"floor":9,"key":"Turnip"},{"floor":11,"key":"Girya"},{"floor":13,"key":"Whetstone"},{"floor":24,"key":"Prayer Wheel"},{"floor":26,"key":"Bag of Preparation"},{"floor":27,"key":"Centennial Puzzle"},{"floor":40,"key":"Snake Skull"},{"floor":43,"key":"Orichalcum"},{"floor":47,"key":"Molten Egg 2"}],"event_choices":[{"damage_healed":0,"gold_gain":150,"player_choice":"AGREE","damage_taken":0,"max_hp_gain":0,"max_hp_loss":0,"event_name":"Liars Game","floor":3,"gold_loss":0,"cards_obtained":["Doubt"]},{"cards_removed":["Strike_G"],"damage_healed":0,"gold_gain":0,"player_choice":"Card Removal","damage_taken":0,"max_hp_gain":0,"max_hp_loss":0,"event_name":"The Cleric","floor":6,"gold_loss":75},{"damage_healed":0,"gold_gain":0,"player_choice":"Simplicity","damage_taken":0,"max_hp_gain":0,"max_hp_loss":0,"event_name":"Back to Basics","floor":22,"gold_loss":0,"cards_upgraded":["Defend_G","Defend_G","Defend_G","Defend_G","Defend_G","Strike_G","Strike_G","Strike_G"]},{"damage_healed":0,"gold_gain":0,"player_choice":"Ignored","damage_taken":0,"max_hp_gain":0,"max_hp_loss":0,"event_name":"Vampires","floor":29,"gold_loss":0},{"damage_healed":0,"gold_gain":0,"player_choice":"Read","damage_taken":0,"max_hp_gain":0,"max_hp_loss":0,"event_name":"The Library","floor":30,"gold_loss":0,"cards_obtained":["Blur"]},{"damage_healed":0,"gold_gain":0,"player_choice":"Memory 3","damage_taken":10,"max_hp_gain":0,"max_hp_loss":0,"event_name":"SensoryStone","floor":36,"gold_loss":0},{"damage_healed":0,"gold_gain":0,"player_choice":"Ignored","damage_taken":0,"max_hp_gain":0,"max_hp_loss":0,"event_name":"Tomb of Lord Red Mask","floor":38,"gold_loss":0}],"is_beta":true,"boss_relics":[{"not_picked":["Pandora\u0027s Box","Velvet Choker"],"picked":"Fusion Hammer"},{"not_picked":["HoveringKite","Empty Cage"],"picked":"Astrolabe"}],"items_purged_floors":[4,39],"is_endless":false,"potions_floor_spawned":[5,13,14,28,31,35,44],"ascension_level":20}