{"gold_per_floor":[113,125,13,31,31,62,62,91,91,91,91,125,148,181,181,278,278,291,326,92,102,121,150,65,100,126,144,144,161,177,197,197,301,301,319,73,73,84,103,131,150,161,229,241,259,270,302,316,316,316],"floor_reached":50,"playtime":3104,"items_purged":["Defend_R","Bash"],"score":713,"play_id":"fd3592f1-6b4a-4a18-9698-60bef0551386","local_time":"20181010202903","is_ascension_mode":true,"campfire_choices":[{"data":"Inflame","floor":7,"key":"SMITH"},{"data":"Metallicize","floor":11,"key":"SMITH"},{"floor":15,"key":"REST"},{"floor":32,"key":"REST"},{"floor":49,"key":"REST"}],"neow_cost":"PERCENT_DAMAGE","seed_source_timestamp":66544251174618,"circlet_count":0,"master_deck":["Heavy Blade","Metallicize+1","Inflame+1","Double Tap","Inflame","Shrug It Off","Pommel Strike","Reaper","Iron Wave+1","Pummel","Pommel Strike","Seeing Red+1","Cleave","Bite","Bite","Bite","Bite","Bite","Shockwave","Heavy Blade+1","Double Tap","True Grit+1","Seeing Red+1","Rage+1","Metallicize+1","Pommel Strike","Heavy Blade+1","Inflame+1","Cleave+1","Pommel Strike+1","Headbutt+1","Spot Weakness"],"relics":["Burning Blood","Centennial Puzzle","Shuriken","Bronze Scales","Boot","Sundial","Odd Mushroom","The Courier","Fusion Hammer","Red Mask","Regal Pillow","Lantern","Frozen Egg 2","Red Skull","Vajra","Art of War","Astrolabe","Brimstone","Molten Egg 2","Gremlin Horn","Pen Nib"],"potions_floor_usage":[6,8,16,22,25,33,38,40,42,42,50,50,50],"damage_taken":[{"damage":5,"enemies":"Small Slimes","floor":1,"turns":5},{"damage":1,"enemies":"Cultist","floor":2,"turns":4},{"damage":0,"enemies":"2 Louse","floor":4,"turns":3},{"damage":31,"enemies":"3 Sentries","floor":6,"turns":8},{"damage":29,"enemies":"Gremlin Nob","floor":8,"turns":5},{"damage":9,"enemies":"Lagavulin","floor":12,"turns":5},{"damage":13,"enemies":"The Mushroom Lair","floor":13,"turns":4},{"damage":17,"enemies":"3 Sentries","floor":14,"turns":6},{"damage":25,"enemies":"Hexaghost","floor":16,"turns":9},{"damage":14,"enemies":"3 Byrds","floor":18,"turns":2},{"damage":54,"enemies":"Masked Bandits","floor":19,"turns":5},{"damage":4,"enemies":"Spheric Guardian","floor":21,"turns":3},{"damage":4,"enemies":"Cultist and Chosen","floor":22,"turns":3},{"damage":45,"enemies":"Slavers","floor":23,"turns":6},{"damage":21,"enemies":"Book of Stabbing","floor":25,"turns":4},{"damage":4,"enemies":"Centurion and Healer","floor":27,"turns":4},{"damage":28,"enemies":"Chosen and Byrds","floor":29,"turns":5},{"damage":7,"enemies":"Snecko","floor":30,"turns":3},{"damage":18,"enemies":"3 Cultists","floor":31,"turns":4},{"damage":68,"enemies":"Automaton","floor":33,"turns":7},{"damage":19,"enemies":"3 Shapes","floor":35,"turns":3},{"damage":11,"enemies":"3 Darklings","floor":38,"turns":3},{"damage":0,"enemies":"Transient","floor":39,"turns":5},{"damage":8,"enemies":"Giant Head","floor":40,"turns":4},{"damage":24,"enemies":"4 Shapes","floor":41,"turns":3},{"damage":0,"enemies":"3 Darklings","floor":42,"turns":2},{"damage":9,"enemies":"Sphere and 2 Shapes","floor":44,"turns":3},{"damage":4,"enemies":"Transient","floor":45,"turns":5},{"damage":7,"enemies":"Spire Growth","floor":46,"turns":2},{"damage":5,"enemies":"Nemesis","floor":47,"turns":3},{"damage":0,"enemies":"Reptomancer","floor":48,"turns":2},{"damage":82,"enemies":"Awakened One","floor":50,"turns":3}],"seed_played":"-9066809044406085096","potions_obtained":[{"floor":2,"key":"Weak Potion"},{"floor":6,"key":"BloodPotion"},{"floor":14,"key":"Block Potion"},{"floor":19,"key":"SkillPotion"},{"floor":23,"key":"LiquidBronze"},{"floor":27,"key":"Energy Potion"},{"floor":31,"key":"Weak Potion"},{"floor":33,"key":"AttackPotion"},{"floor":35,"key":"Explosive Potion"},{"floor":39,"key":"SteroidPotion"},{"floor":42,"key":"Fruit Juice"},{"floor":44,"key":"PowerPotion"},{"floor":46,"key":"GamblersBrew"}],"is_trial":false,"path_per_floor":["M","M","$","M","?","E","R","E","T","?","R","E","?","E","R","B",null,"M","?","$","M","M","E","?","E","T","M","?","M","M","M","R","B",null,"M","$","?","M","M","E","M","M","T","M","M","M","E","M","R"],"character_chosen":"IRONCLAD","items_purchased":["Metallicize","Regal Pillow","Lantern","Brimstone"],"campfire_rested":3,"item_purchase_floors":[3,20,20,36],"current_hp_per_floor":[70,75,75,81,78,53,53,39,39,71,71,68,61,50,78,59,96,94,68,68,70,72,42,42,40,40,62,62,54,57,51,67,26,67,56,56,56,53,67,65,53,72,72,69,72,71,72,72,72,0],"gold":316,"neow_bonus":"TWENTY_PERCENT_HP_BONUS","is_prod":false,"is_daily":false,"chose_seed":false,"campfire_upgraded":2,"win_rate":0,"timestamp":1539217743,"path_taken":["M","M","$","M","?","E","R","E","T","?","R","E","?","E","R","BOSS","M","?","$","M","M","E","?","E","T","?","?","M","M","?","R","BOSS","M","$","?","M","M","E","M","?","T","M","M","M","E","M","R","BOSS"],"build_version":"2018-10-04v2","purchased_purges":2,"victory":false,"max_hp_per_floor":[96,96,96,96,96,96,96,96,96,96,96,96,96,96,96,96,96,96,96,96,96,96,96,96,96,96,96,67,67,67,67,67,67,67,67,67,67,67,67,67,67,72,72,72,72,72,72,72,72,72],"card_choices":[{"not_picked":["Cleave","Hemokinesis"],"picked":"Heavy Blade","floor":1},{"not_picked":["Headbutt","True Grit"],"picked":"Bloodletting","floor":2},{"not_picked":["Clash","Second Wind"],"picked":"Inflame","floor":4},{"not_picked":["Heavy Blade","Sword Boomerang"],"picked":"Double Tap","floor":6},{"not_picked":["Warcry","Havoc"],"picked":"Inflame","floor":8},{"not_picked":["Blood for Blood","Body Slam"],"picked":"Shrug It Off","floor":12},{"not_picked":["Perfected Strike","Warcry"],"picked":"Pommel Strike","floor":14},{"not_picked":["Berserk","Exhume"],"picked":"Reaper","floor":16},{"not_picked":["Body Slam","Rupture","Wild Strike"],"picked":"SKIP","floor":18},{"not_picked":["Blood for Blood+1","Heavy Blade"],"picked":"Iron Wave+1","floor":19},{"not_picked":["Blood for Blood+1","Disarm","Combust"],"picked":"SKIP","floor":21},{"not_picked":["Burning Pact","Iron Wave"],"picked":"Pummel","floor":22},{"not_picked":["Sword Boomerang","Clothesline"],"picked":"Pommel Strike","floor":23},{"not_picked":["Perfected Strike","Fire Breathing+1"],"picked":"Seeing Red+1","floor":25},{"not_picked":["Battle Trance","Sentinel"],"picked":"Cleave","floor":27},{"not_picked":["Dropkick","Feel No Pain+1"],"picked":"Shockwave","floor":29},{"not_picked":["Seeing Red","Rage","Flex"],"picked":"SKIP","floor":30},{"not_picked":["Body Slam","Cleave"],"picked":"Heavy Blade+1","floor":31},{"not_picked":["Offering","Bludgeon"],"picked":"Double Tap","floor":33},{"not_picked":["Disarm","Cleave","Sever Soul+1"],"picked":"SKIP","floor":35},{"not_picked":["Headbutt+1","Anger+1"],"picked":"Metallicize+1","floor":38},{"not_picked":["Body Slam+1","Dropkick"],"picked":"Pommel Strike","floor":39},{"not_picked":["Perfected Strike+1","Anger+1"],"picked":"Heavy Blade","floor":40},{"not_picked":["Uppercut+1","Dual Wield+1"],"picked":"Inflame+1","floor":41},{"not_picked":["Demon Form+1","Havoc+1"],"picked":"Cleave+1","floor":42},{"not_picked":["Shrug It Off+1","Twin Strike+1"],"picked":"Pommel Strike+1","floor":44},{"not_picked":["Immolate+1","Perfected Strike+1"],"picked":"Headbutt+1","floor":45},{"not_picked":["Power Through","Blood for Blood+1"],"picked":"Spot Weakness","floor":46},{"not_picked":["Armaments+1","Iron Wave+1","Wild Strike+1"],"picked":"SKIP","floor":47},{"not_picked":["Evolve+1","Sword Boomerang+1","Anger+1"],"picked":"SKIP","floor":48}],"player_experience":239885,"relics_obtained":[{"floor":6,"key":"Shuriken"},{"floor":8,"key":"Bronze Scales"},{"floor":9,"key":"Boot"},{"floor":12,"key":"Sundial"},{"floor":13,"key":"Odd Mushroom"},{"floor":14,"key":"The Courier"},{"floor":19,"key":"Red Mask"},{"floor":23,"key":"Frozen Egg 2"},{"floor":25,"key":"Vajra"},{"floor":26,"key":"Art of War"},{"floor":40,"key":"Molten Egg 2"},{"floor":43,"key":"Gremlin Horn"},{"floor":47,"key":"Pen Nib"}],"event_choices":[{"event_name":"Scrap Ooze","player_choice":"success","floor":5,"damage_taken":3},{"event_name":"Big Fish","player_choice":"Banana","floor":10,"damage_taken":0},{"event_name":"Mushrooms","player_choice":"Fought Mushrooms","floor":13,"damage_taken":0},{"event_name":"Masked Bandits","player_choice":"Fought Bandits","floor":19,"damage_taken":0},{"event_name":"Addict","player_choice":"Obtained Relic","floor":24,"damage_taken":0},{"event_name":"Vampires","player_choice":"Became a vampire","floor":28,"damage_taken":0},{"event_name":"Falling","player_choice":"Removed Skill","floor":37,"damage_taken":0}],"is_beta":false,"boss_relics":[{"not_picked":["Eternal Feather","Busted Crown"],"picked":"Fusion Hammer"},{"not_picked":["Orrery","Cursed Key"],"picked":"Astrolabe"}],"items_purged_floors":[3,36],"is_endless":false,"potions_floor_spawned":[2,6,14,19,23,27,31,33,35,39,42,44,46,47],"killed_by":"Awakened One","ascension_level":2}