{"gold_per_floor":[109,125,141,141,141,141,128,146,216,216,246,246,246,171,171,171],"floor_reached":16,"playtime":696,"items_purged":["Pain"],"score":160,"play_id":"f8b4812b-9ed5-49e9-856f-af319a499bac","local_time":"20181106220447","is_ascension_mode":true,"campfire_choices":[{"data":"Dualcast","floor":6,"key":"SMITH"},{"data":"Conserve Battery","floor":10,"key":"SMITH"},{"floor":13,"key":"REST"},{"data":"Seek","floor":15,"key":"SMITH"}],"neow_cost":"CURSE","seed_source_timestamp":264120519000948,"circlet_count":0,"master_deck":["AscendersBane","Strike_B","Strike_B","Strike_B+1","Strike_B","Defend_B","Defend_B","Defend_B","Defend_B","Zap+1","Dualcast+1","Gash+1","Leap","Conserve Battery+1","Cold Snap","Loop","Seek+1"],"relics":["Cracked Core","Turnip","Pear","Girya"],"potions_floor_usage":[11],"damage_taken":[{"damage":4,"enemies":"Cultist","floor":1,"turns":3},{"damage":13,"enemies":"Jaw Worm","floor":2,"turns":3},{"damage":5,"enemies":"2 Louse","floor":3,"turns":3},{"damage":30,"enemies":"Exordium Thugs","floor":7,"turns":4},{"damage":0,"enemies":"Blue Slaver","floor":8,"turns":3},{"damage":25,"enemies":"Lagavulin","floor":11,"turns":6},{"damage":36,"enemies":"Slime Boss","floor":16,"turns":6}],"seed_played":"3749172790514862175","potions_obtained":[{"floor":2,"key":"Strength Potion"},{"floor":7,"key":"Swift Potion"},{"floor":8,"key":"Fire Potion"}],"is_trial":false,"path_per_floor":["M","M","M","?","?","R","M","M","T","R","E","?","R","$","R","B"],"character_chosen":"DEFECT","items_purchased":[],"campfire_rested":1,"item_purchase_floors":[],"current_hp_per_floor":[64,51,46,71,71,71,41,41,51,51,26,9,34,34,34,0],"gold":171,"neow_bonus":"ONE_RARE_RELIC","is_prod":false,"is_daily":false,"chose_seed":false,"campfire_upgraded":3,"win_rate":0,"timestamp":1541509487,"path_taken":["M","M","?","?","?","R","?","M","T","R","E","?","R","?","R","BOSS"],"build_version":"2018-11-01","purchased_purges":1,"victory":false,"max_hp_per_floor":[75,75,75,75,75,75,75,75,85,85,85,85,85,85,85,85],"card_choices":[{"not_picked":["Streamline","Redo"],"picked":"Gash","floor":1},{"not_picked":["Chaos","Redo"],"picked":"Leap","floor":2},{"not_picked":["Barrage","Sunder"],"picked":"Conserve Battery","floor":3},{"not_picked":["Rip and Tear","Compile Driver"],"picked":"Cold Snap","floor":7},{"not_picked":["Rebound","Compile Driver"],"picked":"Loop","floor":8},{"not_picked":["Sunder","Gash"],"picked":"Seek","floor":11}],"player_experience":555551,"relics_obtained":[{"floor":9,"key":"Pear"},{"floor":11,"key":"Girya"}],"event_choices":[{"damage_healed":25,"gold_gain":0,"player_choice":"Banana","damage_taken":0,"max_hp_gain":0,"max_hp_loss":0,"event_name":"Big Fish","floor":4,"gold_loss":0},{"damage_healed":0,"gold_gain":0,"player_choice":"Forge","damage_taken":0,"max_hp_gain":0,"max_hp_loss":0,"event_name":"Accursed Blacksmith","floor":5,"gold_loss":0,"cards_upgraded":["Zap"]},{"damage_healed":0,"gold_gain":0,"player_choice":"Entered Light","damage_taken":17,"max_hp_gain":0,"max_hp_loss":0,"event_name":"Shining Light","floor":12,"gold_loss":0,"cards_upgraded":["Gash","Strike_B"]}],"is_beta":false,"boss_relics":[],"items_purged_floors":[14],"is_endless":false,"potions_floor_spawned":[2,7,8],"killed_by":"Slime Boss","ascension_level":12}