{"gold_per_floor":[114,127,53,53,53,53,73,73,73,87,87,87,101,27,27,124,124,134,134,59,74,89,89,89],"floor_reached":24,"playtime":922,"items_purged":[],"score":236,"play_id":"ef7b8091-c200-4afe-ae4f-0f3e6df5e259","local_time":"20181015200311","is_ascension_mode":false,"campfire_choices":[{"data":"Neutralize","floor":6,"key":"SMITH"},{"data":"Well Laid Plans","floor":8,"key":"SMITH"},{"data":"Escape Plan","floor":11,"key":"SMITH"},{"data":"A Thousand Cuts","floor":15,"key":"SMITH"},{"data":"Accuracy","floor":23,"key":"SMITH"}],"neow_cost":"TEN_PERCENT_HP_LOSS","seed_source_timestamp":419404255684570,"circlet_count":0,"master_deck":["Defend_G","Defend_G","Defend_G","Defend_G","Strike_G","Strike_G","Strike_G","Strike_G","Strike_G","Survivor","Neutralize+1","Deadly Poison+1","Blade Dance","Well Laid Plans+1","Deadly Poison","Escape Plan+1","Escape Plan","A Thousand Cuts+1","Corpse Explosion","Accuracy+1","Accuracy+1","Deadly Poison+1","Well Laid Plans"],"relics":["Ring of the Snake","Ice Cream","Dead Branch","Cursed Key","Vajra"],"potions_floor_usage":[],"damage_taken":[{"damage":1,"enemies":"Cultist","floor":1,"turns":4},{"damage":0,"enemies":"Small Slimes","floor":2,"turns":3},{"damage":0,"enemies":"Jaw Worm","floor":7,"turns":3},{"damage":4,"enemies":"Looter","floor":10,"turns":4},{"damage":0,"enemies":"Blue Slaver","floor":13,"turns":3},{"damage":0,"enemies":"Slime Boss","floor":16,"turns":5},{"damage":22,"enemies":"2 Thieves","floor":18,"turns":3},{"damage":9,"enemies":"Shell Parasite","floor":21,"turns":4},{"damage":21,"enemies":"Cultist and Chosen","floor":22,"turns":5},{"damage":18,"enemies":"Shelled Parasite and Fungi","floor":24,"turns":2}],"seed_played":"6272369879045282203","potions_obtained":[{"floor":1,"key":"Dexterity Potion"},{"floor":7,"key":"Energy Potion"},{"floor":10,"key":"EssenceOfSteel"},{"floor":22,"key":"Regen Potion"}],"is_trial":false,"path_per_floor":["M","M","$","?","?","R","M","R","T","M","R","?","M","$","R","B",null,"M","?","$","M","M","R"],"character_chosen":"THE_SILENT","items_purchased":["Well Laid Plans","A Thousand Cuts","Accuracy"],"campfire_rested":0,"item_purchase_floors":[3,14,20],"current_hp_per_floor":[62,62,62,62,62,62,62,62,62,58,58,58,58,58,58,58,63,41,41,41,32,11,11,0],"gold":89,"neow_bonus":"ONE_RARE_RELIC","is_prod":false,"is_daily":false,"chose_seed":false,"campfire_upgraded":5,"win_rate":0,"timestamp":1539601391,"path_taken":["M","?","$","?","?","R","M","R","T","M","R","?","?","$","R","BOSS","M","?","$","M","M","R","M"],"build_version":"2018-10-11","purchased_purges":0,"victory":false,"max_hp_per_floor":[63,63,63,63,63,63,63,63,63,63,63,63,63,63,63,63,63,63,63,63,63,63,63,63],"card_choices":[{"not_picked":["Dodge and Roll","Underhanded Strike"],"picked":"Deadly Poison","floor":1},{"not_picked":["Caltrops","Dodge and Roll"],"picked":"Blade Dance","floor":2},{"not_picked":["Underhanded Strike","Outmaneuver"],"picked":"Deadly Poison","floor":7},{"not_picked":["Dodge and Roll","Dagger Throw"],"picked":"Escape Plan","floor":10},{"not_picked":["Distraction","Calculated Gamble"],"picked":"Escape Plan","floor":13},{"not_picked":["Malaise","Storm of Steel"],"picked":"Corpse Explosion","floor":16},{"not_picked":["Calculated Gamble","Dagger Throw"],"picked":"Accuracy+1","floor":18},{"not_picked":["Prepared","Dodge and Roll"],"picked":"Deadly Poison+1","floor":21},{"not_picked":["Dagger Spray","Deflect"],"picked":"Well Laid Plans","floor":22}],"player_experience":508840,"relics_obtained":[{"floor":9,"key":"Dead Branch"}],"event_choices":[{"event_name":"Living Wall","player_choice":"Forget","floor":4,"damage_taken":0},{"event_name":"The Woman in Blue","player_choice":"Bought 0 Potions","floor":5,"damage_taken":0},{"event_name":"Accursed Blacksmith","player_choice":"Forge","floor":12,"damage_taken":0},{"event_name":"WeMeetAgain","player_choice":"Potion","floor":19,"damage_taken":0}],"is_beta":true,"boss_relics":[{"not_picked":["Philosopher\u0027s Stone","Coffee Dripper"],"picked":"Cursed Key"}],"items_purged_floors":[],"is_endless":false,"potions_floor_spawned":[1,7,10,18,22],"killed_by":"Shelled Parasite and Fungi","ascension_level":0}