{"gold_per_floor":[112,39,39,67,79,126,138,225,237,249,296,308,344,387,399,516,528,557,155,155,168,18,45,63,63,63,80,96,96,96,21,21,120,120,130,183,183,183],"floor_reached":38,"playtime":2925,"items_purged":["Strike_G"],"score":616,"play_id":"8563b439-4961-4636-8e75-688db31c8aa8","local_time":"20190113093612","is_ascension_mode":true,"campfire_choices":[{"data":"Neutralize","floor":7.0,"key":"SMITH"},{"floor":10.0,"key":"REST"},{"data":"Glass Knife","floor":12.0,"key":"SMITH"},{"floor":15.0,"key":"REST"},{"floor":29,"key":"REST"},{"floor":32,"key":"REST"}],"neow_cost":"NONE","seed_source_timestamp":0,"circlet_count":0,"master_deck":["Defend_G","Defend_G+1","Defend_G","Defend_G","Defend_G","Strike_G","Strike_G","Strike_G+1","Survivor","Neutralize+1","Dodge and Roll","Blur","Glass Knife+1","Backstab","Envenom","Corpse Explosion","Apotheosis","Glass Knife+1","Backstab","Bouncing Flask+1","Predator","Backflip","Footwork+1","After Image","Backflip+1","Bandage Up"],"special_seed":0,"relics":["Ring of the Snake","NeowsBlessing","MawBank","Question Card","Ancient Tea Set","Potion Belt","Odd Mushroom","Letter Opener","Sozu","Bronze Scales","Happy Flower","Boot","Omamori","HoveringKite","Tingsha"],"potions_floor_usage":[],"damage_taken":[{"damage":0.0,"enemies":"Jaw Worm","floor":1.0,"turns":1.0},{"damage":0.0,"enemies":"Cultist","floor":4.0,"turns":1.0},{"damage":0.0,"enemies":"Gremlin Nob","floor":6.0,"turns":1.0},{"damage":3.0,"enemies":"3 Sentries","floor":11.0,"turns":14.0},{"damage":5.0,"enemies":"The Mushroom Lair","floor":13.0,"turns":4.0},{"damage":23.0,"enemies":"Lagavulin","floor":14.0,"turns":6.0},{"damage":18.0,"enemies":"Hexaghost","floor":16.0,"turns":10.0},{"damage":0.0,"enemies":"3 Byrds","floor":18.0,"turns":2.0},{"damage":6,"enemies":"Shell Parasite","floor":21,"turns":4},{"damage":34,"enemies":"Slavers","floor":23,"turns":2},{"damage":1,"enemies":"3 Cultists","floor":24,"turns":4},{"damage":0,"enemies":"Snecko","floor":27,"turns":3},{"damage":0,"enemies":"Cultist and Chosen","floor":28,"turns":4},{"damage":41,"enemies":"Automaton","floor":33,"turns":7},{"damage":0,"enemies":"3 Shapes","floor":35,"turns":5},{"damage":34,"enemies":"2 Orb Walkers","floor":36,"turns":3},{"damage":30,"enemies":"3 Darklings","floor":38,"turns":2}],"seed_played":"-6079611046589656451","potions_obtained":[{"floor":1.0,"key":"Dexterity Potion"},{"floor":6.0,"key":"EssenceOfSteel"},{"floor":13.0,"key":"Strength Potion"}],"is_trial":false,"path_per_floor":["M","$","?","M","?","E","R","?","T","R","E","R","?","E","R","B",null,"M","$","?","M","$","E","M","T","T","M","M","R","$","?","R","B",null,"M","?","?","M"],"character_chosen":"THE_SILENT","items_purchased":["Blur","Apotheosis","Bronze Scales","Happy Flower"],"campfire_rested":4,"item_purchase_floors":[2,19,19,22],"current_hp_per_floor":[63,63,63,63,49,49,49,38,38,59,56,56,51,28,49,31,60,60,60,60,54,54,20,19,19,19,19,19,40,40,40,61,20,58,58,24,24,0],"gold":183,"neow_bonus":"THREE_ENEMY_KILL","is_prod":false,"is_daily":false,"chose_seed":false,"campfire_upgraded":2,"win_rate":0,"timestamp":1547390172,"path_taken":["M","$","?","?","?","E","R","?","T","R","E","R","?","E","R","BOSS","M","$","?","M","?","E","M","?","T","M","?","R","$","?","R","BOSS","M","?","?","M"],"build_version":"2019-01-10","purchased_purges":1,"victory":false,"max_hp_per_floor":[70,70,70,70,70,70,70,70,70,70,70,70,70,70,70,70,70,70,70,70,70,70,70,70,70,70,70,70,70,70,70,70,70,70,70,70,70,70],"card_choices":[{"not_picked":["Heel Hook","Outmaneuver"],"picked":"Dodge and Roll","floor":1.0},{"not_picked":["Dagger Spray","Expertise","Slice"],"picked":"SKIP","floor":4.0},{"not_picked":["Tactician","Dagger Spray","Choke"],"picked":"SKIP","floor":6.0},{"not_picked":["All Out Attack","Blade Dance","Doppelganger"],"picked":"Glass Knife","floor":11.0},{"not_picked":["Terror","Distraction","PiercingWail"],"picked":"Backstab","floor":13.0},{"not_picked":["Sucker Punch","Choke","Night Terror"],"picked":"Envenom","floor":14.0},{"not_picked":["Envenom","Die Die Die","Grand Finale"],"picked":"Corpse Explosion","floor":16.0},{"not_picked":["Dagger Spray","Deadly Poison","Quick Slash","Outmaneuver"],"picked":"SKIP","floor":18.0},{"not_picked":["Dodge and Roll","PiercingWail","Unload"],"picked":"Backstab","floor":21},{"not_picked":["Deflect+1","Quick Slash","Poisoned Stab"],"picked":"Bouncing Flask+1","floor":23},{"not_picked":["Quick Slash","Slice","Poisoned Stab+1"],"picked":"Predator","floor":24},{"not_picked":["Quick Slash","Outmaneuver","Endless Agony"],"picked":"Backflip","floor":27},{"not_picked":["Leg Sweep","Accuracy+1","Infinite Blades"],"picked":"Footwork+1","floor":28},{"not_picked":["Venomology","Wraith Form v2","Grand Finale"],"picked":"After Image","floor":33},{"not_picked":["Flying Knee","Distraction","Outmaneuver+1","Setup+1"],"picked":"SKIP","floor":35},{"not_picked":["Dodge and Roll","Underhanded Strike+1","Outmaneuver"],"picked":"Backflip+1","floor":36},{"not_picked":["Chrysalis","Thinking Ahead","Blind"],"picked":"Bandage Up","floor":37}],"player_experience":797769,"relics_obtained":[{"floor":6.0,"key":"Question Card"},{"floor":9.0,"key":"Ancient Tea Set"},{"floor":11.0,"key":"Potion Belt"},{"floor":13.0,"key":"Odd Mushroom"},{"floor":14.0,"key":"Letter Opener"},{"floor":23,"key":"Boot"},{"floor":26,"key":"Omamori"},{"floor":36,"key":"Tingsha"}],"event_choices":[{"damage_healed":0.0,"max_hp_gain":0.0,"max_hp_loss":0.0,"gold_gain":0.0,"event_name":"WeMeetAgain","player_choice":"Gave Potion","floor":3.0,"gold_loss":0.0,"damage_taken":0.0,"relics_obtained":["MawBank"]},{"damage_healed":0.0,"max_hp_gain":0.0,"max_hp_loss":0.0,"gold_gain":0.0,"event_name":"Shining Light","player_choice":"Entered Light","floor":5.0,"gold_loss":0.0,"damage_taken":14.0,"cards_upgraded":["Strike_G","Defend_G"]},{"damage_healed":0.0,"max_hp_gain":0.0,"max_hp_loss":0.0,"gold_gain":75.0,"event_name":"World of Goop","player_choice":"Gather Gold","floor":8.0,"gold_loss":0.0,"damage_taken":11.0},{"damage_healed":0.0,"max_hp_gain":0.0,"max_hp_loss":0.0,"gold_gain":0.0,"event_name":"Mushrooms","player_choice":"Fought Mushrooms","floor":13.0,"gold_loss":0.0,"damage_taken":0.0},{"damage_healed":0,"gold_gain":0,"player_choice":"Copied","damage_taken":0,"max_hp_gain":0,"max_hp_loss":0,"event_name":"Duplicator","floor":20,"gold_loss":0,"cards_obtained":["Glass Knife"]},{"cards_removed":["Strike_G"],"damage_healed":0,"gold_gain":0,"player_choice":"Gave Gold","damage_taken":0,"max_hp_gain":0,"max_hp_loss":0,"event_name":"Beggar","floor":31,"gold_loss":75},{"damage_healed":0,"gold_gain":0,"player_choice":"Fight","damage_taken":0,"max_hp_gain":0,"max_hp_loss":0,"event_name":"Mysterious Sphere","floor":36,"gold_loss":0},{"damage_healed":0,"gold_gain":0,"player_choice":"Memory 1","damage_taken":0,"max_hp_gain":0,"max_hp_loss":0,"event_name":"SensoryStone","floor":37,"gold_loss":0}],"is_beta":false,"boss_relics":[{"not_picked":["Eternal Feather","Fusion Hammer"],"picked":"Sozu"},{"not_picked":["WristBlade","White Beast Statue"],"picked":"HoveringKite"}],"items_purged_floors":[19],"is_endless":false,"potions_floor_spawned":[1,6,13,18,23,28,36],"killed_by":"3 Darklings","ascension_level":7}