{"gold_per_floor":[409,409,484,659,676,676,601,617,640,640,652,536,553,564,564,662,662,680,680,692,692,711,711,711,711,711,723,688,700,700,712,712,810,810,823,823,840,840,851,851,885,897,977,783,783,783,783,802,802,802],"floor_reached":51,"playtime":1803,"items_purged":["Doubt"],"score":869,"play_id":"b657abc7-a46a-4947-b30e-f4ecf4952ea9","local_time":"20180907221254","daily_mods":["Draft","Heirloom","Time Dilation"],"is_ascension_mode":false,"campfire_choices":[{"data":"Bouncing Flask","floor":6,"key":"SMITH"},{"data":"Catalyst","floor":10,"key":"SMITH"},{"data":"Noxious Fumes","floor":15,"key":"SMITH"},{"data":"Prepared","floor":23,"key":"SMITH"},{"data":"Deadly Poison","floor":25,"key":"SMITH"},{"data":"Noxious Fumes","floor":32,"key":"SMITH"},{"floor":40,"key":"REST"},{"data":"Malaise","floor":47,"key":"SMITH"},{"data":"Backflip","floor":49,"key":"SMITH"}],"neow_cost":"","seed_source_timestamp":0,"circlet_count":0,"master_deck":["Deadly Poison","Catalyst+1","Tactician","Deadly Poison+1","Prepared+1","Backflip+1","Dodge and Roll","Poisoned Stab+1","Cloak And Dagger","Expertise","Crippling Poison","Poisoned Stab+1","Deadly Poison","Bouncing Flask+1","Catalyst+1","PiercingWail","Noxious Fumes+1","Deadly Poison","Outmaneuver","Escape Plan","Corpse Explosion","Backflip+1","Prepared+1","Noxious Fumes+1","Leg Sweep+1","Noxious Fumes","Deadly Poison+1","Malaise+1","Blade Dance+1","Sucker Punch+1","Bullet Time+1","Well Laid Plans+1","Dodge and Roll+1","Escape Plan+1"],"relics":["Ring of the Snake","Old Coin","Strawberry","HoveringKite","Orichalcum","Thread and Needle","Pear","Astrolabe","Singing Bowl","Whetstone","Gremlin Horn","Lee\u0027s Waffle"],"potions_floor_usage":[],"damage_taken":[{"damage":5,"enemies":"2 Louse","floor":1,"turns":3},{"damage":8,"enemies":"Jaw Worm","floor":5,"turns":3},{"damage":0,"enemies":"Cultist","floor":8,"turns":3},{"damage":6,"enemies":"2 Fungi Beasts","floor":11,"turns":3},{"damage":10,"enemies":"Looter","floor":13,"turns":2},{"damage":12,"enemies":"Blue Slaver","floor":14,"turns":2},{"damage":0,"enemies":"Slime Boss","floor":16,"turns":2},{"damage":0,"enemies":"Spheric Guardian","floor":18,"turns":2},{"damage":4,"enemies":"Chosen","floor":20,"turns":2},{"damage":0,"enemies":"Snecko","floor":22,"turns":2},{"damage":5,"enemies":"Centurion and Healer","floor":27,"turns":3},{"damage":0,"enemies":"Snake Plant","floor":29,"turns":3},{"damage":0,"enemies":"Cultist and Chosen","floor":31,"turns":4},{"damage":6,"enemies":"Automaton","floor":33,"turns":6},{"damage":21,"enemies":"3 Darklings","floor":35,"turns":2},{"damage":0,"enemies":"3 Shapes","floor":37,"turns":4},{"damage":22,"enemies":"Sphere and 2 Shapes","floor":39,"turns":4},{"damage":0,"enemies":"Nemesis","floor":41,"turns":5},{"damage":21,"enemies":"Reptomancer","floor":42,"turns":4},{"damage":0,"enemies":"Transient","floor":48,"turns":5},{"damage":22,"enemies":"Time Eater","floor":50,"turns":6}],"seed_played":"1626164203477668620","potions_obtained":[{"floor":5,"key":"SteroidPotion"},{"floor":13,"key":"Swift Potion"},{"floor":14,"key":"PowerPotion"},{"floor":33,"key":"Regen Potion"},{"floor":35,"key":"Poison Potion"},{"floor":41,"key":"GhostInAJar"}],"is_trial":true,"path_per_floor":["M","?","?","?","M","R","$","M","T","R","M","$","M","M","R","B",null,"M","?","M","T","M","R","?","R","T","M","$","M","$","M","R","B",null,"M","?","M","T","M","R","E","M","T","$","?","$","R","M","R","B"],"character_chosen":"THE_SILENT","items_purchased":["Noxious Fumes","Deadly Poison","Noxious Fumes","Lee\u0027s Waffle"],"campfire_rested":1,"item_purchase_floors":[12,12,28,44],"current_hp_per_floor":[65,65,54,54,46,46,46,46,53,53,47,47,37,25,25,25,77,77,77,73,73,73,73,66,66,76,71,71,71,71,71,71,65,87,66,66,66,66,44,68,70,51,51,94,94,94,94,96,96,74],"gold":802,"neow_bonus":"","is_prod":false,"is_daily":false,"chose_seed":false,"campfire_upgraded":8,"win_rate":0,"timestamp":1536325974,"path_taken":["M","?","?","?","M","R","?","M","T","R","?","$","M","M","R","BOSS","M","?","M","?","?","R","?","R","T","?","?","M","$","?","R","BOSS","M","?","?","?","M","R","E","M","T","$","?","$","R","M","R","BOSS"],"build_version":"2018-09-06","purchased_purges":1,"victory":true,"max_hp_per_floor":[70,70,70,70,70,70,70,70,77,77,77,77,77,77,77,77,77,77,77,77,77,77,77,77,77,87,87,87,87,87,87,87,87,87,87,83,83,83,83,83,85,87,87,94,94,94,94,96,96,96],"card_choices":[{"not_picked":["Finisher","Flechettes"],"picked":"Deadly Poison","floor":0},{"not_picked":["Prepared","All Out Attack"],"picked":"Catalyst","floor":0},{"not_picked":["Infinite Blades","Underhanded Strike"],"picked":"Tactician","floor":0},{"not_picked":["Dagger Spray","Flying Knee"],"picked":"Deadly Poison","floor":0},{"not_picked":["Leg Sweep","Outmaneuver"],"picked":"Prepared","floor":0},{"not_picked":["PiercingWail","Underhanded Strike"],"picked":"Backflip","floor":0},{"not_picked":["Distraction","Slice"],"picked":"Dodge and Roll","floor":0},{"not_picked":["Dagger Throw","Quick Slash"],"picked":"Poisoned Stab","floor":0},{"not_picked":["Acrobatics","Sucker Punch"],"picked":"Cloak And Dagger","floor":0},{"not_picked":["Reflex","Underhanded Strike"],"picked":"Expertise","floor":0},{"not_picked":["Cloak And Dagger","Acrobatics"],"picked":"Crippling Poison","floor":0},{"not_picked":["Caltrops","PiercingWail"],"picked":"Poisoned Stab","floor":0},{"not_picked":["Endless Agony","Well Laid Plans"],"picked":"Deadly Poison","floor":0},{"not_picked":["Masterful Stab","Dash"],"picked":"Quick Slash","floor":0},{"not_picked":["Skewer","Finisher"],"picked":"Dagger Spray","floor":0},{"not_picked":["Flechettes","Bane"],"picked":"Prepared","floor":1},{"not_picked":["Well Laid Plans","Deflect"],"picked":"Bouncing Flask","floor":5},{"not_picked":["Deadly Poison","Blur"],"picked":"Catalyst","floor":8},{"not_picked":["Choke","Dagger Throw"],"picked":"PiercingWail","floor":11},{"not_picked":["Acrobatics","Slice"],"picked":"Outmaneuver","floor":13},{"not_picked":["Tactician","Bane"],"picked":"Escape Plan","floor":14},{"not_picked":["Storm of Steel","Unload"],"picked":"Corpse Explosion","floor":16},{"not_picked":["Sucker Punch","Quick Slash"],"picked":"Backflip+1","floor":18},{"not_picked":["Terror","PiercingWail"],"picked":"Prepared+1","floor":20},{"not_picked":["Blade Dance","Cloak And Dagger+1"],"picked":"Noxious Fumes","floor":22},{"not_picked":["Quick Slash","Backflip"],"picked":"Leg Sweep+1","floor":27},{"not_picked":["Setup","Dagger Spray"],"picked":"Deadly Poison+1","floor":29},{"not_picked":["Calculated Gamble+1","Accuracy+1","Dagger Spray"],"picked":"SKIP","floor":31},{"not_picked":["Glass Knife","Unload"],"picked":"Malaise","floor":33},{"not_picked":["Crippling Poison+1","PiercingWail"],"picked":"Well Laid Plans+1","floor":35},{"not_picked":["Bouncing Flask+1","Flying Knee"],"picked":"Dodge and Roll+1","floor":37},{"not_picked":["Dodge and Roll+1","Bane+1"],"picked":"Escape Plan+1","floor":39},{"not_picked":["Caltrops","Prepared+1","Poisoned Stab+1"],"picked":"Singing Bowl","floor":41},{"not_picked":["A Thousand Cuts","Backflip","Flechettes"],"picked":"Singing Bowl","floor":42},{"not_picked":["Slice","Acrobatics","Flying Knee"],"picked":"Singing Bowl","floor":48}],"player_experience":396519,"relics_obtained":[{"floor":9,"key":"Strawberry"},{"floor":21,"key":"Thread and Needle"},{"floor":26,"key":"Pear"},{"floor":38,"key":"Singing Bowl"},{"floor":41,"key":"Whetstone"},{"floor":43,"key":"Gremlin Horn"}],"event_choices":[{"event_name":"Living Wall","player_choice":"Grow","floor":2,"damage_taken":0},{"event_name":"World of Goop","player_choice":"Gather Gold","floor":3,"damage_taken":0},{"event_name":"Liars Game","player_choice":"agreed","floor":4,"damage_taken":0},{"event_name":"The Mausoleum","player_choice":"Yes","floor":19,"damage_taken":0},{"event_name":"Knowing Skull","player_choice":"","floor":24,"damage_taken":0},{"event_name":"Winding Halls","player_choice":"Max HP","floor":36,"damage_taken":0},{"event_name":"SecretPortal","player_choice":"Rejected Portal.","floor":45,"damage_taken":0}],"is_beta":true,"boss_relics":[{"not_picked":["Busted Crown","Snecko Eye"],"picked":"HoveringKite"},{"not_picked":["Eternal Feather","Runic Pyramid"],"picked":"Astrolabe"}],"items_purged_floors":[7],"is_endless":false,"potions_floor_spawned":[5,13,14,22,31,33,35,37,41],"ascension_level":0}