{"gold_per_floor":[116,116,131,146,65,91,103,135,147,159],"floor_reached":10,"playtime":598,"items_purged":[],"score":82,"play_id":"00d4ed0b-4d2e-4329-87af-6a4e117d9774","local_time":"20190202090007","is_ascension_mode":true,"campfire_choices":[],"neow_cost":"NONE","seed_source_timestamp":71505260986463,"circlet_count":0,"master_deck":["Strike_B","Strike_B","Strike_B","Defend_B","Defend_B","Defend_B","Defend_B","Zap","Dualcast","Ball Lightning","Scrape","Gash","Go for the Eyes","Madness","Steam","Leap","FTL"],"relics":["Cracked Core","Kunai","MawBank","Molten Egg 2"],"potions_floor_usage":[8,10],"damage_taken":[{"damage":1,"enemies":"Jaw Worm","floor":1,"turns":3},{"damage":6,"enemies":"Cultist","floor":3,"turns":3},{"damage":2,"enemies":"Small Slimes","floor":4,"turns":2},{"damage":30,"enemies":"3 Sentries","floor":6,"turns":6},{"damage":6,"enemies":"2 Fungi Beasts","floor":7,"turns":3},{"damage":17,"enemies":"Lagavulin","floor":8,"turns":5},{"damage":20,"enemies":"3 Sentries","floor":10,"turns":4}],"seed_played":"1968750676482545911","potions_obtained":[{"floor":1,"key":"Dexterity Potion"},{"floor":7,"key":"SkillPotion"}],"is_trial":false,"path_per_floor":["M","?","M","M","$","E","M","E","T","E"],"character_chosen":"DEFECT","items_purchased":["Madness"],"campfire_rested":0,"item_purchase_floors":[5],"current_hp_per_floor":[81,81,75,73,73,43,37,20,20,0],"gold":159,"neow_bonus":"TEN_PERCENT_HP_BONUS","is_prod":false,"is_daily":false,"chose_seed":false,"campfire_upgraded":0,"win_rate":0,"timestamp":1549126807,"path_taken":["M","?","M","?","$","E","M","E","T","E"],"build_version":"2019-01-23","purchased_purges":0,"victory":false,"max_hp_per_floor":[82,82,82,82,82,82,82,82,82,82],"card_choices":[{"not_picked":["Sweeping Beam","Streamline"],"picked":"Ball Lightning","floor":1},{"not_picked":["Loop","Ball Lightning"],"picked":"Gash","floor":3},{"not_picked":["Rebound","Capacitor"],"picked":"Go for the Eyes","floor":4},{"not_picked":["Conserve Battery","Sunder"],"picked":"Steam","floor":6},{"not_picked":["Stack","Genetic Algorithm"],"picked":"Leap","floor":7},{"not_picked":["Auto Shields","Barrage"],"picked":"FTL","floor":8}],"player_experience":239748,"relics_obtained":[{"floor":6,"key":"Kunai"},{"floor":8,"key":"MawBank"},{"floor":9,"key":"Molten Egg 2"}],"event_choices":[{"damage_healed":0,"gold_gain":0,"cards_transformed":["Strike_B"],"player_choice":"Transformed","damage_taken":0,"max_hp_gain":0,"max_hp_loss":0,"event_name":"Transmorgrifier","floor":2,"gold_loss":0,"cards_obtained":["Scrape"]}],"is_beta":false,"boss_relics":[],"items_purged_floors":[],"is_endless":false,"potions_floor_spawned":[1,7],"killed_by":"3 Sentries","ascension_level":1}