{"gold_per_floor":[117,40,40,40,51,51,113,113,136,153,153,203,203,264,264,363,363,378,392,442,507,586,586,636,636,636,636,561,576,576,250,250,347,347,367,639,649,53,67,67,80,90,90,155,155,20,36,53,53,53],"floor_reached":51,"playtime":2117,"items_purged":[],"score":787,"play_id":"a2e58859-2e55-4bf2-81e5-a9c51c87ffe8","local_time":"20180905212009","daily_mods":["Draft","Heirloom"],"is_ascension_mode":false,"campfire_choices":[{"data":"Self Repair","floor":6,"key":"SMITH"},{"data":"Coolheaded","floor":8,"key":"SMITH"},{"data":"Loop","floor":13,"key":"SMITH"},{"data":"Loop","floor":15,"key":"SMITH"},{"data":"Scrape","floor":23,"key":"SMITH"},{"data":"Capacitor","floor":25,"key":"SMITH"},{"data":"Reboot","floor":27,"key":"SMITH"},{"data":"Defragment","floor":30,"key":"SMITH"},{"data":"Buffer","floor":32,"key":"SMITH"},{"data":"Buffer","floor":40,"key":"SMITH"},{"data":"Defragment","floor":45,"key":"SMITH"},{"data":"Loop","floor":49,"key":"SMITH"}],"neow_cost":"","seed_source_timestamp":0,"circlet_count":0,"master_deck":["Coolheaded+1","White Noise","Beam Cell","Go for the Eyes","Capacitor+1","Beam Cell","Gash","Loop+1","Genetic Algorithm","Loop+1","Gash","Cold Snap","Steam","Go for the Eyes","Go for the Eyes","Self Repair+1","Gash","Go for the Eyes","Sunder","Decay","Seek","Reboot+1","Scrape+1","Redo+1","Barrage","Gash+1","Ghostly","Ghostly","Ghostly","Ghostly","Ghostly","Buffer+1","Conserve Battery+1","Defragment+1","Capacitor","Gash","Defragment+1","Buffer+1","Gash","Double Energy","Defragment+1","Gash","Beam Cell+1","Go for the Eyes","Loop+1","Stack+1","Gash","Regret","Gash","Seek","Gash+1","Gash","Stack+1","Gash"],"relics":["Cracked Core","WingedGreaves","SsserpentHead","Vajra","Lizard Tail","Red Mask","Prayer Wheel","DollysMirror","Cursed Key","Ice Cream","Blood Vial","Regal Pillow"],"potions_floor_usage":[22,22,44],"damage_taken":[{"damage":0,"enemies":"Cultist","floor":1,"turns":3},{"damage":5,"enemies":"Small Slimes","floor":5,"turns":3},{"damage":8,"enemies":"Jaw Worm","floor":7,"turns":3},{"damage":0,"enemies":"Large Slime","floor":10,"turns":2},{"damage":22,"enemies":"Lots of Slimes","floor":14,"turns":3},{"damage":27,"enemies":"Hexaghost","floor":16,"turns":8},{"damage":4,"enemies":"Shell Parasite","floor":18,"turns":3},{"damage":9,"enemies":"2 Thieves","floor":19,"turns":4},{"damage":16,"enemies":"Snecko","floor":21,"turns":7},{"damage":33,"enemies":"Masked Bandits","floor":22,"turns":4},{"damage":9,"enemies":"Snake Plant","floor":29,"turns":5},{"damage":11,"enemies":"Automaton","floor":33,"turns":9},{"damage":0,"enemies":"Orb Walker","floor":35,"turns":3},{"damage":3,"enemies":"3 Shapes","floor":39,"turns":5},{"damage":3,"enemies":"3 Darklings","floor":41,"turns":5},{"damage":0,"enemies":"Transient","floor":42,"turns":5},{"damage":4,"enemies":"4 Shapes","floor":44,"turns":7},{"damage":9,"enemies":"3 Darklings","floor":47,"turns":6},{"damage":0,"enemies":"Transient","floor":48,"turns":5},{"damage":23,"enemies":"Time Eater","floor":50,"turns":10}],"seed_played":"3379999166714293466","potions_obtained":[{"floor":7,"key":"SpeedPotion"},{"floor":14,"key":"EssenceOfSteel"},{"floor":19,"key":"EssenceOfSteel"},{"floor":29,"key":"Block Potion"},{"floor":33,"key":"SteroidPotion"},{"floor":42,"key":"SteroidPotion"},{"floor":44,"key":"Fruit Juice"}],"is_trial":true,"path_per_floor":["M","$","?","?","M","R","M","R","T","M","$","?","R","M","R","B",null,"M","M","?","M","?","R","?","R","T","R","$","M","R","$","R","B",null,"M","?","?","$","M","R","M","M","T","M","R","$","M","M","R","B"],"character_chosen":"DEFECT","items_purchased":["Self Repair","Buffer","Capacitor","Gash","DollysMirror","Defragment","Gash","Ice Cream","Blood Vial","Seek"],"campfire_rested":0,"item_purchase_floors":[2,28,31,31,31,38,38,38,38,46],"current_hp_per_floor":[75,75,75,75,70,70,72,72,72,72,72,72,72,60,60,50,75,71,72,72,66,43,43,37,37,37,37,37,37,37,37,37,36,37,37,37,37,37,34,34,37,37,37,38,38,38,31,33,33,12],"gold":53,"neow_bonus":"","is_prod":false,"is_daily":false,"chose_seed":false,"campfire_upgraded":12,"win_rate":0,"timestamp":1536150009,"path_taken":["M","?","?","?","M","R","?","R","T","M","$","?","R","?","R","BOSS","M","M","?","?","?","R","?","R","T","R","$","M","R","$","R","BOSS","M","?","?","$","M","R","M","M","T","?","R","$","M","M","R","BOSS"],"build_version":"2018-09-04-v2","purchased_purges":0,"victory":true,"max_hp_per_floor":[75,75,75,75,75,75,75,75,75,75,75,75,75,75,75,75,75,75,75,75,75,75,75,37,37,37,37,37,37,37,37,37,37,37,37,37,37,37,37,37,37,37,37,42,42,42,42,42,42,42],"card_choices":[{"not_picked":["Auto Shields","Streamline"],"picked":"Coolheaded","floor":0},{"not_picked":["Sunder","Ball Lightning"],"picked":"White Noise","floor":0},{"not_picked":["Skim","Static Discharge"],"picked":"Beam Cell","floor":0},{"not_picked":["Cold Snap","Steam"],"picked":"Go for the Eyes","floor":0},{"not_picked":["Fusion","Turbo"],"picked":"Capacitor","floor":0},{"not_picked":["Streamline","Leap"],"picked":"Beam Cell","floor":0},{"not_picked":["Turbo","Beam Cell"],"picked":"Gash","floor":0},{"not_picked":["Streamline","Rebound"],"picked":"Loop","floor":0},{"not_picked":["Sweeping Beam","Barrage"],"picked":"Genetic Algorithm","floor":0},{"not_picked":["Hologram","Cold Snap"],"picked":"Loop","floor":0},{"not_picked":["Redo","Blizzard"],"picked":"Leap","floor":0},{"not_picked":["Beam Cell","Chaos"],"picked":"Gash","floor":0},{"not_picked":["Turbo","Steam Power"],"picked":"Cold Snap","floor":0},{"not_picked":["Consume","Compile Driver"],"picked":"Steam","floor":0},{"not_picked":["Rebound","Ball Lightning"],"picked":"Go for the Eyes","floor":0},{"not_picked":["Streamline","Steam"],"picked":"Go for the Eyes","floor":1},{"not_picked":["Redo","Ball Lightning"],"picked":"Gash","floor":5},{"not_picked":["Leap","Blizzard"],"picked":"Go for the Eyes","floor":7},{"not_picked":["Turbo","Barrage"],"picked":"Sunder","floor":10},{"not_picked":["Leap","Turbo"],"picked":"Seek","floor":14},{"not_picked":["Seek","Fission"],"picked":"Reboot","floor":16},{"not_picked":["Stack","BootSequence"],"picked":"Scrape","floor":18},{"not_picked":["Steam","Ball Lightning"],"picked":"Redo+1","floor":19},{"not_picked":["Turbo","Ball Lightning"],"picked":"Barrage","floor":21},{"not_picked":["Ball Lightning","Stack+1"],"picked":"Gash+1","floor":22},{"not_picked":["Turbo","BootSequence"],"picked":"Conserve Battery+1","floor":29},{"not_picked":["Go for the Eyes","Compile Driver"],"picked":"Defragment","floor":29},{"not_picked":["Creative AI","Biased Cognition"],"picked":"Buffer","floor":33},{"not_picked":["Compile Driver","Go for the Eyes"],"picked":"Gash","floor":35},{"not_picked":["Steam+1","Ball Lightning"],"picked":"Double Energy","floor":35},{"not_picked":["Fusion+1","Glacier+1"],"picked":"Beam Cell+1","floor":39},{"not_picked":["Turbo","Rebound+1","Force Field"],"picked":"SKIP","floor":39},{"not_picked":["Turbo+1","Blizzard+1"],"picked":"Go for the Eyes","floor":41},{"not_picked":["Stack+1","Compile Driver"],"picked":"Loop","floor":41},{"not_picked":["Multi-Cast","Rip and Tear+1"],"picked":"Stack+1","floor":42},{"not_picked":["Redo+1","Hologram+1"],"picked":"Gash","floor":42},{"not_picked":["Darkness+1","Skim+1"],"picked":"Gash","floor":44},{"not_picked":["Tempest","Compile Driver","Turbo"],"picked":"SKIP","floor":44},{"not_picked":["Loop","Leap"],"picked":"Gash+1","floor":47},{"not_picked":["Consume","Redo"],"picked":"Gash","floor":47},{"not_picked":["Melter","Self Repair"],"picked":"Stack+1","floor":48},{"not_picked":["Lockon","Beam Cell+1"],"picked":"Gash","floor":48}],"player_experience":385430,"relics_obtained":[{"floor":9,"key":"Vajra"},{"floor":22,"key":"Red Mask"},{"floor":26,"key":"Prayer Wheel"},{"floor":43,"key":"Regal Pillow"}],"event_choices":[{"event_name":"Bonfire Elementals","player_choice":"COMMON","floor":3,"damage_taken":0},{"event_name":"FaceTrader","player_choice":"Trade","floor":4,"damage_taken":0},{"event_name":"Wheel of Change","player_choice":"Curse","floor":12,"damage_taken":0},{"event_name":"Vampires","player_choice":"Ignored","floor":20,"damage_taken":0},{"event_name":"Masked Bandits","player_choice":"Fought Bandits","floor":22,"damage_taken":0},{"event_name":"Ghosts","player_choice":"Became a Ghost","floor":24,"damage_taken":0},{"event_name":"Tomb of Lord Red Mask","player_choice":"Wore Mask","floor":36,"damage_taken":0},{"event_name":"The Woman in Blue","player_choice":"Bought 3 Potions","floor":37,"damage_taken":0}],"is_beta":true,"boss_relics":[{"not_picked":["Empty Cage","Busted Crown"],"picked":"Lizard Tail"},{"not_picked":["Calling Bell","Astrolabe"],"picked":"Cursed Key"}],"items_purged_floors":[],"is_endless":false,"potions_floor_spawned":[7,14,19,29,33,35,42,44],"ascension_level":0}