{"gold_per_floor":[114,114,114,64,88,128,128,162,213,226,569,630,649,664,664,784,784,804,804,729,754,349,392,392,412,412,425,550,550,550,575,575,575],"floor_reached":33,"playtime":1533,"items_purged":["Strike_B","Defend_B"],"score":397,"play_id":"7e3710ef-c644-4ba7-a7fb-e3318aa2a09a","local_time":"20181202204342","is_ascension_mode":true,"campfire_choices":[{"data":"Electrodynamics","floor":7,"key":"SMITH"},{"floor":15,"key":"REST"},{"data":"Capacitor","floor":24,"key":"SMITH"},{"floor":29,"key":"REST"},{"data":"Defragment","floor":32,"key":"SMITH"}],"neow_cost":"NONE","seed_source_timestamp":170829807160189,"circlet_count":0,"master_deck":["Strike_B","Strike_B","Strike_B","Defend_B","Defend_B+1","Dualcast","Rebound","Sweeping Beam","Electrodynamics+1","Gash","Capacitor+1","Defragment","Defragment+1","Self Repair","Seek","Consume+1","Biased Cognition","Echo Form","White Noise","Self Repair","Hologram"],"relics":["Cracked Core","Golden Idol","Strawberry","Bottled Tornado","Old Coin","Kunai","Snecko Eye","Nloth\u0027s Gift","DataDisk","War Paint","The Courier","Turnip","Shuriken"],"potions_floor_usage":[8,12,14,16,16,27,28,33],"damage_taken":[{"damage":0,"enemies":"Jaw Worm","floor":1,"turns":1},{"damage":0,"enemies":"2 Louse","floor":5,"turns":1},{"damage":0,"enemies":"3 Sentries","floor":6,"turns":1},{"damage":8,"enemies":"Gremlin Nob","floor":8,"turns":3},{"damage":0,"enemies":"Small Slimes","floor":10,"turns":1},{"damage":15,"enemies":"3 Sentries","floor":11,"turns":3},{"damage":28,"enemies":"Lagavulin Event","floor":12,"turns":4},{"damage":0,"enemies":"Gremlin Gang","floor":13,"turns":1},{"damage":0,"enemies":"Looter","floor":14,"turns":1},{"damage":41,"enemies":"The Guardian","floor":16,"turns":11},{"damage":6,"enemies":"3 Byrds","floor":18,"turns":2},{"damage":12,"enemies":"2 Thieves","floor":21,"turns":2},{"damage":30,"enemies":"Gremlin Leader","floor":23,"turns":5},{"damage":7,"enemies":"Cultist and Chosen","floor":25,"turns":3},{"damage":18,"enemies":"Snecko","floor":27,"turns":4},{"damage":0,"enemies":"Colosseum Slavers","floor":28,"turns":2},{"damage":32,"enemies":"Colosseum Nobs","floor":28,"turns":3},{"damage":12,"enemies":"Chosen and Byrds","floor":31,"turns":4},{"damage":19,"enemies":"Automaton","floor":33,"turns":6}],"seed_played":"1202592436106653803","potions_obtained":[{"floor":1,"key":"Explosive Potion"},{"floor":6,"key":"Block Potion"},{"floor":10,"key":"EssenceOfSteel"},{"floor":11,"key":"Fire Potion"},{"floor":12,"key":"EssenceOfSteel"},{"floor":18,"key":"SpeedPotion"},{"floor":21,"key":"PowerPotion"},{"floor":28,"key":"Regen Potion"}],"is_trial":false,"path_per_floor":["M","?","?","?","M","E","R","E","T","M","E","?","M","M","R","B",null,"M","?","$","M","$","E","R","M","T","M","?","R","?","M","R","B"],"character_chosen":"DEFECT","items_purchased":["Biased Cognition","DataDisk"],"campfire_rested":2,"item_purchase_floors":[22,22],"current_hp_per_floor":[75,68,68,68,68,75,75,67,67,67,52,24,24,24,46,12,76,76,76,76,64,64,41,41,41,41,30,5,27,52,54,54,50],"gold":575,"neow_bonus":"THREE_ENEMY_KILL","is_prod":false,"is_daily":false,"chose_seed":false,"campfire_upgraded":3,"win_rate":0,"timestamp":1543801422,"path_taken":["M","?","?","?","M","E","R","E","T","M","E","?","M","M","R","BOSS","M","?","$","M","$","E","R","?","T","M","?","R","?","M","R","BOSS"],"build_version":"2018-11-15","purchased_purges":2,"victory":false,"max_hp_per_floor":[75,75,69,69,69,76,76,76,76,76,76,76,76,76,76,76,76,76,76,76,76,76,76,76,76,76,76,76,76,76,76,76,76],"card_choices":[{"not_picked":["Ball Lightning","Steam Power"],"picked":"Rebound","floor":1},{"not_picked":["Loop","Compile Driver"],"picked":"Sweeping Beam","floor":5},{"not_picked":["Hologram","Sweeping Beam"],"picked":"Electrodynamics","floor":6},{"not_picked":["Scrape","Blizzard"],"picked":"Gash","floor":8},{"not_picked":["Melter","Barrage"],"picked":"Capacitor","floor":10},{"not_picked":["Rip and Tear","Hello World","Hologram"],"picked":"SKIP","floor":11},{"not_picked":["Recycle","Double Energy"],"picked":"Defragment","floor":12},{"not_picked":["Scrape","Go for the Eyes"],"picked":"Defragment","floor":13},{"not_picked":["Hologram","Turbo"],"picked":"Self Repair","floor":14},{"not_picked":["Reboot","Hyperbeam"],"picked":"Seek","floor":16},{"not_picked":["Glacier+1","Beam Cell"],"picked":"Consume","floor":18},{"not_picked":["Leap","Scrape","Skim"],"picked":"SKIP","floor":21},{"not_picked":["Stack","Fission"],"picked":"Echo Form","floor":23},{"not_picked":["Compile Driver","Coolheaded+1"],"picked":"White Noise","floor":25},{"not_picked":["Redo","Go for the Eyes"],"picked":"Self Repair","floor":27},{"not_picked":["Fusion+1","Reprogram"],"picked":"Hologram","floor":28},{"not_picked":["Steam Power","Aggregate","Barrage"],"picked":"SKIP","floor":31}],"player_experience":244785,"relics_obtained":[{"floor":6,"key":"Strawberry"},{"floor":8,"key":"Bottled Tornado"},{"floor":11,"key":"Old Coin"},{"floor":12,"key":"Kunai"},{"floor":23,"key":"War Paint"},{"floor":26,"key":"The Courier"},{"floor":28,"key":"Turnip"},{"floor":28,"key":"Shuriken"}],"event_choices":[{"cards_removed":["Zap"],"damage_healed":0,"gold_gain":0,"player_choice":"Card Removal","damage_taken":7,"max_hp_gain":0,"max_hp_loss":0,"event_name":"Golden Wing","floor":2,"gold_loss":0},{"damage_healed":0,"gold_gain":0,"player_choice":"Lose Max HP","damage_taken":0,"relics_obtained":["Golden Idol"],"max_hp_gain":0,"max_hp_loss":6,"event_name":"Golden Idol","floor":3,"gold_loss":0},{"cards_removed":["Defend_B"],"damage_healed":0,"gold_gain":0,"player_choice":"Card Removal","damage_taken":0,"max_hp_gain":0,"max_hp_loss":0,"event_name":"The Cleric","floor":4,"gold_loss":50},{"damage_healed":0,"gold_gain":30,"player_choice":"Searched \u00272\u0027 times","damage_taken":0,"max_hp_gain":0,"max_hp_loss":0,"event_name":"Dead Adventurer","floor":12,"gold_loss":0},{"damage_healed":0,"gold_gain":0,"player_choice":"Traded Relic","damage_taken":0,"relics_obtained":["Nloth\u0027s Gift"],"max_hp_gain":0,"max_hp_loss":0,"event_name":"N\u0027loth","floor":19,"relics_lost":["NeowsBlessing"],"gold_loss":0},{"damage_healed":0,"gold_gain":0,"player_choice":"Fight","damage_taken":0,"max_hp_gain":0,"max_hp_loss":0,"event_name":"Colosseum","floor":28,"gold_loss":0},{"damage_healed":0,"gold_gain":0,"player_choice":"Fought Nobs","damage_taken":0,"max_hp_gain":0,"max_hp_loss":0,"event_name":"Colosseum","floor":28,"gold_loss":0},{"damage_healed":25,"gold_gain":0,"player_choice":"Heal","damage_taken":0,"max_hp_gain":0,"max_hp_loss":0,"event_name":"The Library","floor":30,"gold_loss":0}],"is_beta":false,"boss_relics":[{"not_picked":["Cursed Key","Runic Dome"],"picked":"Snecko Eye"}],"items_purged_floors":[20,22],"is_endless":false,"potions_floor_spawned":[1,6,10,11,12,18,21,28,28],"killed_by":"Automaton","ascension_level":4}