{"gold_per_floor":[113,125,81,93,93,93,93,93,93,426,426,442,467,491,491,585,585,585,635,654,854,384,418,38,38,38,51,74,89,105,27,27,117,117,132,156,172,172,172,172,206,221,221,23,23,37,55,89,89,89],"floor_reached":50,"playtime":4242,"items_purged":["Strike_G"],"score":1177,"play_id":"cc5011f5-cb24-47d5-8143-fdc6ceb54c66","local_time":"20190130034308","is_ascension_mode":true,"campfire_choices":[{"data":"Skewer","floor":6.0,"key":"SMITH"},{"data":"Neutralize","floor":8.0,"key":"SMITH"},{"data":"Deadly Poison","floor":15.0,"key":"SMITH"},{"floor":25.0,"key":"REST"},{"floor":32,"key":"REST"},{"floor":40,"key":"REST"},{"floor":45,"key":"REST"},{"floor":49,"key":"REST"}],"neow_cost":"NONE","seed_source_timestamp":380886922922500,"circlet_count":0,"master_deck":["AscendersBane","Defend_G","Defend_G","Defend_G","Defend_G","Defend_G","Survivor","Neutralize+1","After Image+1","Reflex+1","Venomology+1","Quick Slash","PiercingWail","Skewer+1","Calculated Gamble","Predator","Dodge and Roll","Bouncing Flask","Deadly Poison+1","Burst","Flechettes","Backflip","Footwork","Eviscerate","Acrobatics+1","Footwork","Doppelganger","Predator","Calculated Gamble","Mind Blast","The Bomb","Apotheosis","Noxious Fumes"],"special_seed":0,"relics":["Astrolabe","Golden Idol","Sundial","Old Coin","Snecko Eye","Snake Skull","Tiny Chest","Lantern","Bronze Scales","Happy Flower","Darkstone Periapt","Sozu","Bottled Tornado","Bottled Lightning","Strawberry"],"potions_floor_usage":[29,30,33,33,33,33],"damage_taken":[{"damage":0.0,"enemies":"Small Slimes","floor":1.0,"turns":9.0},{"damage":13.0,"enemies":"2 Louse","floor":2.0,"turns":6.0},{"damage":0.0,"enemies":"Cultist","floor":4.0,"turns":5.0},{"damage":5.0,"enemies":"Lagavulin","floor":10.0,"turns":5.0},{"damage":8.0,"enemies":"Lots of Slimes","floor":12.0,"turns":4.0},{"damage":0.0,"enemies":"3 Louse","floor":13.0,"turns":5.0},{"damage":2.0,"enemies":"2 Fungi Beasts","floor":14.0,"turns":4.0},{"damage":35.0,"enemies":"Hexaghost","floor":16.0,"turns":12.0},{"damage":0.0,"enemies":"2 Thieves","floor":18.0,"turns":1.0},{"damage":1.0,"enemies":"Shell Parasite","floor":20.0,"turns":6.0},{"damage":47.0,"enemies":"Slavers","floor":23.0,"turns":8.0},{"damage":3.0,"enemies":"Snake Plant","floor":27.0,"turns":4.0},{"damage":14.0,"enemies":"Shelled Parasite and Fungi","floor":28.0,"turns":4.0},{"damage":0,"enemies":"Chosen and Byrds","floor":29,"turns":3},{"damage":6,"enemies":"Centurion and Healer","floor":30,"turns":5},{"damage":0,"enemies":"Champ","floor":33,"turns":8},{"damage":12,"enemies":"Orb Walker","floor":35,"turns":4},{"damage":1,"enemies":"3 Shapes","floor":36,"turns":6},{"damage":13,"enemies":"Sphere and 2 Shapes","floor":37,"turns":6},{"damage":3,"enemies":"Reptomancer","floor":41,"turns":8},{"damage":1,"enemies":"4 Shapes","floor":42,"turns":8},{"damage":7,"enemies":"3 Darklings","floor":46,"turns":5},{"damage":16,"enemies":"Sphere and 2 Shapes","floor":47,"turns":7},{"damage":2,"enemies":"Giant Head","floor":48,"turns":7},{"damage":67,"enemies":"Donu and Deca","floor":50,"turns":10}],"seed_played":"3831824694870101411","potions_obtained":[{"floor":1.0,"key":"LiquidBronze"},{"floor":4.0,"key":"Regen Potion"},{"floor":14.0,"key":"Regen Potion"},{"floor":27.0,"key":"Strength Potion"},{"floor":28.0,"key":"SpeedPotion"},{"floor":30,"key":"SkillPotion"}],"is_trial":false,"path_per_floor":["M","M","$","M","?","R","?","R","T","E","?","M","M","M","R","B",null,"M","?","M","?","$","E","$","R","T","M","M","M","M","$","R","B",null,"M","M","M","?","?","R","E","M","T","$","R","M","M","E","R","B"],"character_chosen":"THE_SILENT","items_purchased":["Skewer","Snake Skull","Tiny Chest","Backflip","SkillPotion","Footwork","Bronze Scales","Happy Flower","Footwork","Apotheosis"],"campfire_rested":5,"item_purchase_floors":[3,22,22,22,22,24,24,24,31,44],"current_hp_per_floor":[59,46,46,46,39,39,39,39,39,48,53,45,45,43,43,23,55,55,55,54,54,54,7,7,26,26,23,9,9,3,3,22,22,54,42,41,28,28,23,42,39,38,38,38,57,50,34,39,60,0],"gold":89,"neow_bonus":"BOSS_RELIC","is_prod":false,"is_daily":false,"chose_seed":false,"campfire_upgraded":3,"win_rate":0,"timestamp":1548837788,"path_taken":["M","M","$","M","?","R","?","R","T","E","?","M","M","M","R","BOSS","M","?","M","?","$","E","$","R","T","M","?","M","M","?","R","BOSS","M","?","M","?","?","R","E","M","T","?","R","M","?","E","R","BOSS"],"build_version":"2019-01-23","purchased_purges":1,"victory":false,"max_hp_per_floor":[66,66,66,66,66,66,60,60,60,60,65,65,65,65,65,65,65,65,65,65,65,65,65,65,65,65,65,65,65,65,65,65,65,65,65,65,65,65,65,65,65,65,65,65,65,65,65,72,72,72],"card_choices":[{"not_picked":["Terror","Flying Knee"],"picked":"Quick Slash","floor":1.0},{"not_picked":["Deflect","Slice"],"picked":"PiercingWail","floor":2.0},{"not_picked":["Slice","Expertise"],"picked":"Calculated Gamble","floor":4.0},{"not_picked":["Dodge and Roll","Blade Dance"],"picked":"Predator","floor":10.0},{"not_picked":["Expertise","Underhanded Strike"],"picked":"Dodge and Roll","floor":12.0},{"not_picked":["Backflip","PiercingWail"],"picked":"Bouncing Flask","floor":13.0},{"not_picked":["Night Terror","Acrobatics"],"picked":"Deadly Poison","floor":14.0},{"not_picked":["Unload","Phantasmal Killer"],"picked":"Burst","floor":16.0},{"not_picked":["Deflect","Cloak And Dagger"],"picked":"Flechettes","floor":20.0},{"not_picked":["Quick Slash","Flechettes","Infinite Blades+1"],"picked":"SKIP","floor":23.0},{"not_picked":["Dagger Spray","Cloak And Dagger"],"picked":"Eviscerate","floor":27.0},{"not_picked":["Sucker Punch","Footwork","All Out Attack"],"picked":"SKIP","floor":28.0},{"not_picked":["Flying Knee","Well Laid Plans"],"picked":"Acrobatics+1","floor":29},{"not_picked":["Slice","Poisoned Stab","Tactician"],"picked":"SKIP","floor":30},{"not_picked":["Storm of Steel","Grand Finale"],"picked":"Doppelganger","floor":33},{"not_picked":["Dagger Throw","Escape Plan","Setup+1"],"picked":"SKIP","floor":35},{"not_picked":["Backflip","Caltrops"],"picked":"Predator","floor":36},{"not_picked":["Finisher","Dagger Throw"],"picked":"Calculated Gamble","floor":37},{"not_picked":["Secret Technique","HandOfGreed"],"picked":"Mind Blast","floor":39},{"not_picked":["Impatience","HandOfGreed"],"picked":"The Bomb","floor":39},{"not_picked":["Blade Dance","Bane+1","Setup"],"picked":"SKIP","floor":41},{"not_picked":["Dagger Spray","Poisoned Stab","Sucker Punch"],"picked":"SKIP","floor":42},{"not_picked":["Well Laid Plans","Sucker Punch"],"picked":"Noxious Fumes","floor":46},{"not_picked":["Sucker Punch","Quick Slash","Poisoned Stab"],"picked":"SKIP","floor":47},{"not_picked":["Quick Slash","Prepared+1","Venomology"],"picked":"SKIP","floor":48}],"player_experience":1966382,"relics_obtained":[{"floor":9.0,"key":"Sundial"},{"floor":10.0,"key":"Old Coin"},{"floor":23.0,"key":"Lantern"},{"floor":26.0,"key":"Darkstone Periapt"},{"floor":41,"key":"Bottled Tornado"},{"floor":43,"key":"Bottled Lightning"},{"floor":48,"key":"Strawberry"}],"event_choices":[{"cards_removed":["Strike_G"],"damage_healed":0.0,"max_hp_gain":0.0,"max_hp_loss":0.0,"gold_gain":0.0,"event_name":"Golden Wing","player_choice":"Card Removal","floor":5.0,"gold_loss":0.0,"damage_taken":7.0},{"damage_healed":0.0,"max_hp_gain":0.0,"max_hp_loss":6.0,"gold_gain":0.0,"event_name":"Golden Idol","player_choice":"Lose Max HP","floor":7.0,"gold_loss":0.0,"damage_taken":0.0,"relics_obtained":["Golden Idol"]},{"damage_healed":0.0,"max_hp_gain":5.0,"max_hp_loss":0.0,"gold_gain":0.0,"event_name":"Big Fish","player_choice":"Donut","floor":11.0,"gold_loss":0.0,"damage_taken":0.0},{"damage_healed":0.0,"max_hp_gain":0.0,"max_hp_loss":0.0,"gold_gain":50.0,"event_name":"Nest","player_choice":"Stole From Cult","floor":19.0,"gold_loss":0.0,"damage_taken":0.0},{"damage_healed":0.0,"max_hp_gain":0.0,"max_hp_loss":0.0,"gold_gain":200.0,"event_name":"Wheel of Change","player_choice":"Gold","floor":21.0,"gold_loss":0.0,"damage_taken":0.0},{"damage_healed":0,"gold_gain":0,"player_choice":"Ignored","damage_taken":0,"max_hp_gain":0,"max_hp_loss":0,"event_name":"Tomb of Lord Red Mask","floor":38,"gold_loss":0},{"damage_healed":0,"gold_gain":0,"player_choice":"Memory 2","damage_taken":5,"max_hp_gain":0,"max_hp_loss":0,"event_name":"SensoryStone","floor":39,"gold_loss":0}],"is_beta":true,"boss_relics":[{"not_picked":["Lizard Tail","Calling Bell"],"picked":"Snecko Eye"},{"not_picked":["Coffee Dripper","Runic Pyramid"],"picked":"Sozu"}],"items_purged_floors":[22],"is_endless":false,"potions_floor_spawned":[1,4,14,27,28,30,35,37,42],"killed_by":"Donu and Deca","ascension_level":20}