{"path_per_floor":["M","?","?","M","?","E","R","E","T","M","R","E","M","M","R","B",null,"M","$","M","M","M","E"],"character_chosen":"IRONCLAD","items_purchased":["Toxic Egg 2"],"gold_per_floor":[111,111,111,121,71,97,97,132,157,174,174,238,252,270,270,368,368,381,68,88,103,115,143,143],"floor_reached":24,"campfire_rested":1,"playtime":2061,"current_hp_per_floor":[80,80,73,75,75,59,59,37,37,43,80,80,80,74,74,54,80,74,74,61,43,44,17,0],"items_purged":["Strike_R"],"gold":143,"score":250,"play_id":"bbe10ea1-367a-4175-9204-ce52ae209baf","local_time":"20180415103957","is_prod":false,"is_daily":false,"chose_seed":false,"is_ascension_mode":true,"campfire_upgraded":2,"timestamp":1523756397,"path_taken":["M","?","?","M","?","E","R","E","T","?","R","E","M","M","R","BOSS","M","$","M","M","M","E","M"],"build_version":"2018-04-12","seed_source_timestamp":6813532853325,"purchased_purges":1,"victory":false,"master_deck":["Strike_R","Strike_R","Strike_R","Defend_R","Defend_R","Defend_R","Bash","Inflame+1","Shrug It Off","Heavy Blade+1","Burning Pact","Rupture","Cleave","Rupture","Berserk","Rupture","Pommel Strike+1","Blood for Blood+1","Bloodletting+1","Inflame"],"max_hp_per_floor":[80,80,80,80,80,80,80,80,80,80,80,80,80,80,80,80,80,80,80,80,80,80,80,80],"relics":["Burning Blood","Regal Pillow","Omamori","Self Forming Clay","Lantern","Tiny Chest","Velvet Choker","Toxic Egg 2","Thread and Needle"],"card_choices":[{"not_picked":["Rampage","Armaments"],"picked":"Inflame","floor":1},{"not_picked":["Twin Strike","Fire Breathing"],"picked":"Shrug It Off","floor":4},{"not_picked":["Anger","Battle Trance"],"picked":"Heavy Blade","floor":6},{"not_picked":["Wild Strike","Combust"],"picked":"Burning Pact","floor":8},{"not_picked":["Carnage","Clash"],"picked":"Rupture","floor":10},{"not_picked":["Corruption","Wild Strike"],"picked":"Cleave","floor":13},{"not_picked":["Pommel Strike","Clash"],"picked":"Rupture","floor":14},{"not_picked":["Fiend Fire","Immolate"],"picked":"Berserk","floor":16},{"not_picked":["Sword Boomerang","Intimidate"],"picked":"Rupture","floor":18},{"not_picked":["Body Slam","Reckless Charge"],"picked":"Pommel Strike","floor":20},{"not_picked":["Metallicize","Dropkick"],"picked":"Blood for Blood","floor":21},{"not_picked":["Flame Barrier","Clash"],"picked":"Bloodletting","floor":22},{"not_picked":["Flame Barrier","Flex"],"picked":"Inflame","floor":23}],"player_experience":66924,"potions_floor_usage":[22,23],"damage_taken":[{"damage":3,"enemies":"Jaw Worm","floor":1,"turns":4},{"damage":4,"enemies":"2 Louse","floor":4,"turns":4},{"damage":22,"enemies":"Gremlin Nob","floor":6,"turns":4},{"damage":28,"enemies":"3 Sentries","floor":8,"turns":10},{"damage":0,"enemies":"Small Slimes","floor":10,"turns":3},{"damage":6,"enemies":"Gremlin Nob","floor":12,"turns":3},{"damage":1,"enemies":"Exordium Wildlife","floor":13,"turns":3},{"damage":12,"enemies":"Looter","floor":14,"turns":3},{"damage":26,"enemies":"Slime Boss","floor":16,"turns":12},{"damage":12,"enemies":"Shell Parasite","floor":18,"turns":5},{"damage":19,"enemies":"Spheric Guardian","floor":20,"turns":4},{"damage":24,"enemies":"Centurion and Healer","floor":21,"turns":7},{"damage":5,"enemies":"Snecko","floor":22,"turns":4},{"damage":33,"enemies":"Book of Stabbing","floor":23,"turns":5},{"damage":26,"enemies":"Chosen and Byrds","floor":24,"turns":4}],"event_choices":[{"event_name":"Living Wall","player_choice":"Forget","floor":2,"damage_taken":0},{"event_name":"Scrap Ooze","player_choice":"success","floor":3,"damage_taken":7},{"event_name":"The Cleric","player_choice":"Card Removal","floor":5,"damage_taken":0}],"boss_relics":[{"not_picked":["Sozu","Tiny House"],"picked":"Velvet Choker"}],"potions_floor_spawned":[1,8,10,12,16,18,20,21],"seed_played":"787320904143938921","killed_by":"Chosen and Byrds","ascension_level":1,"is_trial":false}