{"gold_per_floor":[119,136,136,151,41,41,76,76,76,76,104,135,147,165,165,165],"floor_reached":16,"playtime":811,"items_purged":[],"score":220,"play_id":"4289bdaa-d5e8-4a1e-b3a9-65ecb42e3e6d","local_time":"20181210033525","is_ascension_mode":true,"campfire_choices":[{"data":"Neutralize","floor":6.0,"key":"SMITH"},{"data":"Choke","floor":8.0,"key":"SMITH"},{"floor":10.0,"key":"REST"},{"floor":15.0,"key":"REST"}],"neow_cost":"NONE","seed_source_timestamp":688157229676300,"circlet_count":0,"master_deck":["AscendersBane","Defend_G","Defend_G","Defend_G","Defend_G","Defend_G","Strike_G","Strike_G","Strike_G+1","Strike_G+1","Strike_G","Survivor","Neutralize+1","Adrenaline","Choke+1","Slice","Endless Agony","Backflip","Flying Knee","Catalyst","Cloak And Dagger","Dagger Spray"],"special_seed":0,"relics":["WristBlade","Singing Bowl","Paper Crane","Odd Mushroom","Whetstone"],"potions_floor_usage":[16,16],"damage_taken":[{"damage":2.0,"enemies":"Small Slimes","floor":1.0,"turns":5.0},{"damage":2.0,"enemies":"Jaw Worm","floor":2.0,"turns":5.0},{"damage":7.0,"enemies":"Cultist","floor":4.0,"turns":5.0},{"damage":21.0,"enemies":"3 Sentries","floor":7.0,"turns":10.0},{"damage":6.0,"enemies":"The Mushroom Lair","floor":11.0,"turns":5.0},{"damage":30.0,"enemies":"Lagavulin","floor":12.0,"turns":6.0},{"damage":0.0,"enemies":"2 Fungi Beasts","floor":13.0,"turns":2.0},{"damage":0.0,"enemies":"Exordium Wildlife","floor":14.0,"turns":3.0},{"damage":29,"enemies":"Slime Boss","floor":16,"turns":8}],"seed_played":"7425776413235471831","potions_obtained":[{"floor":7.0,"key":"Poison Potion"},{"floor":11.0,"key":"Explosive Potion"},{"floor":12.0,"key":"GamblersBrew"},{"floor":14.0,"key":"SpeedPotion"}],"is_trial":false,"path_per_floor":["M","M","?","M","$","R","E","R","T","R","?","E","M","M","R","B"],"character_chosen":"THE_SILENT","items_purchased":["Slice","Endless Agony"],"campfire_rested":2,"item_purchase_floors":[5,5],"current_hp_per_floor":[57,55,55,48,48,48,27,27,27,46,40,10,10,10,29,0],"gold":165,"neow_bonus":"BOSS_RELIC","is_prod":false,"is_daily":false,"chose_seed":false,"campfire_upgraded":2,"win_rate":0,"timestamp":1544430925,"path_taken":["M","M","?","M","$","R","E","R","T","R","?","E","M","M","R","BOSS"],"build_version":"2018-11-15","purchased_purges":0,"victory":false,"max_hp_per_floor":[66,66,66,66,66,66,66,66,66,66,66,66,66,66,66,66],"card_choices":[{"not_picked":["Acrobatics","Outmaneuver","Prepared"],"picked":"SKIP","floor":1.0},{"not_picked":["Escape Plan","Poisoned Stab"],"picked":"Adrenaline","floor":2.0},{"not_picked":["Dodge and Roll","Setup"],"picked":"Choke","floor":4.0},{"not_picked":["Catalyst","Finisher"],"picked":"Backflip","floor":7.0},{"not_picked":["Prepared","Reflex"],"picked":"Flying Knee","floor":11.0},{"not_picked":["Acrobatics","Outmaneuver"],"picked":"Catalyst","floor":12.0},{"not_picked":["Dagger Spray","Outmaneuver"],"picked":"Cloak And Dagger","floor":13.0},{"not_picked":["Bane","Slice"],"picked":"Dagger Spray","floor":14.0}],"player_experience":1797742,"relics_obtained":[{"floor":7.0,"key":"Singing Bowl"},{"floor":9.0,"key":"Paper Crane"},{"floor":11.0,"key":"Odd Mushroom"},{"floor":12.0,"key":"Whetstone"}],"event_choices":[{"damage_healed":0.0,"max_hp_gain":0.0,"max_hp_loss":0.0,"gold_gain":0.0,"event_name":"The Cleric","player_choice":"Leave","floor":3.0,"gold_loss":0.0,"damage_taken":0.0},{"damage_healed":0.0,"max_hp_gain":0.0,"max_hp_loss":0.0,"gold_gain":0.0,"event_name":"Mushrooms","player_choice":"Fought Mushrooms","floor":11.0,"gold_loss":0.0,"damage_taken":0.0}],"is_beta":true,"boss_relics":[],"items_purged_floors":[],"is_endless":false,"potions_floor_spawned":[7,11,12,14],"killed_by":"Slime Boss","ascension_level":20}