{"gold_per_floor":[218,234,249,23,41,66,78,78,78,107,182,195,213,213,213,213],"floor_reached":16,"playtime":941,"items_purged":["Strike_G"],"score":120,"play_id":"7447617c-ef2b-428c-abde-41ba1ed1f51b","local_time":"20190121182913","is_ascension_mode":true,"campfire_choices":[{"floor":8,"key":"REST"},{"floor":15,"key":"REST"}],"neow_cost":"NONE","seed_source_timestamp":1682703683870159,"circlet_count":0,"master_deck":["Defend_G","Defend_G","Defend_G","Defend_G","Defend_G","Strike_G","Strike_G","Strike_G","Strike_G","Survivor","Neutralize","Quick Slash","Distraction","Flying Knee","Well Laid Plans","Poisoned Stab+1","Corpse Explosion","Bane+1","Backstab+1","Skewer+1"],"relics":["Ring of the Snake","Anchor","Molten Egg 2","Smiling Mask"],"potions_floor_usage":[16,16,16],"damage_taken":[{"damage":2,"enemies":"Small Slimes","floor":1,"turns":6},{"damage":0,"enemies":"Jaw Worm","floor":2,"turns":4},{"damage":2,"enemies":"Cultist","floor":3,"turns":4},{"damage":2,"enemies":"Large Slime","floor":5,"turns":6},{"damage":38,"enemies":"Lagavulin","floor":6,"turns":9},{"damage":0,"enemies":"Exordium Wildlife","floor":7,"turns":4},{"damage":13,"enemies":"3 Sentries","floor":10,"turns":3},{"damage":7,"enemies":"Gremlin Gang","floor":12,"turns":2},{"damage":0,"enemies":"Lots of Slimes","floor":13,"turns":2},{"damage":40,"enemies":"The Guardian","floor":16,"turns":9}],"seed_played":"8336924655698910831","potions_obtained":[{"floor":1,"key":"Explosive Potion"},{"floor":5,"key":"Energy Potion"},{"floor":6,"key":"SkillPotion"}],"is_trial":false,"path_per_floor":["M","M","M","$","M","E","M","R","T","E","?","M","M","?","R","B"],"character_chosen":"THE_SILENT","items_purchased":["Anchor"],"campfire_rested":2,"item_purchase_floors":[4],"current_hp_per_floor":[68,68,66,66,64,26,26,47,47,34,23,16,16,16,37,0],"gold":213,"neow_bonus":"HUNDRED_GOLD","is_prod":false,"is_daily":false,"chose_seed":false,"campfire_upgraded":0,"win_rate":0,"timestamp":1548091753,"path_taken":["M","M","M","$","M","E","M","R","T","E","?","M","M","?","R","BOSS"],"build_version":"2019-01-17v2","purchased_purges":1,"victory":false,"max_hp_per_floor":[70,70,70,70,70,70,70,70,70,70,70,70,70,70,70,70],"card_choices":[{"not_picked":["Heel Hook","Setup"],"picked":"Quick Slash","floor":1},{"not_picked":["Deadly Poison","Cloak And Dagger"],"picked":"Distraction","floor":2},{"not_picked":["Distraction","After Image"],"picked":"Flying Knee","floor":3},{"not_picked":["PiercingWail","Poisoned Stab"],"picked":"Well Laid Plans","floor":5},{"not_picked":["Deflect","Quick Slash"],"picked":"Poisoned Stab","floor":6},{"not_picked":["Choke+1","Noxious Fumes"],"picked":"Corpse Explosion","floor":7},{"not_picked":["Terror","Envenom"],"picked":"Bane+1","floor":10},{"not_picked":["Accuracy","Dagger Throw+1"],"picked":"Backstab+1","floor":12},{"not_picked":["Infinite Blades","Deflect"],"picked":"Skewer+1","floor":13}],"player_experience":220523,"relics_obtained":[{"floor":6,"key":"Molten Egg 2"},{"floor":10,"key":"Smiling Mask"}],"event_choices":[{"damage_healed":0,"gold_gain":75,"player_choice":"Gather Gold","damage_taken":11,"max_hp_gain":0,"max_hp_loss":0,"event_name":"World of Goop","floor":11,"gold_loss":0},{"damage_healed":0,"gold_gain":0,"player_choice":"Searched \u00270\u0027 times","damage_taken":0,"max_hp_gain":0,"max_hp_loss":0,"event_name":"Dead Adventurer","floor":14,"gold_loss":0}],"is_beta":false,"boss_relics":[],"items_purged_floors":[4],"is_endless":false,"potions_floor_spawned":[1,5,6,7],"killed_by":"The Guardian","ascension_level":1}