{"gold_per_floor":[119,138,138,138,154,154,170,170,246,246,106,106,106,56,56,187,187,208,223,148,163,163],"floor_reached":22,"playtime":828,"items_purged":[],"score":301,"play_id":"36846f1d-0ce9-4627-947f-dd8e9fcea942","local_time":"20190207224009","is_ascension_mode":true,"campfire_choices":[{"data":"Bash","floor":6,"key":"SMITH"},{"floor":8,"key":"REST"},{"data":"Bludgeon","floor":12,"key":"SMITH"},{"data":"True Grit","floor":15,"key":"SMITH"}],"neow_cost":"NONE","seed_source_timestamp":4175534287200,"circlet_count":0,"master_deck":["AscendersBane","Strike_R","Strike_R","Strike_R","Defend_R","Defend_R","Defend_R","Defend_R","Bash+1","Clothesline","Pommel Strike","True Grit+1","Bludgeon+1","Power Through+1"],"relics":["Burning Blood","Golden Idol","Strawberry","Blue Candle","Sundial","Cursed Key"],"potions_floor_usage":[10,16,21],"damage_taken":[{"damage":11,"enemies":"Cultist","floor":1,"turns":4},{"damage":9,"enemies":"Jaw Worm","floor":2,"turns":4},{"damage":7,"enemies":"Small Slimes","floor":5,"turns":3},{"damage":12,"enemies":"3 Louse","floor":7,"turns":4},{"damage":0,"enemies":"3 Sentries","floor":10,"turns":1},{"damage":18,"enemies":"Slime Boss","floor":16,"turns":8},{"damage":33,"enemies":"Shell Parasite","floor":18,"turns":7},{"damage":17,"enemies":"2 Thieves","floor":19,"turns":3},{"damage":25,"enemies":"Snake Plant","floor":21,"turns":4},{"damage":37,"enemies":"Chosen and Byrds","floor":22,"turns":4}],"seed_played":"3021254069328755414","potions_obtained":[{"floor":2,"key":"Poison Potion"},{"floor":7,"key":"SmokeBomb"},{"floor":19,"key":"EssenceOfSteel"}],"is_trial":false,"path_per_floor":["M","M","?","?","M","R","M","R","T","E","$","R","T","?","R","B",null,"M","M","?","M","M"],"character_chosen":"IRONCLAD","items_purchased":["Bludgeon"],"campfire_rested":1,"item_purchase_floors":[11],"current_hp_per_floor":[75,72,50,32,31,31,25,53,53,59,59,59,59,59,59,47,83,56,45,45,26,0],"gold":163,"neow_bonus":"TEN_PERCENT_HP_BONUS","is_prod":false,"is_daily":false,"chose_seed":false,"campfire_upgraded":3,"win_rate":0,"timestamp":1549597209,"path_taken":["M","M","?","?","M","R","M","R","T","E","$","R","?","?","R","BOSS","M","M","?","M","M"],"build_version":"2019-01-23","purchased_purges":0,"victory":false,"max_hp_per_floor":[88,88,88,95,95,95,95,95,95,95,95,95,95,95,95,95,95,95,95,95,95,95],"card_choices":[{"not_picked":["Hemokinesis","Iron Wave"],"picked":"Clothesline","floor":1},{"not_picked":["Reckless Charge","Clash"],"picked":"Pommel Strike","floor":2},{"not_picked":["Twin Strike","Havoc","Second Wind"],"picked":"SKIP","floor":5},{"not_picked":["Clash","Clothesline"],"picked":"True Grit","floor":7},{"not_picked":["Iron Wave","Body Slam","Wild Strike"],"picked":"SKIP","floor":18},{"not_picked":["Clothesline","Flex"],"picked":"Power Through+1","floor":19},{"not_picked":["Burning Pact","Cleave","Clothesline"],"picked":"SKIP","floor":21}],"player_experience":472068,"relics_obtained":[{"floor":9,"key":"Blue Candle"},{"floor":13,"key":"Sundial"}],"event_choices":[{"damage_healed":0,"gold_gain":0,"player_choice":"Take Damage","damage_taken":22,"relics_obtained":["Golden Idol"],"max_hp_gain":0,"max_hp_loss":0,"event_name":"Golden Idol","floor":3,"gold_loss":0},{"damage_healed":0,"gold_gain":0,"player_choice":"Success","damage_taken":25,"relics_obtained":["Strawberry"],"max_hp_gain":0,"max_hp_loss":0,"event_name":"Scrap Ooze","floor":4,"gold_loss":0},{"cards_removed":["Strike_R"],"damage_healed":0,"gold_gain":0,"player_choice":"Card Removal","damage_taken":0,"max_hp_gain":0,"max_hp_loss":0,"event_name":"The Cleric","floor":14,"gold_loss":50},{"cards_removed":["Strike_R"],"damage_healed":0,"gold_gain":0,"player_choice":"Gave Gold","damage_taken":0,"max_hp_gain":0,"max_hp_loss":0,"event_name":"Beggar","floor":20,"gold_loss":75}],"is_beta":false,"boss_relics":[{"not_picked":["Calling Bell","White Beast Statue"],"picked":"Cursed Key"}],"items_purged_floors":[],"is_endless":false,"potions_floor_spawned":[2,7,10,19],"killed_by":"Chosen and Byrds","ascension_level":10}