{"gold_per_floor":[112,185,197,197,211,211,15,25,25,40,40,70],"floor_reached":12,"playtime":1005,"items_purged":[],"score":70,"play_id":"d0f958bf-cfe5-407f-96d2-adbf857c8c5e","local_time":"20190102010133","is_ascension_mode":false,"campfire_choices":[{"data":"Venomology","floor":6,"key":"SMITH"},{"data":"Backstab","floor":11,"key":"SMITH"}],"neow_cost":"NONE","seed_source_timestamp":925326513168688,"circlet_count":0,"master_deck":["Defend_G","Defend_G","Defend_G","Defend_G","Defend_G","Strike_G","Strike_G","Strike_G","Strike_G","Strike_G","Survivor","Neutralize","Expertise","Underhanded Strike","Dagger Spray","Venomology+1","Slice","Enlightenment","Escape Plan","Backstab+1","Deadly Poison"],"relics":["Ring of the Snake","Orichalcum","Mummified Hand"],"potions_floor_usage":[10,10,12],"damage_taken":[{"damage":5,"enemies":"Small Slimes","floor":1,"turns":4},{"damage":5,"enemies":"Jaw Worm","floor":3,"turns":4},{"damage":2,"enemies":"2 Louse","floor":5,"turns":2},{"damage":6,"enemies":"Looter","floor":8,"turns":4},{"damage":0,"enemies":"3 Louse","floor":10,"turns":2},{"damage":63,"enemies":"Gremlin Nob","floor":12,"turns":5}],"seed_played":"-4895798863388387487","potions_obtained":[{"floor":5,"key":"GhostInAJar"},{"floor":8,"key":"Block Potion"},{"floor":10,"key":"Dexterity Potion"}],"is_trial":false,"path_per_floor":["M","?","M","?","M","R","$","M","T","M","R","?"],"character_chosen":"THE_SILENT","items_purchased":["Slice","Enlightenment","Escape Plan"],"campfire_rested":0,"item_purchase_floors":[7,7,7],"current_hp_per_floor":[65,65,60,57,55,55,55,49,49,49,49,0],"gold":70,"neow_bonus":"THREE_CARDS","is_prod":false,"is_daily":false,"chose_seed":false,"campfire_upgraded":2,"win_rate":0.0,"timestamp":1546408893,"path_taken":["M","?","M","?","M","R","$","M","T","M","R","?"],"build_version":"2018-12-20","purchased_purges":0,"victory":false,"max_hp_per_floor":[70,70,70,70,70,70,70,70,70,70,70,70],"card_choices":[{"not_picked":["Outmaneuver","Slice"],"picked":"Expertise","floor":0},{"not_picked":["Deflect","Outmaneuver"],"picked":"Underhanded Strike","floor":1},{"not_picked":["Outmaneuver","Dagger Throw"],"picked":"Dagger Spray","floor":3},{"not_picked":["Backflip","Heel Hook"],"picked":"Venomology","floor":5},{"not_picked":["Dodge and Roll","Poisoned Stab"],"picked":"Backstab","floor":8},{"not_picked":["Quick Slash","Flying Knee"],"picked":"Deadly Poison","floor":10}],"player_experience":3144,"relics_obtained":[{"floor":9,"key":"Mummified Hand"}],"event_choices":[{"damage_healed":0,"gold_gain":73,"player_choice":"Gained Gold","damage_taken":0,"max_hp_gain":0,"max_hp_loss":0,"event_name":"Golden Wing","floor":2,"gold_loss":0},{"damage_healed":0,"gold_gain":0,"player_choice":"Success","damage_taken":3,"relics_obtained":["Orichalcum"],"max_hp_gain":0,"max_hp_loss":0,"event_name":"Scrap Ooze","floor":4,"gold_loss":0},{"damage_healed":0,"gold_gain":30,"player_choice":"Searched \u00272\u0027 times","damage_taken":0,"max_hp_gain":0,"max_hp_loss":0,"event_name":"Dead Adventurer","floor":12,"gold_loss":0}],"is_beta":false,"boss_relics":[],"items_purged_floors":[],"is_endless":false,"potions_floor_spawned":[5,8,10],"killed_by":"Gremlin Nob","ascension_level":0}