{"gold_per_floor":[117,117,131,143,143,173,173,98,98,116,141,160,176,186,186,186],"floor_reached":16,"playtime":757,"items_purged":["Defend_R"],"score":148,"play_id":"301fdbe7-430e-4e15-805f-22e48844611e","local_time":"20190208014641","is_ascension_mode":true,"campfire_choices":[{"floor":7,"key":"REST"},{"floor":15,"key":"REST"}],"neow_cost":"NONE","seed_source_timestamp":253221743227142,"circlet_count":0,"master_deck":["Strike_R","Strike_R","Strike_R","Strike_R","Strike_R","Defend_R","Defend_R","Bash+1","Shrug It Off","Dropkick","Clash"],"relics":["Burning Blood","NeowsBlessing","Mummified Hand","Regal Pillow","Blood Vial"],"potions_floor_usage":[11,16],"damage_taken":[{"damage":0,"enemies":"Cultist","floor":1,"turns":1},{"damage":0,"enemies":"Jaw Worm","floor":3,"turns":1},{"damage":0,"enemies":"Small Slimes","floor":4,"turns":1},{"damage":32,"enemies":"Gremlin Nob","floor":6,"turns":4},{"damage":4,"enemies":"2 Fungi Beasts","floor":10,"turns":3},{"damage":52,"enemies":"3 Sentries","floor":11,"turns":10},{"damage":11,"enemies":"Blue Slaver","floor":12,"turns":5},{"damage":1,"enemies":"Exordium Thugs","floor":13,"turns":4},{"damage":0,"enemies":"Exordium Wildlife","floor":14,"turns":3},{"damage":86,"enemies":"Hexaghost","floor":16,"turns":11}],"seed_played":"-8986915744628005236","potions_obtained":[{"floor":1,"key":"SteroidPotion"},{"floor":6,"key":"Fruit Juice"},{"floor":10,"key":"PowerPotion"},{"floor":11,"key":"Ancient Potion"}],"is_trial":false,"path_per_floor":["M","?","M","M","?","E","R","$","T","M","E","M","M","M","R","B"],"character_chosen":"IRONCLAD","items_purchased":[],"campfire_rested":2,"item_purchase_floors":[],"current_hp_per_floor":[78,78,80,80,80,54,78,78,78,80,39,36,43,51,85,0],"gold":186,"neow_bonus":"THREE_ENEMY_KILL","is_prod":false,"is_daily":false,"chose_seed":false,"campfire_upgraded":0,"win_rate":0,"timestamp":1549619201,"path_taken":["M","?","M","?","?","E","R","$","T","M","E","M","?","M","R","BOSS"],"build_version":"2019-01-23","purchased_purges":1,"victory":false,"max_hp_per_floor":[80,80,80,80,80,80,80,80,80,80,85,85,85,85,85,85],"card_choices":[{"not_picked":["Bloodletting","Rampage"],"picked":"Shrug It Off","floor":1},{"not_picked":["Battle Trance","Inflame"],"picked":"Dropkick","floor":3},{"not_picked":["Intimidate","Body Slam","Blood for Blood"],"picked":"SKIP","floor":4},{"not_picked":["Shrug It Off","Combust","Clothesline"],"picked":"SKIP","floor":6},{"not_picked":["Body Slam","Shrug It Off","Wild Strike"],"picked":"SKIP","floor":10},{"not_picked":["Pummel","Shrug It Off","Anger"],"picked":"SKIP","floor":11},{"not_picked":["Feel No Pain","Ghostly Armor"],"picked":"Clash","floor":12},{"not_picked":["Ghostly Armor","Wild Strike","Rampage"],"picked":"SKIP","floor":13},{"not_picked":["Infernal Blade","Twin Strike","Berserk"],"picked":"SKIP","floor":14}],"player_experience":469848,"relics_obtained":[{"floor":6,"key":"Mummified Hand"},{"floor":9,"key":"Regal Pillow"},{"floor":11,"key":"Blood Vial"}],"event_choices":[{"cards_removed":["Defend_R"],"damage_healed":0,"gold_gain":0,"player_choice":"Purged","damage_taken":0,"max_hp_gain":0,"max_hp_loss":0,"event_name":"Purifier","floor":2,"gold_loss":0},{"damage_healed":0,"gold_gain":0,"player_choice":"Upgraded","damage_taken":0,"max_hp_gain":0,"max_hp_loss":0,"event_name":"Upgrade Shrine","floor":5,"gold_loss":0,"cards_upgraded":["Bash"]}],"is_beta":false,"boss_relics":[],"items_purged_floors":[8],"is_endless":false,"potions_floor_spawned":[1,6,10,11,14],"killed_by":"Hexaghost","ascension_level":6}