{"gold_per_floor":[112,112,112,287,300,300,314,314,341,341,361,381,381,395,395,490,490,508,366,382,392,406,406,422,422,422,433,433,433,433,443,443,548,548,558,558,558,558,281,281,295,214,214,228,243,255,273,292,292,292],"floor_reached":51,"playtime":2004,"items_purged":["Doubt"],"score":694,"play_id":"f0ac2b90-87b9-44b4-b495-31a55e63e7c6","local_time":"20181206231438","daily_mods":["SealedDeck"],"is_ascension_mode":false,"campfire_choices":[{"data":"Defragment","floor":8,"key":"SMITH"},{"data":"Blizzard","floor":10,"key":"SMITH"},{"data":"Double Energy","floor":13,"key":"SMITH"},{"data":"Redo","floor":15,"key":"SMITH"},{"data":"Self Repair","floor":23,"key":"SMITH"},{"data":"Capacitor","floor":30,"key":"SMITH"},{"data":"Defragment","floor":32,"key":"SMITH"},{"data":"Capacitor","floor":40,"key":"SMITH"},{"data":"Defragment","floor":49,"key":"SMITH"}],"neow_cost":"","seed_source_timestamp":0,"circlet_count":0,"master_deck":["Blizzard+1","Go for the Eyes","Cold Snap","Ball Lightning","Double Energy+1","Capacitor+1","Ball Lightning","Glacier","Auto Shields","Tempest","Cold Snap","Defragment+1","Self Repair+1","All For One","Redo+1","Rainbow","Capacitor+1","Tempest+1","Gash","Cold Snap","Defragment+1","Echo Form","Core Surge","Cold Snap+1","Thunder Strike","Gash+1","Parasite","Defragment+1"],"relics":["Cracked Core","Gambling Chip","Strawberry","Spirit Poop","Potion Belt","Coffee Dripper","Lantern","Anchor","Sozu","Incense Burner","Lee\u0027s Waffle","Art of War"],"potions_floor_usage":[46,46,50,50],"damage_taken":[{"damage":0,"enemies":"Small Slimes","floor":1,"turns":3},{"damage":6,"enemies":"Jaw Worm","floor":5,"turns":3},{"damage":0,"enemies":"2 Louse","floor":7,"turns":2},{"damage":9,"enemies":"Gremlin Gang","floor":11,"turns":4},{"damage":14,"enemies":"3 Louse","floor":12,"turns":2},{"damage":9,"enemies":"Blue Slaver","floor":14,"turns":2},{"damage":32,"enemies":"The Guardian","floor":16,"turns":8},{"damage":16,"enemies":"2 Thieves","floor":18,"turns":3},{"damage":7,"enemies":"3 Byrds","floor":20,"turns":4},{"damage":1,"enemies":"3 Cultists","floor":21,"turns":4},{"damage":17,"enemies":"Centurion and Healer","floor":22,"turns":5},{"damage":0,"enemies":"Shelled Parasite and Fungi","floor":24,"turns":3},{"damage":8,"enemies":"Snake Plant","floor":27,"turns":2},{"damage":4,"enemies":"Snecko","floor":31,"turns":4},{"damage":20,"enemies":"Champ","floor":33,"turns":10},{"damage":14,"enemies":"Orb Walker","floor":35,"turns":3},{"damage":35,"enemies":"3 Darklings","floor":41,"turns":5},{"damage":0,"enemies":"Sphere and 2 Shapes","floor":44,"turns":5},{"damage":22,"enemies":"Writhing Mass","floor":45,"turns":9},{"damage":7,"enemies":"Transient","floor":46,"turns":5},{"damage":1,"enemies":"Maw","floor":47,"turns":6},{"damage":38,"enemies":"3 Darklings","floor":48,"turns":4},{"damage":33,"enemies":"Donu and Deca","floor":50,"turns":6}],"seed_played":"870351053122631041","potions_obtained":[{"floor":1,"key":"PowerPotion"},{"floor":5,"key":"GamblersBrew"},{"floor":14,"key":"SpeedPotion"},{"floor":18,"key":"Block Potion"},{"floor":20,"key":"Weak Potion"},{"floor":27,"key":"FocusPotion"},{"floor":33,"key":"Block Potion"}],"is_trial":true,"path_per_floor":["M","?","?","?","M","?","M","R","T","R","M","M","R","M","R","B",null,"M","$","M","M","M","R","M","?","T","M","?","T","R","M","R","B",null,"M","?","?","T","$","R","M","$","T","M","M","M","M","M","R","B",null],"character_chosen":"DEFECT","items_purchased":["Capacitor","Core Surge","Lee\u0027s Waffle","Thunder Strike"],"campfire_rested":0,"item_purchase_floors":[19,39,39,42],"current_hp_per_floor":[75,75,79,79,73,73,73,73,73,73,71,64,64,55,55,30,82,73,73,73,79,62,62,72,56,56,48,48,48,48,54,54,44,87,73,73,73,73,94,94,69,69,69,79,77,80,79,61,61,28],"gold":292,"neow_bonus":"","is_prod":false,"is_daily":false,"chose_seed":false,"campfire_upgraded":9,"win_rate":0,"timestamp":1544105678,"path_taken":["M","?","?","?","M","?","M","R","T","R","M","M","R","M","R","BOSS","M","$","?","M","M","R","M","?","T","M","?","?","R","M","R","BOSS","M","?","?","?","?","R","?","?","T","M","M","M","M","M","R","BOSS"],"build_version":"2018-11-15","purchased_purges":1,"victory":true,"max_hp_per_floor":[75,75,82,82,82,82,82,82,82,82,82,82,82,82,82,82,82,82,82,82,82,82,82,82,87,87,87,87,87,87,87,87,87,87,87,87,87,87,94,94,94,94,94,94,94,94,94,94,94,94],"card_choices":[{"not_picked":["Reinforced Body","Static Discharge"],"picked":"Cold Snap","floor":1},{"not_picked":["Barrage","Steam"],"picked":"Defragment","floor":5},{"not_picked":["Turbo","Gash"],"picked":"Self Repair","floor":7},{"not_picked":["Aggregate","Streamline"],"picked":"Go for the Eyes","floor":11},{"not_picked":["Chaos","Undo"],"picked":"All For One","floor":12},{"not_picked":["Storm","Force Field"],"picked":"Redo","floor":14},{"not_picked":["Core Surge","Multi-Cast"],"picked":"Rainbow","floor":16},{"not_picked":["Heatsinks","Melter+1","Rebound+1"],"picked":"SKIP","floor":18},{"not_picked":["Blizzard","Hologram","Rebound"],"picked":"SKIP","floor":20},{"not_picked":["Streamline","Scrape"],"picked":"Tempest+1","floor":21},{"not_picked":["Doom and Gloom","Redo"],"picked":"Gash","floor":22},{"not_picked":["Steam","Ball Lightning+1"],"picked":"Cold Snap","floor":24},{"not_picked":["Reinforced Body","Sweeping Beam+1","Steam Power+1"],"picked":"SKIP","floor":27},{"not_picked":["Streamline+1","White Noise+1"],"picked":"Defragment","floor":31},{"not_picked":["Machine Learning","Reboot"],"picked":"Echo Form","floor":33},{"not_picked":["Stack+1","Compile Driver","Heatsinks"],"picked":"SKIP","floor":35},{"not_picked":["Scrape","Leap+1"],"picked":"Cold Snap+1","floor":41},{"not_picked":["Turbo","Barrage"],"picked":"Gash+1","floor":44},{"not_picked":["Compile Driver","Double Energy","Rebound+1"],"picked":"SKIP","floor":45},{"not_picked":["Stack","Compile Driver","Aggregate"],"picked":"SKIP","floor":46},{"not_picked":["Genetic Algorithm+1","Chaos","Compile Driver"],"picked":"SKIP","floor":47},{"not_picked":["Turbo","Genetic Algorithm+1"],"picked":"Defragment","floor":48}],"player_experience":604502,"relics_obtained":[{"floor":9,"key":"Potion Belt"},{"floor":26,"key":"Lantern"},{"floor":29,"key":"Anchor"},{"floor":38,"key":"Incense Burner"},{"floor":43,"key":"Art of War"}],"event_choices":[{"damage_healed":0,"gold_gain":0,"player_choice":"Box","damage_taken":0,"relics_obtained":["Gambling Chip"],"max_hp_gain":0,"max_hp_loss":0,"event_name":"Big Fish","floor":2,"gold_loss":0,"cards_obtained":["Regret"]},{"damage_healed":0,"gold_gain":0,"player_choice":"Success","damage_taken":3,"relics_obtained":["Strawberry"],"max_hp_gain":0,"max_hp_loss":0,"event_name":"Scrap Ooze","floor":3,"gold_loss":0},{"damage_healed":0,"gold_gain":175,"player_choice":"AGREE","damage_taken":0,"max_hp_gain":0,"max_hp_loss":0,"event_name":"Liars Game","floor":4,"gold_loss":0,"cards_obtained":["Doubt"]},{"cards_removed":["Regret"],"damage_healed":0,"gold_gain":0,"player_choice":"Offered Curse","damage_taken":0,"relics_obtained":["Spirit Poop"],"max_hp_gain":0,"max_hp_loss":0,"event_name":"Bonfire Elementals","floor":6,"gold_loss":0},{"damage_healed":0,"gold_gain":0,"player_choice":"Shed Blood","damage_taken":21,"max_hp_gain":5,"max_hp_loss":0,"event_name":"Forgotten Altar","floor":25,"gold_loss":0},{"damage_healed":0,"gold_gain":0,"player_choice":"Ignored","damage_taken":0,"max_hp_gain":0,"max_hp_loss":0,"event_name":"Ghosts","floor":28,"gold_loss":0},{"cards_removed":["Go for the Eyes"],"damage_healed":0,"gold_gain":0,"player_choice":"Removed Attack","damage_taken":0,"max_hp_gain":0,"max_hp_loss":0,"event_name":"Falling","floor":36,"gold_loss":0},{"damage_healed":0,"gold_gain":0,"player_choice":"Ignored","damage_taken":0,"max_hp_gain":0,"max_hp_loss":0,"event_name":"Tomb of Lord Red Mask","floor":37,"gold_loss":0}],"is_beta":false,"boss_relics":[{"not_picked":["Tiny House","Runic Pyramid"],"picked":"Coffee Dripper"},{"not_picked":["Fusion Hammer","Eternal Feather"],"picked":"Sozu"}],"items_purged_floors":[19],"is_endless":false,"potions_floor_spawned":[1,5,14,18,20,27,33,35,41],"ascension_level":0}