{"gold_per_floor":[115,115,65,76,91,122,122,138,138,62,62,89,119,131,131,232,232,246,246,265,175,195,195,212,212,212,262,187,187,47,57,57,153,153,168,181,181,106,116,144,44,54,54,54,54],"floor_reached":45,"playtime":2598,"items_purged":["Strike_B","Defend_B"],"score":453,"play_id":"719fb2ac-e8aa-47eb-ac19-3f60b3cff7db","local_time":"20180908235117","is_ascension_mode":false,"campfire_choices":[{"data":"Zap","floor":7,"key":"SMITH"},{"data":"Go for the Eyes","floor":11,"key":"SMITH"},{"data":"Dualcast","floor":15,"key":"SMITH"},{"data":"Self Repair","floor":23,"key":"SMITH"},{"floor":25,"key":"REST"},{"floor":29,"key":"REST"},{"data":"Auto Shields","floor":32,"key":"SMITH"},{"floor":44,"key":"REST"}],"neow_cost":"NONE","seed_source_timestamp":9476381887685,"circlet_count":0,"master_deck":["Defend_B","Defend_B","Zap+1","Dualcast+1","Conserve Battery","Go for the Eyes+1","Beam Cell","Conserve Battery","Conserve Battery","Echo Form","Auto Shields+1","FTL+1","White Noise","Electrodynamics","Capacitor","Self Repair+1","Machine Learning","Machine Learning","Beam Cell+1","Master of Strategy","Stack","Barrage"],"relics":["Cracked Core","NeowsBlessing","Cables","Singing Bowl","Dodecahedron","Blood Vial","Odd Mushroom","Empty Cage","Orichalcum","Anchor","Philosopher\u0027s Stone","Boot","Toxic Egg 2"],"potions_floor_usage":[40,42,42,42,45],"damage_taken":[{"damage":0,"enemies":"2 Louse","floor":1,"turns":1},{"damage":0,"enemies":"Cultist","floor":4,"turns":1},{"damage":0,"enemies":"Small Slimes","floor":5,"turns":1},{"damage":38,"enemies":"3 Sentries","floor":6,"turns":9},{"damage":0,"enemies":"Looter","floor":8,"turns":2},{"damage":6,"enemies":"Lagavulin","floor":12,"turns":8},{"damage":13,"enemies":"The Mushroom Lair","floor":13,"turns":5},{"damage":0,"enemies":"Lots of Slimes","floor":14,"turns":4},{"damage":20,"enemies":"The Guardian","floor":16,"turns":12},{"damage":17,"enemies":"Shell Parasite","floor":18,"turns":6},{"damage":16,"enemies":"Spheric Guardian","floor":20,"turns":5},{"damage":18,"enemies":"Cultist and Chosen","floor":22,"turns":6},{"damage":29,"enemies":"Sentry and Sphere","floor":24,"turns":5},{"damage":7,"enemies":"Shelled Parasite and Fungi","floor":31,"turns":5},{"damage":23,"enemies":"Champ","floor":33,"turns":16},{"damage":16,"enemies":"Orb Walker","floor":35,"turns":5},{"damage":10,"enemies":"3 Shapes","floor":36,"turns":3},{"damage":36,"enemies":"3 Darklings","floor":39,"turns":5},{"damage":49,"enemies":"Nemesis","floor":40,"turns":9},{"damage":33,"enemies":"Reptomancer","floor":42,"turns":7},{"damage":49,"enemies":"4 Shapes","floor":45,"turns":3}],"seed_played":"3372355465428045376","potions_obtained":[{"floor":4,"key":"EntropicBrew"},{"floor":6,"key":"Strength Potion"},{"floor":8,"key":"FearPotion"},{"floor":39,"key":"Regen Potion"}],"is_trial":false,"path_per_floor":["M","?","?","M","M","E","R","M","T","$","R","E","?","M","R","B",null,"M","?","M","?","M","R","M","R","T","?","?","R","$","M","R","B",null,"M","M","?","$","M","E","$","M","T","R"],"character_chosen":"DEFECT","items_purchased":["Echo Form","Machine Learning"],"campfire_rested":3,"item_purchase_floors":[10,30],"current_hp_per_floor":[75,75,75,75,75,37,37,37,37,37,37,31,20,22,22,4,75,58,58,46,46,30,30,15,38,38,38,38,61,61,58,58,47,81,75,79,79,79,57,32,32,11,11,36,0],"gold":54,"neow_bonus":"THREE_ENEMY_KILL","is_prod":false,"is_daily":false,"chose_seed":false,"campfire_upgraded":5,"win_rate":0,"timestamp":1536418277,"path_taken":["M","?","?","M","?","E","R","?","T","$","R","E","?","M","R","BOSS","M","?","M","?","M","R","M","R","T","?","?","R","?","M","R","BOSS","M","M","?","?","M","E","$","M","T","R","M"],"build_version":"2018-09-06","purchased_purges":2,"victory":false,"max_hp_per_floor":[75,75,75,75,75,75,75,75,75,75,75,75,75,75,75,75,75,75,75,77,77,77,77,79,79,79,79,79,79,79,81,81,81,81,81,83,83,83,85,85,85,85,85,85,85],"card_choices":[{"not_picked":["Coolheaded","Lockon"],"picked":"Conserve Battery","floor":1},{"not_picked":["Leap","Stack"],"picked":"Go for the Eyes","floor":4},{"not_picked":["Compile Driver","Hologram"],"picked":"Beam Cell","floor":5},{"not_picked":["Fusion","Compile Driver"],"picked":"Conserve Battery","floor":6},{"not_picked":["Blizzard","Stack"],"picked":"Conserve Battery","floor":8},{"not_picked":["Biased Cognition","Leap"],"picked":"Auto Shields","floor":12},{"not_picked":["Genetic Algorithm","Gash"],"picked":"FTL","floor":13},{"not_picked":["Steam","Storm"],"picked":"White Noise","floor":14},{"not_picked":["Multi-Cast","Reboot"],"picked":"Electrodynamics","floor":16},{"not_picked":["Cold Snap","Leap"],"picked":"Capacitor","floor":18},{"not_picked":["Lockon","Sunder+1","Sweeping Beam+1"],"picked":"Singing Bowl","floor":20},{"not_picked":["Gash+1","Beam Cell+1"],"picked":"Self Repair","floor":22},{"not_picked":["Turbo+1","Steam","Darkness"],"picked":"Singing Bowl","floor":24},{"not_picked":["Force Field+1","Gash","Rip and Tear"],"picked":"Singing Bowl","floor":31},{"not_picked":["Rainbow","Meteor Strike"],"picked":"Machine Learning","floor":33},{"not_picked":["Scrape","Leap+1"],"picked":"Beam Cell+1","floor":35},{"not_picked":["Turbo","Sweeping Beam+1","Beam Cell"],"picked":"Singing Bowl","floor":36},{"not_picked":["Enlightenment","Deep Breath"],"picked":"Master of Strategy","floor":37},{"not_picked":["Melter+1","Heatsinks","Darkness+1"],"picked":"Singing Bowl","floor":39},{"not_picked":["Coolheaded+1","Streamline+1"],"picked":"Stack","floor":40},{"not_picked":["Turbo","Coolheaded"],"picked":"Barrage","floor":42}],"player_experience":398322,"relics_obtained":[{"floor":6,"key":"Singing Bowl"},{"floor":9,"key":"Dodecahedron"},{"floor":12,"key":"Blood Vial"},{"floor":13,"key":"Odd Mushroom"},{"floor":26,"key":"Anchor"},{"floor":40,"key":"Boot"},{"floor":43,"key":"Toxic Egg 2"}],"event_choices":[{"event_name":"Big Fish","player_choice":"Box","floor":2,"damage_taken":0},{"event_name":"The Cleric","player_choice":"Card Removal","floor":3,"damage_taken":0},{"event_name":"Mushrooms","player_choice":"Fought Mushrooms","floor":13,"damage_taken":0},{"event_name":"The Mausoleum","player_choice":"Yes","floor":19,"damage_taken":0},{"event_name":"Designer","player_choice":"Full Service","floor":21,"damage_taken":0},{"event_name":"The Joust","player_choice":"Bet on Murderer","floor":27,"damage_taken":0},{"event_name":"Beggar","player_choice":"Gave Gold","floor":28,"damage_taken":0},{"event_name":"SensoryStone","player_choice":"Memory 1","floor":37,"damage_taken":0}],"is_beta":true,"boss_relics":[{"not_picked":["Runic Dome","Runic Pyramid"],"picked":"Empty Cage"},{"not_picked":["Calling Bell","Astrolabe"],"picked":"Philosopher\u0027s Stone"}],"items_purged_floors":[38,41],"is_endless":false,"potions_floor_spawned":[4,6,8,14,18,20,22,33,36,39],"killed_by":"4 Shapes","ascension_level":0}