{"gold_per_floor":[110,125,145,95,95,95,153,153],"floor_reached":8,"playtime":260,"items_purged":[],"score":55,"play_id":"f9ec6497-1a14-4856-9883-7cc8cb70a02c","local_time":"20190208101708","is_ascension_mode":true,"campfire_choices":[{"data":"Zap","floor":6,"key":"SMITH"}],"neow_cost":"CURSE","seed_source_timestamp":2892411173454935,"circlet_count":0,"master_deck":["Strike_B","Strike_B","Strike_B","Strike_B","Defend_B","Defend_B","Defend_B","Defend_B","Zap+1","Dualcast","Turbo","Static Discharge","Machine Learning"],"relics":["Cracked Core","Turnip","Molten Egg 2"],"potions_floor_usage":[],"damage_taken":[{"damage":11,"enemies":"Small Slimes","floor":1,"turns":4},{"damage":0,"enemies":"2 Louse","floor":2,"turns":1},{"damage":13,"enemies":"Jaw Worm","floor":3,"turns":4},{"damage":46,"enemies":"Lagavulin Event","floor":7,"turns":5},{"damage":13,"enemies":"Exordium Thugs","floor":8,"turns":3}],"seed_played":"-5362582617213571971","potions_obtained":[{"floor":7,"key":"Weak Potion"}],"is_trial":false,"path_per_floor":["M","M","M","?","?","R","?","M"],"character_chosen":"DEFECT","items_purchased":[],"campfire_rested":0,"item_purchase_floors":[],"current_hp_per_floor":[64,64,51,51,56,56,10,0],"gold":153,"neow_bonus":"ONE_RARE_RELIC","is_prod":false,"is_daily":false,"chose_seed":false,"campfire_upgraded":1,"win_rate":0,"timestamp":1549617428,"path_taken":["M","M","M","?","?","R","?","?"],"build_version":"2019-01-23","purchased_purges":0,"victory":false,"max_hp_per_floor":[75,75,75,75,80,80,80,80],"card_choices":[{"not_picked":["Reprogram","Leap"],"picked":"Turbo","floor":1},{"not_picked":["Darkness","Sweeping Beam"],"picked":"Static Discharge","floor":2},{"not_picked":["Streamline","Redo","Beam Cell"],"picked":"SKIP","floor":3},{"not_picked":["Consume","Hologram"],"picked":"Machine Learning","floor":7}],"player_experience":290269,"relics_obtained":[],"event_choices":[{"cards_removed":["Clumsy"],"damage_healed":0,"gold_gain":0,"player_choice":"Card Removal","damage_taken":0,"max_hp_gain":0,"max_hp_loss":0,"event_name":"The Cleric","floor":4,"gold_loss":50},{"damage_healed":0,"gold_gain":0,"player_choice":"Donut","damage_taken":0,"max_hp_gain":5,"max_hp_loss":0,"event_name":"Big Fish","floor":5,"gold_loss":0},{"damage_healed":0,"gold_gain":0,"player_choice":"Searched \u00272\u0027 times","damage_taken":0,"relics_obtained":["Molten Egg 2"],"max_hp_gain":0,"max_hp_loss":0,"event_name":"Dead Adventurer","floor":7,"gold_loss":0}],"is_beta":false,"boss_relics":[],"items_purged_floors":[],"is_endless":false,"potions_floor_spawned":[7],"killed_by":"Exordium Thugs","ascension_level":4}