{"gold_per_floor":[119,119,119,17,29,29,29,43,69,16,16,35,46,60,60,134,134,151,151,169,169,0,0,0,28,96,96,113,113,38,56,56,128,128,144,155,155,255,255,255,52,52,120,147,163,163],"floor_reached":46,"playtime":3018,"items_purged":["Injury","Writhe"],"score":902,"play_id":"068416bc-d9ee-4646-98ea-04c999e12cae","local_time":"20181207031738","is_ascension_mode":true,"campfire_choices":[{"data":"Neutralize","floor":6,"key":"SMITH"},{"data":"Footwork","floor":11,"key":"SMITH"},{"data":"Dagger Spray","floor":15,"key":"SMITH"},{"data":"Finisher","floor":23,"key":"SMITH"},{"data":"Cloak And Dagger","floor":27,"key":"SMITH"},{"data":"Bouncing Flask","floor":29,"key":"SMITH"},{"floor":32,"key":"REST"},{"data":"Night Terror","floor":40,"key":"SMITH"},{"floor":42,"key":"REST"}],"neow_cost":"NONE","seed_source_timestamp":425890240870900,"circlet_count":0,"master_deck":["AscendersBane","Defend_G","Defend_G","Defend_G","Defend_G","Survivor","Neutralize+1","Cloak And Dagger+1","Footwork+1","Acrobatics","Sucker Punch","Backflip","Parasite","Quick Slash","Backflip","Dagger Spray+1","Blur","Malaise","Quick Slash+1","Deflect+1","Dagger Throw+1","Dagger Spray","PiercingWail","Infinite Blades","Finisher+1","PiercingWail+1","Bouncing Flask+1","Glass Knife","Bouncing Flask","Night Terror+1","Distraction+1","Well Laid Plans","Blur","Doubt","Injury","Footwork+1"],"relics":["Cursed Key","Boot","Astrolabe","Smiling Mask","Bronze Scales","Matryoshka","Lizard Tail","Ice Cream","Blue Candle","Sundial","Lantern","Bag of Preparation"],"potions_floor_usage":[16,16,31,33,46],"damage_taken":[{"damage":0,"enemies":"Jaw Worm","floor":1,"turns":4},{"damage":0,"enemies":"Cultist","floor":5,"turns":6},{"damage":0,"enemies":"Small Slimes","floor":8,"turns":4},{"damage":0,"enemies":"2 Fungi Beasts","floor":12,"turns":4},{"damage":3,"enemies":"Lots of Slimes","floor":13,"turns":5},{"damage":0,"enemies":"Red Slaver","floor":14,"turns":4},{"damage":46,"enemies":"Slime Boss","floor":16,"turns":18},{"damage":3,"enemies":"Chosen","floor":18,"turns":6},{"damage":15,"enemies":"Spheric Guardian","floor":20,"turns":6},{"damage":6,"enemies":"Book of Stabbing","floor":25,"turns":8},{"damage":0,"enemies":"Centurion and Healer","floor":28,"turns":9},{"damage":5,"enemies":"3 Cultists","floor":31,"turns":3},{"damage":44,"enemies":"Champ","floor":33,"turns":15},{"damage":0,"enemies":"3 Shapes","floor":35,"turns":3},{"damage":24,"enemies":"3 Darklings","floor":36,"turns":6},{"damage":4,"enemies":"Mind Bloom Boss Battle","floor":38,"turns":9},{"damage":30,"enemies":"Spire Growth","floor":45,"turns":10},{"damage":74,"enemies":"Transient","floor":46,"turns":6}],"seed_played":"-6807866138087738638","potions_obtained":[{"floor":12,"key":"Weak Potion"},{"floor":13,"key":"Weak Potion"},{"floor":14,"key":"Block Potion"},{"floor":16,"key":"Weak Potion"},{"floor":18,"key":"Weak Potion"},{"floor":25,"key":"SteroidPotion"},{"floor":35,"key":"Strength Potion"}],"is_trial":false,"path_per_floor":["M","?","?","$","M","R","T","M","T","$","R","M","M","M","R","B",null,"M","T","M","?","$","R","?","E","T","R","M","R","?","M","R","B",null,"M","M","?","?","?","R","$","R","T","T","M","M"],"character_chosen":"THE_SILENT","items_purchased":["Footwork","Acrobatics","Quick Slash","Infinite Blades","Finisher","Well Laid Plans","Blur"],"campfire_rested":2,"item_purchase_floors":[4,4,10,22,22,41,41],"current_hp_per_floor":[59,64,57,57,57,57,57,57,57,57,57,57,54,54,54,8,55,52,52,37,51,51,51,51,45,45,45,45,45,45,40,61,17,58,58,34,34,30,30,30,30,51,51,51,21,0],"gold":163,"neow_bonus":"BOSS_RELIC","is_prod":false,"is_daily":false,"chose_seed":false,"campfire_upgraded":7,"win_rate":0,"timestamp":1544170658,"path_taken":["M","?","?","$","M","R","?","M","T","$","R","?","M","M","R","BOSS","M","?","?","?","$","R","?","E","T","R","M","R","?","?","R","BOSS","M","M","?","?","?","R","?","R","T","?","?","M"],"build_version":"2018-11-15","purchased_purges":2,"victory":false,"max_hp_per_floor":[66,71,71,71,71,71,71,71,71,71,71,71,71,71,71,71,71,71,71,71,71,71,71,71,71,71,71,71,71,71,71,71,71,71,71,71,71,71,71,71,71,71,71,71,71,71],"card_choices":[{"not_picked":["Blade Dance","Infinite Blades"],"picked":"Cloak And Dagger","floor":1},{"not_picked":["Calculated Gamble","Cloak And Dagger"],"picked":"Sucker Punch","floor":5},{"not_picked":["Cloak And Dagger","Acrobatics"],"picked":"Backflip","floor":8},{"not_picked":["Backstab","Bane"],"picked":"Backflip","floor":12},{"not_picked":["Prepared","All Out Attack"],"picked":"Dagger Spray","floor":13},{"not_picked":["Prepared","Cloak And Dagger"],"picked":"Blur","floor":14},{"not_picked":["Tools of the Trade","Grand Finale"],"picked":"Malaise","floor":16},{"not_picked":["Caltrops","Blade Dance"],"picked":"Dagger Spray","floor":18},{"not_picked":["Dodge and Roll","Outmaneuver"],"picked":"PiercingWail","floor":20},{"not_picked":["Tactician+1","Masterful Stab"],"picked":"PiercingWail+1","floor":25},{"not_picked":["Sucker Punch+1","Dash"],"picked":"Bouncing Flask","floor":28},{"not_picked":["Sucker Punch","Calculated Gamble"],"picked":"Noxious Fumes","floor":31},{"not_picked":["Phantasmal Killer","Venomology"],"picked":"Night Terror","floor":33},{"not_picked":["Prepared","Heel Hook+1","Deflect"],"picked":"SKIP","floor":35},{"not_picked":["Dagger Throw","Endless Agony+1"],"picked":"Distraction+1","floor":36},{"not_picked":["Sucker Punch","Slice"],"picked":"Footwork+1","floor":45}],"player_experience":1769277,"relics_obtained":[{"floor":9,"key":"Boot"},{"floor":19,"key":"Smiling Mask"},{"floor":25,"key":"Bronze Scales"},{"floor":26,"key":"Matryoshka"},{"floor":38,"key":"Ice Cream"},{"floor":43,"key":"Blue Candle"},{"floor":43,"key":"Sundial"},{"floor":44,"key":"Lantern"},{"floor":44,"key":"Bag of Preparation"}],"event_choices":[{"damage_healed":0,"gold_gain":0,"player_choice":"Donut","damage_taken":0,"max_hp_gain":5,"max_hp_loss":0,"event_name":"Big Fish","floor":2,"gold_loss":0},{"cards_removed":["Strike_G"],"damage_healed":0,"gold_gain":0,"player_choice":"Card Removal","damage_taken":7,"max_hp_gain":0,"max_hp_loss":0,"event_name":"Golden Wing","floor":3,"gold_loss":0},{"damage_healed":14,"gold_gain":0,"player_choice":"Heal","damage_taken":0,"max_hp_gain":0,"max_hp_loss":0,"event_name":"The Library","floor":21,"gold_loss":0},{"damage_healed":0,"gold_gain":0,"player_choice":"Ignored","damage_taken":0,"max_hp_gain":0,"max_hp_loss":0,"event_name":"Vampires","floor":24,"gold_loss":0},{"damage_healed":0,"gold_gain":0,"cards_transformed":["Strike_G","Defend_G"],"player_choice":"Transformed Cards","damage_taken":0,"max_hp_gain":0,"max_hp_loss":0,"event_name":"Designer","floor":30,"gold_loss":75,"cards_obtained":["Glass Knife","Bouncing Flask"]},{"damage_healed":0,"gold_gain":0,"player_choice":"Ignored","damage_taken":0,"max_hp_gain":0,"max_hp_loss":0,"event_name":"Tomb of Lord Red Mask","floor":37,"gold_loss":0},{"damage_healed":0,"gold_gain":0,"player_choice":"Fight","damage_taken":0,"max_hp_gain":0,"max_hp_loss":0,"event_name":"MindBloom","floor":38,"gold_loss":0},{"cards_removed":["Noxious Fumes"],"damage_healed":0,"gold_gain":0,"player_choice":"Removed Power","damage_taken":0,"max_hp_gain":0,"max_hp_loss":0,"event_name":"Falling","floor":39,"gold_loss":0}],"is_beta":true,"boss_relics":[{"not_picked":["WristBlade","Philosopher\u0027s Stone"],"picked":"Astrolabe"},{"not_picked":["Eternal Feather","Coffee Dripper"],"picked":"Lizard Tail"}],"items_purged_floors":[22,41],"is_endless":false,"potions_floor_spawned":[12,13,14,16,18,25,28,35],"killed_by":"Transient","ascension_level":20}