{"gold_per_floor":[117,135,135,152,2,19,53,73,73,73,85,85,85,117,117,215,215,226,243,243,255,255,255,255,255,303,329,347,360,377,377,377,481,481,501,554,330,330,27,27,42,75,101,101,114,125,125,136,136,136],"floor_reached":51,"playtime":9631,"items_purged":["Normality","Strike_G"],"score":844,"play_id":"a09bfe6b-59c5-4b93-8b06-c9191bd173bb","local_time":"20190119230648","is_ascension_mode":true,"campfire_choices":[{"floor":10,"key":"REST"},{"floor":13,"key":"REST"},{"floor":15,"key":"REST"},{"data":"Well Laid Plans","floor":23,"key":"SMITH"},{"data":"Neutralize","floor":25,"key":"SMITH"},{"floor":32,"key":"REST"},{"data":"After Image","floor":40,"key":"SMITH"},{"data":"Footwork","floor":44,"key":"SMITH"},{"data":"Footwork","floor":47,"key":"SMITH"},{"floor":49,"key":"REST"}],"neow_cost":"CURSE","seed_source_timestamp":159443229024848,"circlet_count":0,"master_deck":["Defend_G","Defend_G+1","Defend_G","Defend_G+1","Defend_G","Strike_G","Strike_G","Strike_G","Survivor","Neutralize+1","After Image+1","Slice","Footwork+1","Footwork+1","Poisoned Stab","Well Laid Plans+1","Sucker Punch","Noxious Fumes","Backstab","Cloak And Dagger","Tools of the Trade","Dagger Spray","Dagger Throw","Backstab","Backflip+1","Dodge and Roll","Backflip","After Image+1","Calculated Gamble+1","Backstab+1","Sucker Punch+1","Crippling Poison+1","PiercingWail+1"],"relics":["Ring of the Snake","Omamori","Darkstone Periapt","Bottled Lightning","Velvet Choker","MutagenicStrength","Paper Crane","Happy Flower","Meat on the Bone","Strawberry","WristBlade","Calipers","Potion Belt","Frozen Egg 2","PreservedInsect"],"potions_floor_usage":[7,16,16,19,21,33,36,45,46,48,48,48],"damage_taken":[{"damage":1,"enemies":"Cultist","floor":1,"turns":5},{"damage":0,"enemies":"2 Louse","floor":2,"turns":4},{"damage":1,"enemies":"Small Slimes","floor":4,"turns":6},{"damage":2,"enemies":"Looter","floor":6,"turns":4},{"damage":30,"enemies":"Gremlin Nob","floor":7,"turns":6},{"damage":32,"enemies":"Gremlin Gang","floor":8,"turns":5},{"damage":2,"enemies":"Blue Slaver","floor":11,"turns":5},{"damage":10,"enemies":"3 Sentries","floor":14,"turns":9},{"damage":0,"enemies":"Slime Boss","floor":16,"turns":12},{"damage":2,"enemies":"Chosen","floor":18,"turns":7},{"damage":4,"enemies":"Spheric Guardian","floor":19,"turns":7},{"damage":16,"enemies":"Cultist and Chosen","floor":21,"turns":8},{"damage":3,"enemies":"Book of Stabbing","floor":27,"turns":7},{"damage":10,"enemies":"Snake Plant","floor":28,"turns":6},{"damage":0,"enemies":"3 Cultists","floor":29,"turns":6},{"damage":7,"enemies":"Centurion and Healer","floor":30,"turns":7},{"damage":20,"enemies":"Collector","floor":33,"turns":14},{"damage":0,"enemies":"3 Shapes","floor":35,"turns":7},{"damage":78,"enemies":"2 Orb Walkers","floor":36,"turns":7},{"damage":0,"enemies":"3 Darklings","floor":41,"turns":7},{"damage":0,"enemies":"Reptomancer","floor":42,"turns":11},{"damage":5,"enemies":"Sphere and 2 Shapes","floor":45,"turns":9},{"damage":0,"enemies":"Transient","floor":46,"turns":5},{"damage":2,"enemies":"Maw","floor":48,"turns":7},{"damage":21,"enemies":"Donu and Deca","floor":50,"turns":16}],"seed_played":"3026151735468139798","potions_obtained":[{"floor":4,"key":"GamblersBrew"},{"floor":8,"key":"Weak Potion"},{"floor":11,"key":"SneckoOil"},{"floor":14,"key":"SkillPotion"},{"floor":16,"key":"SkillPotion"},{"floor":18,"key":"Swift Potion"},{"floor":28,"key":"GhostInAJar"},{"floor":29,"key":"FairyPotion"},{"floor":35,"key":"PowerPotion"},{"floor":36,"key":"Ancient Potion"},{"floor":48,"key":"SteroidPotion"}],"is_trial":false,"path_per_floor":["M","M","?","M","$","M","E","M","T","R","M","?","R","E","R","B",null,"M","M","?","M","?","R","T","R","T","E","M","M","M","?","R","B",null,"M","?","$","?","$","R","M","E","T","R","M","M","R","M","R","B",null],"character_chosen":"THE_SILENT","items_purchased":["Well Laid Plans","GhostInAJar","FearPotion","Potion Belt","Strength Potion","Fruit Juice"],"campfire_rested":5,"item_purchase_floors":[5,37,37,39,39,39],"current_hp_per_floor":[69,69,69,68,68,66,36,4,4,25,23,9,30,20,41,41,70,68,64,64,48,48,48,48,48,48,45,47,47,40,47,70,50,77,77,19,19,38,38,38,50,50,50,50,50,50,50,48,72,51],"gold":136,"neow_bonus":"THREE_RARE_CARDS","is_prod":false,"is_daily":false,"chose_seed":false,"campfire_upgraded":5,"win_rate":0,"timestamp":1547968008,"path_taken":["M","?","?","M","$","?","E","M","T","R","M","?","R","E","R","BOSS","M","M","?","?","?","R","?","R","T","E","M","M","M","?","R","BOSS","M","?","?","?","$","R","M","E","T","R","?","M","R","M","R","BOSS"],"build_version":"2019-01-17v2","purchased_purges":2,"victory":true,"max_hp_per_floor":[70,70,70,70,70,70,70,70,70,70,70,70,70,70,70,70,70,70,70,70,70,70,70,70,70,70,70,70,70,70,77,77,77,77,77,77,77,77,77,77,77,77,77,77,82,82,82,82,82,82],"card_choices":[{"not_picked":["Corpse Explosion","Bullet Time"],"picked":"After Image","floor":0},{"not_picked":["Bane","Concentrate"],"picked":"Slice","floor":1},{"not_picked":["Sucker Punch","Acrobatics"],"picked":"Footwork","floor":2},{"not_picked":["Acrobatics","Quick Slash"],"picked":"Poisoned Stab","floor":4},{"not_picked":["Prepared","Riddle With Holes"],"picked":"Sucker Punch","floor":6},{"not_picked":["Deflect","Sucker Punch"],"picked":"Noxious Fumes","floor":7},{"not_picked":["Expertise","Acrobatics","Bane"],"picked":"SKIP","floor":8},{"not_picked":["Slice","Unload"],"picked":"Backstab","floor":11},{"not_picked":["Predator","Poisoned Stab"],"picked":"Cloak And Dagger","floor":14},{"not_picked":["Burst","Venomology"],"picked":"Tools of the Trade","floor":16},{"not_picked":["Caltrops","Poisoned Stab+1"],"picked":"Dagger Spray","floor":18},{"not_picked":["Heel Hook+1","Prepared"],"picked":"Dagger Throw","floor":19},{"not_picked":["Sucker Punch","Blade Dance"],"picked":"Backstab","floor":21},{"not_picked":["Cloak And Dagger","Heel Hook"],"picked":"Backflip+1","floor":27},{"not_picked":["Concentrate","Underhanded Strike"],"picked":"Dodge and Roll","floor":28},{"not_picked":["Outmaneuver","Finisher","Reflex"],"picked":"SKIP","floor":29},{"not_picked":["Bane","Deadly Poison"],"picked":"Backflip","floor":30},{"not_picked":["Doppelganger","Malaise"],"picked":"After Image","floor":33},{"not_picked":["Bane","Dagger Throw+1"],"picked":"Calculated Gamble+1","floor":35},{"not_picked":["Bouncing Flask","Slice+1"],"picked":"Backstab+1","floor":41},{"not_picked":["PiercingWail","Prepared"],"picked":"Sucker Punch+1","floor":42},{"not_picked":["Concentrate","Dodge and Roll","Infinite Blades+1"],"picked":"SKIP","floor":45},{"not_picked":["Concentrate+1","Riddle With Holes+1"],"picked":"Crippling Poison+1","floor":46},{"not_picked":["Deadly Poison+1","Acrobatics+1"],"picked":"PiercingWail+1","floor":48}],"player_experience":281620,"relics_obtained":[{"floor":7,"key":"Omamori"},{"floor":9,"key":"Darkstone Periapt"},{"floor":14,"key":"Bottled Lightning"},{"floor":24,"key":"Paper Crane"},{"floor":26,"key":"Happy Flower"},{"floor":27,"key":"Meat on the Bone"},{"floor":36,"key":"Calipers"},{"floor":42,"key":"Frozen Egg 2"},{"floor":43,"key":"PreservedInsect"}],"event_choices":[{"damage_healed":0,"gold_gain":0,"cards_transformed":["Strike_G"],"player_choice":"Transformed","damage_taken":0,"max_hp_gain":0,"max_hp_loss":0,"event_name":"Transmorgrifier","floor":3,"gold_loss":0,"cards_obtained":["Footwork"]},{"damage_healed":0,"gold_gain":0,"player_choice":"Entered Light","damage_taken":14,"max_hp_gain":0,"max_hp_loss":0,"event_name":"Shining Light","floor":12,"gold_loss":0,"cards_upgraded":["Defend_G","Defend_G"]},{"damage_healed":0,"gold_gain":0,"player_choice":"Forge","damage_taken":0,"max_hp_gain":0,"max_hp_loss":0,"event_name":"Accursed Blacksmith","floor":20,"gold_loss":0,"cards_upgraded":["After Image"]},{"damage_healed":0,"gold_gain":0,"player_choice":"Inject Mutagens","damage_taken":0,"relics_obtained":["MutagenicStrength"],"max_hp_gain":0,"max_hp_loss":0,"event_name":"Drug Dealer","floor":22,"gold_loss":0},{"damage_healed":0,"gold_gain":0,"player_choice":"Opened","damage_taken":0,"relics_obtained":["Strawberry"],"max_hp_gain":0,"max_hp_loss":0,"event_name":"The Mausoleum","floor":31,"gold_loss":0,"cards_obtained":["Writhe"]},{"damage_healed":0,"gold_gain":0,"player_choice":"Fight","damage_taken":0,"max_hp_gain":0,"max_hp_loss":0,"event_name":"Mysterious Sphere","floor":36,"gold_loss":0},{"damage_healed":19,"gold_gain":0,"player_choice":"Writhe","damage_taken":0,"max_hp_gain":0,"max_hp_loss":0,"event_name":"Winding Halls","floor":38,"gold_loss":0,"cards_obtained":["Writhe"]}],"is_beta":false,"boss_relics":[{"not_picked":["White Beast Statue","Philosopher\u0027s Stone"],"picked":"Velvet Choker"},{"not_picked":["Lizard Tail","Sozu"],"picked":"WristBlade"}],"items_purged_floors":[5,37],"is_endless":false,"potions_floor_spawned":[4,8,11,14,16,18,28,29,35,36,48],"ascension_level":3}