{"gold_per_floor":[109,34,49,149,164,164,239,258,283,299,299,328,328,340,340,435,435,435,435,7,7,7,7,7,7,7,7,7,7,7,7,7,7],"floor_reached":33,"playtime":1889,"items_purged":["Parasite"],"score":370,"play_id":"634b899d-799a-4c78-a06a-889d7946a8b2","local_time":"20181028195716","is_ascension_mode":true,"campfire_choices":[{"data":"Noxious Fumes","floor":6.0,"key":"SMITH"},{"data":"Neutralize","floor":11.0,"key":"SMITH"},{"data":"Flechettes","floor":13.0,"key":"SMITH"},{"floor":15.0,"key":"REST"},{"floor":24,"key":"REST"},{"data":"Catalyst","floor":27,"key":"SMITH"},{"data":"Catalyst","floor":30,"key":"SMITH"},{"floor":32,"key":"REST"}],"neow_cost":"CURSE","seed_source_timestamp":0,"circlet_count":0,"master_deck":["Defend_G","Defend_G","Defend_G","Survivor","Neutralize+1","Heel Hook","Flechettes+1","Terror","Noxious Fumes+1","Backflip","Die Die Die","Catalyst+1","Mind Blast","Catalyst+1","PiercingWail","Bite","Bite","Bite","Bite","Bite","Backflip+1","Backflip"],"special_seed":0,"relics":["Ring of the Snake","Juzu Bracelet","Potion Belt","Ectoplasm","Lee\u0027s Waffle","PreservedInsect","Blood Vial","Boot","Snake Skull"],"potions_floor_usage":[28,33,33],"damage_taken":[{"damage":0.0,"enemies":"2 Louse","floor":1.0,"turns":2.0},{"damage":0.0,"enemies":"Cultist","floor":3.0,"turns":2.0},{"damage":0.0,"enemies":"Small Slimes","floor":5.0,"turns":2.0},{"damage":3.0,"enemies":"Blue Slaver","floor":8.0,"turns":3.0},{"damage":1.0,"enemies":"Looter","floor":10.0,"turns":3.0},{"damage":2.0,"enemies":"Gremlin Nob","floor":12.0,"turns":3.0},{"damage":1.0,"enemies":"Red Slaver","floor":14.0,"turns":3.0},{"damage":24.0,"enemies":"Slime Boss","floor":16.0,"turns":10.0},{"damage":1.0,"enemies":"3 Byrds","floor":18.0,"turns":4.0},{"damage":19,"enemies":"Spheric Guardian","floor":21,"turns":4},{"damage":24,"enemies":"Book of Stabbing","floor":23,"turns":5},{"damage":38,"enemies":"Shelled Parasite and Fungi","floor":28,"turns":7},{"damage":15,"enemies":"Centurion and Healer","floor":29,"turns":6},{"damage":56,"enemies":"Automaton","floor":33,"turns":6}],"seed_played":"-427161368206691876","potions_obtained":[{"floor":3.0,"key":"Energy Potion"},{"floor":5.0,"key":"SneckoOil"},{"floor":10.0,"key":"Swift Potion"},{"floor":14.0,"key":"EssenceOfSteel"},{"floor":23,"key":"EssenceOfSteel"},{"floor":28,"key":"FearPotion"},{"floor":29,"key":"Poison Potion"}],"is_trial":false,"path_per_floor":["M","$","M","?","M","R","?","M","T","M","R","E","R","M","R","B",null,"M","?","$","M","?","E","R","?","T","R","M","M","R","?","R"],"character_chosen":"THE_SILENT","items_purchased":["Catalyst","Lee\u0027s Waffle","PreservedInsect"],"campfire_rested":3,"item_purchase_floors":[20,20,20],"current_hp_per_floor":[63,63,63,63,63,63,52,49,49,48,48,46,46,45,65,41,61,60,48,74,55,55,33,55,51,51,51,30,35,35,35,50,0],"gold":7,"neow_bonus":"TRANSFORM_TWO_CARDS","is_prod":false,"is_daily":false,"chose_seed":false,"campfire_upgraded":5,"win_rate":0,"timestamp":1540771036,"path_taken":["M","$","M","?","M","R","?","M","T","M","R","E","R","M","R","BOSS","M","?","$","M","?","E","R","?","T","R","M","M","R","?","R","BOSS"],"build_version":"2018-10-25v2","purchased_purges":1,"victory":false,"max_hp_per_floor":[70,67,67,67,67,67,67,67,67,67,67,67,67,67,67,67,67,67,67,74,74,74,74,74,51,51,51,51,51,51,51,51,51],"card_choices":[{"not_picked":["Leg Sweep","Dagger Throw"],"picked":"Terror","floor":1.0},{"not_picked":["Dagger Spray","Poisoned Stab","Skewer"],"picked":"SKIP","floor":3.0},{"not_picked":["Quick Slash","Dagger Spray"],"picked":"Noxious Fumes","floor":5.0},{"not_picked":["Escape Plan","Dagger Spray"],"picked":"Backflip","floor":8.0},{"not_picked":["Eviscerate","All Out Attack","Bane"],"picked":"SKIP","floor":10.0},{"not_picked":["Masterful Stab","Dagger Throw","Expertise"],"picked":"SKIP","floor":12.0},{"not_picked":["Quick Slash","Reflex","Outmaneuver"],"picked":"SKIP","floor":14.0},{"not_picked":["Wraith Form v2","Doppelganger"],"picked":"Die Die Die","floor":16.0},{"not_picked":["Blade Dance","Quick Slash+1"],"picked":"Catalyst","floor":18.0},{"not_picked":["Quick Slash","Prepared","Deflect"],"picked":"SKIP","floor":21},{"not_picked":["Catalyst","Tactician"],"picked":"PiercingWail","floor":23},{"not_picked":["Poisoned Stab","Bullet Time","Calculated Gamble+1"],"picked":"SKIP","floor":28},{"not_picked":["Masterful Stab+1","Catalyst"],"picked":"Backflip+1","floor":29}],"player_experience":415479,"relics_obtained":[{"floor":9.0,"key":"Juzu Bracelet"},{"floor":12.0,"key":"Potion Belt"},{"floor":23,"key":"Boot"},{"floor":26,"key":"Snake Skull"}],"event_choices":[{"damage_healed":0.0,"max_hp_gain":0.0,"max_hp_loss":0.0,"gold_gain":100.0,"event_name":"Wheel of Change","player_choice":"Gold","floor":4.0,"gold_loss":0.0,"damage_taken":0.0},{"damage_healed":0.0,"max_hp_gain":0.0,"max_hp_loss":0.0,"gold_gain":75.0,"event_name":"World of Goop","player_choice":"Gather Gold","floor":7.0,"gold_loss":0.0,"damage_taken":11.0},{"damage_healed":0.0,"max_hp_gain":0.0,"max_hp_loss":0.0,"gold_gain":0.0,"event_name":"Knowing Skull","player_choice":"CARD ","floor":19.0,"potions_obtained":[],"gold_loss":0.0,"damage_taken":12.0,"cards_obtained":["Mind Blast"]},{"damage_healed":0.0,"max_hp_gain":0.0,"max_hp_loss":0.0,"gold_gain":0.0,"event_name":"Knowing Skull","player_choice":"CARD ","floor":19.0,"potions_obtained":[],"gold_loss":0.0,"damage_taken":12.0,"cards_obtained":["Mind Blast"]},{"damage_healed":0,"gold_gain":0,"player_choice":"Opened","damage_taken":0,"relics_obtained":["Blood Vial"],"max_hp_gain":0,"max_hp_loss":0,"event_name":"The Mausoleum","floor":22,"gold_loss":0},{"damage_healed":0,"gold_gain":0,"player_choice":"Became a vampire","damage_taken":0,"max_hp_gain":0,"max_hp_loss":23,"event_name":"Vampires","floor":25,"gold_loss":0,"cards_obtained":["Bite","Bite","Bite","Bite","Bite"]},{"damage_healed":0,"gold_gain":0,"cards_transformed":["Defend_G"],"player_choice":"Transformed","damage_taken":0,"max_hp_gain":0,"max_hp_loss":0,"event_name":"Transmorgrifier","floor":31,"gold_loss":0,"cards_obtained":["Backflip"]}],"is_beta":false,"boss_relics":[{"not_picked":["Pandora\u0027s Box","Sozu"],"picked":"Ectoplasm"}],"items_purged_floors":[2],"is_endless":false,"potions_floor_spawned":[3,5,10,14,23,28,29],"killed_by":"Automaton","ascension_level":6}