{"gold_per_floor":[113,113,113,125,173,173,123,123,177,198,198,123,123,142,142,270,270,290,389,389,289,289,289,303,318,388,400,420,420,432,432,432,531,531,549,549,549,549,566,597,597,616,616,628,425,425,441,71,71,71],"floor_reached":51,"playtime":2638,"items_purged":["Strike_B","Strike_B","Defend_B"],"score":740,"play_id":"70c42557-fbec-4e1f-9ca2-12e8f69ce360","local_time":"20181010155810","is_ascension_mode":false,"campfire_choices":[{"data":"Zap","floor":6,"key":"SMITH"},{"data":"Dualcast","floor":11,"key":"SMITH"},{"data":"Conserve Battery","floor":13,"key":"SMITH"},{"floor":15,"key":"REST"},{"data":"Self Repair","floor":23,"key":"SMITH"},{"data":"Electrodynamics","floor":32,"key":"SMITH"},{"floor":41,"key":"REST"},{"floor":49,"key":"REST"}],"neow_cost":"TEN_PERCENT_HP_LOSS","seed_source_timestamp":0,"circlet_count":0,"master_deck":["Defend_B","Zap+1","Dualcast+1","Conserve Battery+1","Coolheaded+1","Glacier+1","Redo+1","Electrodynamics+1","Stack+1","Self Repair+1","Consume+1","Cold Snap+1","Ball Lightning+1","Coolheaded+1","Self Repair+1","Glacier+1","Biased Cognition","Glacier+1","Creative AI","Coolheaded+1","Madness+1","Madness+1","Coolheaded+1","Glacier+1","Hologram+1","Capacitor","Capacitor","Multi-Cast+1","Echo Form","FTL","Heatsinks+1"],"special_seed":0,"relics":["Cracked Core","Mango","Toxic Egg 2","Happy Flower","Bloody Idol","Ancient Tea Set","Sozu","Mummified Hand","Fusion Hammer","Dream Catcher","Shuriken","Calipers","Runic Capacitor"],"potions_floor_usage":[44],"damage_taken":[{"damage":3,"enemies":"Jaw Worm","floor":1,"turns":3},{"damage":0,"enemies":"2 Louse","floor":4,"turns":2},{"damage":0,"enemies":"Cultist","floor":10,"turns":3},{"damage":0,"enemies":"Blue Slaver","floor":14,"turns":3},{"damage":20,"enemies":"Slime Boss","floor":16,"turns":20},{"damage":7,"enemies":"Chosen","floor":18,"turns":7},{"damage":0,"enemies":"Shell Parasite","floor":24,"turns":21},{"damage":17,"enemies":"Snake Plant","floor":25,"turns":4},{"damage":27,"enemies":"Chosen and Byrds","floor":27,"turns":7},{"damage":0,"enemies":"Sentry and Sphere","floor":28,"turns":4},{"damage":10,"enemies":"Snecko","floor":30,"turns":4},{"damage":80,"enemies":"Champ","floor":33,"turns":34},{"damage":0,"enemies":"Orb Walker","floor":35,"turns":4},{"damage":1,"enemies":"3 Darklings","floor":39,"turns":4},{"damage":6,"enemies":"2 Orb Walkers","floor":40,"turns":5},{"damage":8,"enemies":"Spire Growth","floor":42,"turns":6},{"damage":0,"enemies":"Sphere and 2 Shapes","floor":44,"turns":4},{"damage":0,"enemies":"Mind Bloom Boss Battle","floor":46,"turns":6},{"damage":9,"enemies":"Transient","floor":47,"turns":5},{"damage":11,"enemies":"Time Eater","floor":50,"turns":10}],"seed_played":"-2414403792914712276","potions_obtained":[{"floor":14,"key":"Energy Potion"}],"is_trial":false,"path_per_floor":["M","?","?","M","T","R","?","?","T","M","R","$","R","M","R","B",null,"M","?","?","$","?","R","M","M","T","M","M","?","M","?","R","B",null,"M","?","?","?","M","E","R","M","T","M","$","?","M","$","R","B"],"character_chosen":"DEFECT","items_purchased":["Capacitor","Echo Form","FTL","Runic Capacitor"],"campfire_rested":3,"item_purchase_floors":[45,48,48,48],"current_hp_per_floor":[79,79,79,79,79,79,79,59,59,59,59,59,59,59,82,62,82,75,75,75,75,75,75,82,80,82,70,82,82,82,82,82,27,82,82,82,82,72,82,82,82,82,82,82,82,82,82,82,82,82],"gold":71,"neow_bonus":"ONE_RARE_RELIC","is_prod":false,"is_daily":false,"chose_seed":false,"campfire_upgraded":5,"win_rate":0,"timestamp":1539154690,"path_taken":["M","?","?","M","?","R","?","?","T","M","R","$","R","M","R","BOSS","M","?","?","$","?","R","M","?","T","M","M","?","M","?","R","BOSS","M","?","?","?","?","E","R","M","T","M","$","?","M","$","R","BOSS"],"build_version":"2018-10-08","purchased_purges":3,"victory":true,"max_hp_per_floor":[82,82,82,82,82,82,82,82,82,82,82,82,82,82,82,82,82,82,82,82,82,82,82,82,82,82,82,82,82,82,82,82,82,82,82,82,82,82,82,82,82,82,82,82,82,82,82,82,82,82],"card_choices":[{"not_picked":["Gash","Stack"],"picked":"Conserve Battery","floor":1},{"not_picked":["Tempest+1","Sunder"],"picked":"Coolheaded+1","floor":4},{"not_picked":["Compile Driver","Ball Lightning"],"picked":"Glacier+1","floor":10},{"not_picked":["Leap+1","Steam+1"],"picked":"Redo+1","floor":14},{"not_picked":["Meteor Strike","Reboot+1"],"picked":"Electrodynamics","floor":16},{"not_picked":["Reprogram+1","Reinforced Body+1"],"picked":"Stack+1","floor":18},{"not_picked":["Hologram+1","Rebound"],"picked":"Consume+1","floor":24},{"not_picked":["Recycle+1","Sweeping Beam"],"picked":"Cold Snap+1","floor":25},{"not_picked":["Cold Snap","Rebound+1"],"picked":"Ball Lightning+1","floor":27},{"not_picked":["Force Field+1","Hyperbeam"],"picked":"Coolheaded+1","floor":28},{"not_picked":["Fusion+1","Leap+1"],"picked":"Glacier+1","floor":30},{"not_picked":["Fission+1","Multi-Cast+1"],"picked":"Creative AI","floor":33},{"not_picked":["Stack+1","Redo+1"],"picked":"Coolheaded+1","floor":35},{"not_picked":["Darkness+1","Conserve Battery+1"],"picked":"Coolheaded+1","floor":39},{"not_picked":["Go for the Eyes+1","Reinforced Body+1"],"picked":"Glacier+1","floor":40},{"not_picked":["Streamline","Go for the Eyes+1"],"picked":"Hologram+1","floor":41},{"not_picked":["Steam+1","Consume+1","Beam Cell"],"picked":"SKIP","floor":42},{"not_picked":["Heatsinks","Reprogram+1"],"picked":"Capacitor","floor":44},{"not_picked":["Gash","Conserve Battery+1"],"picked":"Multi-Cast+1","floor":46},{"not_picked":["Aggregate+1","Compile Driver","Heatsinks"],"picked":"SKIP","floor":47},{"not_picked":["Steam+1","Hologram+1"],"picked":"Heatsinks+1","floor":49}],"player_experience":490392,"relics_obtained":[{"floor":5,"key":"Happy Flower"},{"floor":9,"key":"Ancient Tea Set"},{"floor":26,"key":"Mummified Hand"},{"floor":40,"key":"Dream Catcher"},{"floor":43,"key":"Shuriken"},{"floor":46,"key":"Calipers"}],"event_choices":[{"event_name":"Big Fish","player_choice":"Box","floor":2,"damage_taken":0},{"event_name":"Living Wall","player_choice":"Forget","floor":3,"damage_taken":0},{"event_name":"The Cleric","player_choice":"Card Removal","floor":7,"damage_taken":0},{"event_name":"Golden Idol","player_choice":"Take Damage","floor":8,"damage_taken":0},{"event_name":"Nest","player_choice":"Stole From Cult","floor":19,"damage_taken":0},{"event_name":"The Library","player_choice":"Read","floor":20,"damage_taken":0},{"event_name":"Forgotten Altar","player_choice":"Gave Idol","floor":22,"damage_taken":0},{"event_name":"Duplicator","player_choice":"One dupe","floor":29,"damage_taken":0},{"event_name":"Drug Dealer","player_choice":"Became Test Subject","floor":31,"damage_taken":0},{"event_name":"Falling","player_choice":"Removed Skill","floor":36,"damage_taken":0},{"event_name":"Tomb of Lord Red Mask","player_choice":"Ignored","floor":37,"damage_taken":0},{"event_name":"Winding Halls","player_choice":"Embrace Madness","floor":38,"damage_taken":0},{"event_name":"MindBloom","player_choice":"Fight","floor":46,"damage_taken":0}],"is_beta":true,"boss_relics":[{"not_picked":["Pandora\u0027s Box","Snecko Eye"],"picked":"Sozu"},{"not_picked":["Astrolabe","Calling Bell"],"picked":"Fusion Hammer"}],"items_purged_floors":[12,21,45],"is_endless":false,"potions_floor_spawned":[14,18,27,28,40,42,44,47],"ascension_level":0}