{"gold_per_floor":[115,125,125,140,1,33,33,45,45,71,85,85,112,112,112,190,190,200,218,247,247,137,137,152,152,152,2,2,2,14,29,29,101,101,118,118,118,134,8,8,8,8,8,24,24,24,38,38,38,38,38],"floor_reached":52,"playtime":2887,"items_purged":["Strike_G","Strike_G"],"score":1811,"play_id":"207d58dd-9c0a-42dc-8a7b-929cb2578a39","local_time":"20190202200506","is_ascension_mode":true,"campfire_choices":[{"floor":7.0,"key":"REST"},{"data":"Skewer","floor":12.0,"key":"SMITH"},{"data":"Noxious Fumes","floor":15.0,"key":"SMITH"},{"floor":23.0,"key":"REST"},{"data":"Footwork","floor":25.0,"key":"SMITH"},{"data":"A Thousand Cuts","floor":29.0,"key":"SMITH"},{"data":"Well Laid Plans","floor":32.0,"key":"SMITH"},{"data":"Neutralize","floor":40,"key":"SMITH"},{"data":"Footwork","floor":46,"key":"SMITH"},{"data":"Catalyst","floor":49,"key":"SMITH"}],"neow_cost":"NONE","seed_source_timestamp":96939278601000,"circlet_count":0,"master_deck":["AscendersBane","Defend_G+1","Defend_G+1","Defend_G","Defend_G","Defend_G","Strike_G","Strike_G+1","Survivor","Neutralize+1","Noxious Fumes+1","Dagger Throw","Leg Sweep","Poisoned Stab","Terror","Footwork+1","Footwork+1","Skewer+1","Well Laid Plans+1","Dodge and Roll","Corpse Explosion","Night Terror","Expertise","Dash","Dagger Spray","Blur","Malaise","Cloak And Dagger","PiercingWail+1","Backflip","Master of Strategy","Secret Technique","Expertise+1","Catalyst+1"],"special_seed":0,"relics":["Sozu","Pocketwatch","Bird Faced Urn","Dodecahedron","Regal Pillow","Philosopher\u0027s Stone","Red Mask","MutagenicStrength","Paper Crane","Eternal Feather","Letter Opener","Bronze Scales"],"potions_floor_usage":[],"damage_taken":[{"damage":0.0,"enemies":"Cultist","floor":1.0,"turns":4.0},{"damage":1.0,"enemies":"2 Louse","floor":2.0,"turns":3.0},{"damage":3.0,"enemies":"Small Slimes","floor":4.0,"turns":3.0},{"damage":12.0,"enemies":"3 Sentries","floor":6.0,"turns":8.0},{"damage":0.0,"enemies":"Looter","floor":8.0,"turns":3.0},{"damage":15.0,"enemies":"Lagavulin","floor":10.0,"turns":5.0},{"damage":0.0,"enemies":"Exordium Wildlife","floor":11.0,"turns":4.0},{"damage":5.0,"enemies":"3 Sentries","floor":13.0,"turns":6.0},{"damage":4.0,"enemies":"The Guardian","floor":16.0,"turns":9.0},{"damage":8.0,"enemies":"2 Thieves","floor":18.0,"turns":2.0},{"damage":19.0,"enemies":"Shell Parasite","floor":19.0,"turns":5.0},{"damage":44.0,"enemies":"Masked Bandits","floor":20.0,"turns":4.0},{"damage":0.0,"enemies":"Snake Plant","floor":24.0,"turns":4.0},{"damage":0.0,"enemies":"Centurion and Healer","floor":30.0,"turns":8.0},{"damage":5.0,"enemies":"Shelled Parasite and Fungi","floor":31.0,"turns":7.0},{"damage":0.0,"enemies":"Automaton","floor":33.0,"turns":10.0},{"damage":2.0,"enemies":"3 Darklings","floor":35.0,"turns":5.0},{"damage":0,"enemies":"3 Shapes","floor":38,"turns":5},{"damage":4,"enemies":"3 Darklings","floor":44,"turns":3},{"damage":0,"enemies":"Transient","floor":47,"turns":6},{"damage":10,"enemies":"Time Eater","floor":50,"turns":8},{"damage":34,"enemies":"Awakened One","floor":51,"turns":25}],"seed_played":"2401311237300300030","potions_obtained":[],"is_trial":false,"path_per_floor":["M","M","?","M","$","E","R","M","T","E","M","R","E","?","R","B",null,"M","M","?","?","?","R","M","R","T","$","?","R","M","M","R","B",null,"M","?","?","M","$","R","$","?","T","M","T","R","M","?","R","B","B",null],"character_chosen":"THE_SILENT","items_purchased":["Poisoned Stab","Terror","A Thousand Cuts","Backflip"],"campfire_rested":2,"item_purchase_floors":[5,5,27,39],"current_hp_per_floor":[59,58,38,35,35,23,42,42,42,33,37,37,38,38,38,42,60,58,47,9,9,9,43,51,51,51,51,51,51,66,66,66,66,66,66,63,63,63,63,63,63,53,53,53,53,63,63,63,63,61,33],"gold":38,"neow_bonus":"BOSS_RELIC","is_prod":false,"is_daily":false,"chose_seed":false,"campfire_upgraded":8,"win_rate":0,"timestamp":1549155906,"path_taken":["M","M","?","M","$","E","R","M","T","E","M","R","E","?","R","BOSS","M","?","?","?","?","R","?","R","T","$","?","R","M","M","R","BOSS","M","?","?","M","$","R","?","?","T","M","?","R","M","?","R","BOSS","BOSS"],"build_version":"2019-01-23","purchased_purges":2,"victory":true,"max_hp_per_floor":[66,66,66,66,66,66,66,66,66,66,66,66,66,66,66,66,66,66,66,66,66,66,66,66,66,66,66,66,66,66,66,66,66,66,66,63,63,63,63,63,63,63,63,63,63,63,63,63,63,63,63],"card_choices":[{"not_picked":["Prepared","Outmaneuver"],"picked":"Noxious Fumes","floor":1.0},{"not_picked":["Dodge and Roll","Reflex"],"picked":"Dagger Throw","floor":2.0},{"not_picked":["Dagger Throw","Acrobatics"],"picked":"Leg Sweep","floor":4.0},{"not_picked":["Underhanded Strike","Slice"],"picked":"Footwork","floor":6.0},{"not_picked":["Distraction","Crippling Poison"],"picked":"Footwork","floor":8.0},{"not_picked":["Flechettes","PiercingWail"],"picked":"Skewer","floor":10.0},{"not_picked":["Deflect","Poisoned Stab"],"picked":"Well Laid Plans","floor":11.0},{"not_picked":["Outmaneuver","Envenom"],"picked":"Dodge and Roll","floor":13.0},{"not_picked":["Storm of Steel","Corpse Explosion"],"picked":"Night Terror","floor":16.0},{"not_picked":["Caltrops","Accuracy"],"picked":"Expertise","floor":18.0},{"not_picked":["Tactician","Predator"],"picked":"Dash","floor":19.0},{"not_picked":["Quick Slash","All Out Attack"],"picked":"Dagger Spray","floor":24.0},{"not_picked":["Quick Slash","Bouncing Flask"],"picked":"Blur","floor":30.0},{"not_picked":["Concentrate","Tactician","Outmaneuver"],"picked":"SKIP","floor":31.0},{"not_picked":["Phantasmal Killer","Envenom"],"picked":"Malaise","floor":33.0},{"not_picked":["Eviscerate","Expertise"],"picked":"Cloak And Dagger","floor":35.0},{"not_picked":["Noxious Fumes+1","Underhanded Strike"],"picked":"PiercingWail+1","floor":38},{"not_picked":["Mayhem","Flash of Steel"],"picked":"Master of Strategy","floor":42},{"not_picked":["Madness","Mayhem"],"picked":"Secret Technique","floor":42},{"not_picked":["Slice","Dodge and Roll"],"picked":"Expertise+1","floor":44},{"not_picked":["Dodge and Roll+1","Calculated Gamble"],"picked":"Catalyst","floor":47}],"player_experience":2002562,"relics_obtained":[{"floor":6.0,"key":"Pocketwatch"},{"floor":9.0,"key":"Bird Faced Urn"},{"floor":10.0,"key":"Dodecahedron"},{"floor":13.0,"key":"Regal Pillow"},{"floor":20.0,"key":"Red Mask"},{"floor":26.0,"key":"Paper Crane"},{"floor":43,"key":"Letter Opener"},{"floor":45,"key":"Bronze Scales"}],"event_choices":[{"damage_healed":0.0,"max_hp_gain":0.0,"max_hp_loss":0.0,"gold_gain":0.0,"event_name":"Shining Light","player_choice":"Entered Light","floor":3.0,"gold_loss":0.0,"damage_taken":20.0,"cards_upgraded":["Defend_G","Strike_G"]},{"damage_healed":0.0,"max_hp_gain":0.0,"max_hp_loss":0.0,"gold_gain":0.0,"event_name":"Match and Keep!","player_choice":"1 cards matched","floor":14.0,"gold_loss":0.0,"damage_taken":0.0,"cards_obtained":["Corpse Explosion"]},{"damage_healed":0.0,"max_hp_gain":0.0,"max_hp_loss":0.0,"gold_gain":0.0,"event_name":"Masked Bandits","player_choice":"Fought Bandits","floor":20.0,"gold_loss":0.0,"damage_taken":0.0},{"damage_healed":0.0,"max_hp_gain":0.0,"max_hp_loss":0.0,"gold_gain":0.0,"event_name":"Drug Dealer","player_choice":"Inject Mutagens","floor":21.0,"gold_loss":0.0,"damage_taken":0.0,"relics_obtained":["MutagenicStrength"]},{"cards_removed":["Strike_G"],"damage_healed":0.0,"max_hp_gain":0.0,"max_hp_loss":0.0,"gold_gain":0.0,"event_name":"Designer","player_choice":"Upgrade and Remove","floor":22.0,"gold_loss":110.0,"damage_taken":0.0,"cards_upgraded":["Defend_G"]},{"damage_healed":0.0,"max_hp_gain":0.0,"max_hp_loss":0.0,"gold_gain":0.0,"event_name":"Beggar","player_choice":"Ignored","floor":28.0,"gold_loss":0.0,"damage_taken":0.0},{"damage_healed":0.0,"max_hp_gain":0.0,"max_hp_loss":3.0,"gold_gain":0.0,"event_name":"Winding Halls","player_choice":"Max HP","floor":36.0,"gold_loss":0.0,"damage_taken":0.0},{"damage_healed":0,"gold_gain":0,"player_choice":"Ignored","damage_taken":0,"max_hp_gain":0,"max_hp_loss":0,"event_name":"Mysterious Sphere","floor":37,"gold_loss":0},{"damage_healed":0,"gold_gain":0,"player_choice":"Memory 3","damage_taken":10,"max_hp_gain":0,"max_hp_loss":0,"event_name":"SensoryStone","floor":42,"gold_loss":0},{"cards_removed":["A Thousand Cuts"],"damage_healed":0,"gold_gain":0,"player_choice":"Removed Power","damage_taken":0,"max_hp_gain":0,"max_hp_loss":0,"event_name":"Falling","floor":48,"gold_loss":0}],"is_beta":true,"boss_relics":[{"not_picked":["Black Star","Fusion Hammer"],"picked":"Philosopher\u0027s Stone"},{"not_picked":["WristBlade","Runic Dome"],"picked":"Eternal Feather"}],"items_purged_floors":[27,39],"is_endless":false,"potions_floor_spawned":[4,8,10,13,18,20,31,44,47],"ascension_level":20}