{"gold_per_floor":[115,190,190,170,188,188,208,218,218,218,237,268,54,71,71,71],"floor_reached":16,"playtime":449,"items_purged":[],"score":184,"play_id":"b645b0fa-6a44-46cf-bbe2-db17fb54e49e","local_time":"20181230002233","is_ascension_mode":true,"campfire_choices":[{"data":"Zap","floor":6,"key":"SMITH"},{"data":"Gash","floor":10,"key":"SMITH"},{"data":"Ball Lightning","floor":15,"key":"SMITH"}],"neow_cost":"NONE","seed_source_timestamp":196712140765289,"circlet_count":0,"master_deck":["AscendersBane","Strike_B","Strike_B","Strike_B","Strike_B","Defend_B","Defend_B","Defend_B","Defend_B","Zap+1","Dualcast","Conserve Battery","Loop","Gash+1","Coolheaded","Self Repair","Compile Driver","Ball Lightning+1"],"relics":["Cracked Core","Strawberry","The Courier","Shuriken"],"potions_floor_usage":[12,12,16],"damage_taken":[{"damage":0,"enemies":"Jaw Worm","floor":1,"turns":4},{"damage":3,"enemies":"2 Louse","floor":5,"turns":3},{"damage":0,"enemies":"Cultist","floor":7,"turns":4},{"damage":22,"enemies":"Exordium Thugs","floor":8,"turns":5},{"damage":7,"enemies":"2 Fungi Beasts","floor":11,"turns":4},{"damage":25,"enemies":"Lagavulin","floor":12,"turns":7},{"damage":18,"enemies":"3 Louse","floor":14,"turns":4},{"damage":8,"enemies":"Hexaghost","floor":16,"turns":9}],"seed_played":"7621950534894201363","potions_obtained":[{"floor":1,"key":"Fire Potion"},{"floor":4,"key":"FearPotion"},{"floor":14,"key":"Swift Potion"}],"is_trial":false,"path_per_floor":["M","?","?","?","M","R","M","M","T","R","M","E","$","M","R","B"],"character_chosen":"DEFECT","items_purchased":["Shuriken"],"campfire_rested":0,"item_purchase_floors":[13],"current_hp_per_floor":[64,53,58,58,55,55,55,33,40,40,40,22,22,11,11,3],"gold":71,"neow_bonus":"THREE_CARDS","is_prod":false,"is_daily":false,"chose_seed":false,"campfire_upgraded":3,"win_rate":0,"timestamp":1546147353,"path_taken":["M","?","?","?","?","R","M","M","T","R","M","E","?","M","R","BOSS"],"build_version":"2018-12-20","purchased_purges":0,"victory":false,"max_hp_per_floor":[71,71,76,76,76,76,76,76,83,83,83,83,83,83,83,83],"card_choices":[{"not_picked":["Hologram","Skim"],"picked":"Conserve Battery","floor":0},{"not_picked":["Stack","Steam"],"picked":"Loop","floor":1},{"not_picked":["Hologram","Coolheaded"],"picked":"Gash","floor":5},{"not_picked":["Heatsinks","Amplify"],"picked":"Coolheaded","floor":7},{"not_picked":["Conserve Battery","Hologram"],"picked":"Self Repair","floor":8},{"not_picked":["Skim","Self Repair"],"picked":"Compile Driver","floor":11},{"not_picked":["Turbo","Fusion"],"picked":"Ball Lightning","floor":12},{"not_picked":["Hologram","Barrage","Redo"],"picked":"SKIP","floor":14}],"player_experience":442996,"relics_obtained":[{"floor":9,"key":"Strawberry"},{"floor":12,"key":"The Courier"}],"event_choices":[{"damage_healed":0,"gold_gain":75,"player_choice":"Gather Gold","damage_taken":11,"max_hp_gain":0,"max_hp_loss":0,"event_name":"World of Goop","floor":2,"gold_loss":0},{"damage_healed":0,"gold_gain":0,"player_choice":"Donut","damage_taken":0,"max_hp_gain":5,"max_hp_loss":0,"event_name":"Big Fish","floor":3,"gold_loss":0},{"damage_healed":0,"gold_gain":0,"player_choice":"Bought 1 Potion","damage_taken":0,"max_hp_gain":0,"max_hp_loss":0,"event_name":"The Woman in Blue","floor":4,"gold_loss":0}],"is_beta":false,"boss_relics":[],"items_purged_floors":[],"is_endless":false,"potions_floor_spawned":[1,8,14],"killed_by":"Hexaghost","ascension_level":16}