{"gold_per_floor":[114,129,129,174,189,189,8,8,8,23,38,53,53,68,68,168,168,183,198,213,228,228],"floor_reached":22,"playtime":1632,"items_purged":["Defend_B"],"score":209,"play_id":"2994058a-e586-4bdc-b70b-e0725f0075b6","local_time":"20180924191212","daily_mods":["Heirloom","Lethality","Vintage"],"is_ascension_mode":false,"campfire_choices":[{"data":"Zap","floor":6,"key":"SMITH"},{"data":"Flash of Steel","floor":8,"key":"SMITH"},{"data":"Dualcast","floor":13,"key":"SMITH"},{"floor":15,"key":"DIG"}],"neow_cost":"","seed_source_timestamp":0,"circlet_count":0,"master_deck":["Zap+1","Dualcast+1","Flash of Steel+1","Creative AI","Steam","Beam Cell","Cold Snap","Sunder","Reprogram","Rebound","Steam"],"special_seed":17798,"relics":["Cracked Core","Bird Faced Urn","StoneCalendar","Mummified Hand","Tiny Chest","Du-Vu Doll","Ornamental Fan","Blood Vial","Orichalcum","Mango","Shovel","Dream Catcher","Strawberry","Pandora\u0027s Box","Ancient Tea Set","Gremlin Horn","Juzu Bracelet","Pocketwatch"],"potions_floor_usage":[5,16,16,20],"damage_taken":[{"damage":8,"enemies":"Small Slimes","floor":1,"turns":3},{"damage":0,"enemies":"Jaw Worm","floor":2,"turns":3},{"damage":2,"enemies":"Cultist","floor":4,"turns":4},{"damage":14,"enemies":"Exordium Thugs","floor":5,"turns":4},{"damage":9,"enemies":"Large Slime","floor":10,"turns":3},{"damage":8,"enemies":"2 Fungi Beasts","floor":11,"turns":2},{"damage":0,"enemies":"Exordium Wildlife","floor":12,"turns":2},{"damage":9,"enemies":"Gremlin Gang","floor":14,"turns":3},{"damage":57,"enemies":"Hexaghost","floor":16,"turns":7},{"damage":10,"enemies":"2 Thieves","floor":18,"turns":3},{"damage":12,"enemies":"Chosen","floor":19,"turns":3},{"damage":24,"enemies":"Centurion and Healer","floor":20,"turns":5},{"damage":44,"enemies":"Snake Plant","floor":21,"turns":3},{"damage":31,"enemies":"Shelled Parasite and Fungi","floor":22,"turns":2}],"seed_played":"696348812476848075","potions_obtained":[{"floor":4,"key":"Regen Potion"},{"floor":10,"key":"SpeedPotion"},{"floor":12,"key":"FocusPotion"},{"floor":16,"key":"Dexterity Potion"},{"floor":18,"key":"SteroidPotion"},{"floor":21,"key":"GamblersBrew"}],"is_trial":false,"path_per_floor":["M","M","?","M","M","R","$","R","T","M","M","M","R","M","R","B",null,"M","M","M","M"],"character_chosen":"DEFECT","items_purchased":["Flash of Steel"],"campfire_rested":0,"item_purchase_floors":[7],"current_hp_per_floor":[67,67,72,70,68,68,68,68,68,59,53,69,69,62,62,14,101,91,83,67,25,0],"gold":228,"neow_bonus":"","is_prod":false,"is_daily":true,"chose_seed":false,"campfire_upgraded":3,"win_rate":0.0,"timestamp":1537830732,"path_taken":["M","M","?","M","M","R","$","R","T","M","M","M","R","M","R","BOSS","M","M","M","M","M"],"build_version":"2018-09-20","purchased_purges":1,"victory":false,"max_hp_per_floor":[75,75,80,80,80,80,80,80,80,80,80,94,94,94,94,101,101,101,101,101,101,101],"card_choices":[{"not_picked":["Buffer","Seek"],"picked":"Creative AI","floor":16}],"player_experience":45381,"relics_obtained":[{"floor":1,"key":"StoneCalendar"},{"floor":2,"key":"Mummified Hand"},{"floor":4,"key":"Tiny Chest"},{"floor":5,"key":"Du-Vu Doll"},{"floor":9,"key":"Ornamental Fan"},{"floor":10,"key":"Blood Vial"},{"floor":11,"key":"Orichalcum"},{"floor":12,"key":"Mango"},{"floor":14,"key":"Shovel"},{"floor":15,"key":"Dream Catcher"},{"floor":16,"key":"Strawberry"},{"floor":18,"key":"Ancient Tea Set"},{"floor":19,"key":"Gremlin Horn"},{"floor":20,"key":"Juzu Bracelet"},{"floor":21,"key":"Pocketwatch"}],"event_choices":[{"event_name":"Big Fish","player_choice":"Donut","floor":3,"damage_taken":0}],"is_beta":false,"boss_relics":[{"not_picked":["Runic Pyramid","Black Star"],"picked":"Pandora\u0027s Box"}],"items_purged_floors":[7],"is_endless":false,"potions_floor_spawned":[4,10,12,16,18,21],"killed_by":"Shelled Parasite and Fungi","ascension_level":0}