{"gold_per_floor":[119,119,129,38,38,65,65,92,115,127,140,158,192,117,117,188,238,256,62,62,74,86,86,113,113,161,61,61,61,75,75,75,152,152,162,162,4,4,16,43,43,43,88,133,133,153,153,170,170,170,170],"floor_reached":51,"playtime":2960,"items_purged":["Strike_G","Strike_G"],"score":1451,"play_id":"807f476f-f7cb-4dc3-81a1-44473372e618","local_time":"20181031005141","is_ascension_mode":true,"campfire_choices":[{"floor":7.0,"key":"REST"},{"data":"Bouncing Flask","floor":15.0,"key":"SMITH"},{"floor":23.0,"key":"REST"},{"data":"Apotheosis","floor":25.0,"key":"SMITH"},{"data":"Neutralize","floor":29.0,"key":"SMITH"},{"floor":32.0,"key":"REST"},{"floor":41.0,"key":"REST"},{"data":"1","floor":45,"key":"LIFT"},{"floor":47,"key":"REST"},{"floor":49,"key":"REST"}],"neow_cost":"NONE","seed_source_timestamp":1004031827840900,"circlet_count":0,"master_deck":["Defend_G","Defend_G","Defend_G","Defend_G","Defend_G","Strike_G","Strike_G","Strike_G","Survivor","Neutralize+1","AscendersBane","Well Laid Plans","Dash","Dagger Spray","Bouncing Flask+1","Dodge and Roll","Quick Slash","Dash","Backstab+1","Dash","Poisoned Stab","Deadly Poison","Die Die Die","Corpse Explosion","Apotheosis+1","Catalyst+1","Backflip","Deflect","Wraith Form v2","Secret Technique","Catalyst+1","Escape Plan","Malaise","Concentrate+1","Noxious Fumes","Escape Plan+1"],"special_seed":0,"relics":["Orrery","Regal Pillow","Vajra","Boot","Bottled Lightning","Tiny House","Paper Crane","Happy Flower","Lizard Tail","Lantern","Darkstone Periapt","Oddly Smooth Stone","Girya"],"potions_floor_usage":[51,51],"damage_taken":[{"damage":9.0,"enemies":"Jaw Worm","floor":1.0,"turns":2.0},{"damage":0.0,"enemies":"Cultist","floor":3.0,"turns":4.0},{"damage":25.0,"enemies":"Gremlin Nob","floor":6.0,"turns":4.0},{"damage":7.0,"enemies":"Lagavulin","floor":8.0,"turns":6.0},{"damage":0.0,"enemies":"2 Louse","floor":10.0,"turns":2.0},{"damage":1.0,"enemies":"Exordium Wildlife","floor":11.0,"turns":3.0},{"damage":0.0,"enemies":"Gremlin Gang","floor":12.0,"turns":4.0},{"damage":0.0,"enemies":"Gremlin Nob","floor":13.0,"turns":3.0},{"damage":9.0,"enemies":"Hexaghost","floor":16.0,"turns":8.0},{"damage":0.0,"enemies":"Spheric Guardian","floor":18.0,"turns":3.0},{"damage":6.0,"enemies":"3 Byrds","floor":21.0,"turns":2.0},{"damage":20.0,"enemies":"Centurion and Healer","floor":22.0,"turns":9.0},{"damage":29.0,"enemies":"Slavers","floor":24.0,"turns":2.0},{"damage":20.0,"enemies":"Sentry and Sphere","floor":30.0,"turns":6.0},{"damage":0.0,"enemies":"Shelled Parasite and Fungi","floor":31.0,"turns":1.0},{"damage":35.0,"enemies":"Collector","floor":33.0,"turns":7.0},{"damage":0.0,"enemies":"3 Shapes","floor":35.0,"turns":3.0},{"damage":3.0,"enemies":"3 Darklings","floor":39.0,"turns":2.0},{"damage":59.0,"enemies":"Giant Head","floor":40.0,"turns":6.0},{"damage":35,"enemies":"2 Orb Walkers","floor":44,"turns":7},{"damage":13,"enemies":"Jaw Worm Horde","floor":46,"turns":4},{"damage":15,"enemies":"Sphere and 2 Shapes","floor":48,"turns":3},{"damage":46,"enemies":"Awakened One","floor":50,"turns":21},{"damage":32,"enemies":"Time Eater","floor":51,"turns":5}],"seed_played":"3485241183404216465","potions_obtained":[{"floor":1.0,"key":"Ancient Potion"},{"floor":6.0,"key":"SpeedPotion"},{"floor":12.0,"key":"Dexterity Potion"},{"floor":17.0,"key":"SmokeBomb"},{"floor":35.0,"key":"Energy Potion"},{"floor":44,"key":"SteroidPotion"},{"floor":48,"key":"Ancient Potion"}],"is_trial":false,"path_per_floor":["M","?","M","$","?","E","R","E","T","M","M","M","E","$","R","B",null,"M","$","?","M","M","R","E","R","T","$","?","R","M","M","R","B",null,"M","?","$","?","M","E","R","$","T","?","R","M","R","M","R","B"],"character_chosen":"THE_SILENT","items_purchased":["Dash","PowerPotion","Apotheosis","Lantern"],"campfire_rested":6,"item_purchase_floors":[4,4,19,37],"current_hp_per_floor":[50,41,41,41,41,16,50,43,43,43,42,42,42,42,42,33,63,63,63,63,57,37,71,42,42,42,42,42,42,22,22,58,23,59,59,49,49,49,46,35,71,71,71,36,36,23,59,44,71,25,0],"gold":170,"neow_bonus":"BOSS_RELIC","is_prod":false,"is_daily":false,"chose_seed":false,"campfire_upgraded":3,"win_rate":0,"timestamp":1540961501,"path_taken":["M","?","M","$","?","E","R","E","T","M","M","M","E","$","R","BOSS","M","?","?","M","?","R","E","R","T","$","?","R","?","M","R","BOSS","M","?","$","?","M","E","R","$","T","?","R","?","R","M","R","BOSS","BOSS"],"build_version":"2018-10-29v2","purchased_purges":2,"victory":false,"max_hp_per_floor":[66,66,66,66,66,66,66,66,66,66,66,66,66,66,66,66,71,71,71,71,71,71,71,71,71,71,71,71,71,71,71,71,71,71,71,71,71,71,71,71,71,71,71,71,71,71,71,71,71,71,71],"card_choices":[{"not_picked":["Blade Dance","Prepared"],"picked":"Well Laid Plans","floor":0.0},{"not_picked":["Blade Dance","Riddle With Holes"],"picked":"Dash","floor":0.0},{"not_picked":["Heel Hook","Choke"],"picked":"Dagger Spray","floor":0.0},{"not_picked":["Dagger Throw","Deflect"],"picked":"Bouncing Flask","floor":0.0},{"not_picked":["Prepared","Flechettes"],"picked":"Dodge and Roll","floor":0.0},{"not_picked":["Outmaneuver","Slice"],"picked":"Quick Slash","floor":1.0},{"not_picked":["Bane","Envenom","Infinite Blades"],"picked":"SKIP","floor":3.0},{"not_picked":["Expertise","Slice"],"picked":"Backstab","floor":6.0},{"not_picked":["Dagger Throw","Underhanded Strike"],"picked":"Dash","floor":8.0},{"not_picked":["Bane","Deflect"],"picked":"Poisoned Stab","floor":10.0},{"not_picked":["All Out Attack","Expertise"],"picked":"Deadly Poison","floor":11.0},{"not_picked":["Prepared","Leg Sweep"],"picked":"Die Die Die","floor":12.0},{"not_picked":["Flechettes","Acrobatics","Quick Slash"],"picked":"SKIP","floor":13.0},{"not_picked":["Die Die Die","Doppelganger"],"picked":"Corpse Explosion","floor":16.0},{"not_picked":["Heel Hook","Quick Slash","Prepared"],"picked":"SKIP","floor":18.0},{"not_picked":["Deadly Poison","Dodge and Roll","Bane"],"picked":"SKIP","floor":21.0},{"not_picked":["Bouncing Flask+1","Sucker Punch"],"picked":"Catalyst+1","floor":22.0},{"not_picked":["Deflect","Bane"],"picked":"Backflip","floor":24.0},{"not_picked":["Calculated Gamble","Sucker Punch"],"picked":"Deflect","floor":30.0},{"not_picked":["Grand Finale","Venomology"],"picked":"Wraith Form v2","floor":33.0},{"not_picked":["Dagger Throw","Accuracy","Calculated Gamble+1"],"picked":"SKIP","floor":35.0},{"not_picked":["Enlightenment","Purity"],"picked":"Secret Technique","floor":36.0},{"not_picked":["Heel Hook","Blade Dance"],"picked":"Escape Plan","floor":39.0},{"not_picked":["Predator","Leg Sweep"],"picked":"Malaise","floor":40.0},{"not_picked":["All Out Attack","Prepared"],"picked":"Concentrate+1","floor":44},{"not_picked":["Acrobatics","Deflect"],"picked":"Noxious Fumes","floor":46},{"not_picked":["Dodge and Roll+1","Outmaneuver+1"],"picked":"Escape Plan+1","floor":48}],"player_experience":1557247,"relics_obtained":[{"floor":6.0,"key":"Regal Pillow"},{"floor":8.0,"key":"Vajra"},{"floor":9.0,"key":"Boot"},{"floor":13.0,"key":"Bottled Lightning"},{"floor":24.0,"key":"Paper Crane"},{"floor":26.0,"key":"Happy Flower"},{"floor":40.0,"key":"Darkstone Periapt"},{"floor":43.0,"key":"Oddly Smooth Stone"},{"floor":44,"key":"Girya"}],"event_choices":[{"damage_healed":0.0,"max_hp_gain":0.0,"max_hp_loss":0.0,"gold_gain":0.0,"event_name":"Wheel of Change","player_choice":"Damaged","floor":2.0,"gold_loss":0.0,"damage_taken":9.0},{"damage_healed":0.0,"max_hp_gain":0.0,"max_hp_loss":0.0,"gold_gain":0.0,"event_name":"Liars Game","player_choice":"Ignored","floor":5.0,"gold_loss":0.0,"damage_taken":0.0},{"damage_healed":0.0,"max_hp_gain":0.0,"max_hp_loss":0.0,"gold_gain":0.0,"event_name":"Beggar","player_choice":"Ignored","floor":28.0,"gold_loss":0.0,"damage_taken":0.0},{"damage_healed":0.0,"max_hp_gain":0.0,"max_hp_loss":0.0,"gold_gain":0.0,"event_name":"SensoryStone","player_choice":"Memory 3","floor":36.0,"gold_loss":0.0,"damage_taken":10.0},{"damage_healed":0.0,"max_hp_gain":0.0,"max_hp_loss":0.0,"gold_gain":0.0,"event_name":"Duplicator","player_choice":"Copied","floor":38.0,"gold_loss":0.0,"damage_taken":0.0,"cards_obtained":["Catalyst"]},{"damage_healed":0,"gold_gain":0,"player_choice":"Fight","damage_taken":0,"max_hp_gain":0,"max_hp_loss":0,"event_name":"Mysterious Sphere","floor":44,"gold_loss":0}],"is_beta":true,"boss_relics":[{"not_picked":["White Beast Statue","Black Star"],"picked":"Tiny House"},{"not_picked":["Runic Dome","WristBlade"],"picked":"Lizard Tail"}],"items_purged_floors":[14,27],"is_endless":false,"potions_floor_spawned":[1,6,12,21,30,31,35,44,48],"killed_by":"Time Eater","ascension_level":20}