{"gold_per_floor":[144,24,24,69,124,124,169,169,244,289,22,187,187,232,232,532,532,577,577,27,27,72,72,72,162,162,162,162,162,162,207,207,507,507,552,33,33,33,78,168,193,493,493,538,538,61,151,196,196,196],"floor_reached":51,"playtime":2037,"items_purged":["Strike_R","Normality","Defend_R"],"score":1059,"play_id":"381538dd-d32f-49bc-af03-3c0c7bf274af","local_time":"20181104193448","daily_mods":["Cursed Run","Time Dilation","Midas"],"is_ascension_mode":false,"campfire_choices":[{"floor":6,"key":"REST"},{"floor":13,"key":"REST"},{"floor":15,"key":"REST"},{"data":"1","floor":23,"key":"LIFT"},{"data":"2","floor":27,"key":"LIFT"},{"data":"3","floor":29,"key":"LIFT"},{"floor":32,"key":"REST"},{"data":"Defend_R","floor":45,"key":"PURGE"},{"data":"Strike_R","floor":49,"key":"PURGE"}],"neow_cost":"","seed_source_timestamp":0,"circlet_count":0,"master_deck":["Strike_R+1","Strike_R","Defend_R","Bash","Disarm","True Grit","Regret","Uppercut+1","Regret","Carnage","Anger","Parasite","Limit Break","Apotheosis","Inflame","Heavy Blade","Injury","Immolate","Parasite","Parasite","Spot Weakness","Shame","Armaments","Clumsy","Decay","Shame","True Grit","Inflame+1","True Grit","Havoc+1","Feel No Pain+1","Parasite","Inflame+1","Shame","Evolve+1","Shrug It Off","Gash","Regret"],"special_seed":17840,"relics":["Cursed Key","Darkstone Periapt","Du-Vu Doll","Boot","Tiny Chest","Sundial","Oddly Smooth Stone","Calling Bell","Orichalcum","Kunai","Girya","Frozen Egg 2","Sling","Nilry\u0027s Codex","Art of War","Champion Belt","Blue Candle","Paper Frog","Coffee Dripper","Peace Pipe","Bag of Marbles","Whetstone","Incense Burner","Unceasing Top","PrismaticShard","Question Card","Vajra"],"potions_floor_usage":[12,22,22,39,40],"damage_taken":[{"damage":4,"enemies":"2 Louse","floor":1,"turns":2},{"damage":7,"enemies":"Jaw Worm","floor":4,"turns":3},{"damage":0,"enemies":"Cultist","floor":7,"turns":3},{"damage":7,"enemies":"Blue Slaver","floor":10,"turns":2},{"damage":9,"enemies":"Gremlin Nob","floor":12,"turns":3},{"damage":9,"enemies":"2 Fungi Beasts","floor":14,"turns":2},{"damage":23,"enemies":"The Guardian","floor":16,"turns":6},{"damage":0,"enemies":"Spheric Guardian","floor":18,"turns":2},{"damage":0,"enemies":"3 Byrds","floor":22,"turns":2},{"damage":6,"enemies":"Book of Stabbing","floor":25,"turns":2},{"damage":3,"enemies":"3 Cultists","floor":31,"turns":3},{"damage":54,"enemies":"Automaton","floor":33,"turns":7},{"damage":14,"enemies":"Orb Walker","floor":35,"turns":3},{"damage":32,"enemies":"3 Darklings","floor":39,"turns":5},{"damage":13,"enemies":"Nemesis","floor":40,"turns":5},{"damage":11,"enemies":"Mind Bloom Boss Battle","floor":42,"turns":5},{"damage":0,"enemies":"Writhing Mass","floor":44,"turns":1},{"damage":15,"enemies":"Giant Head","floor":47,"turns":5},{"damage":6,"enemies":"Jaw Worm Horde","floor":48,"turns":3},{"damage":22,"enemies":"Time Eater","floor":50,"turns":5}],"seed_played":"8055105580141425642","potions_obtained":[{"floor":1,"key":"Explosive Potion"},{"floor":4,"key":"Dexterity Potion"},{"floor":7,"key":"Poison Potion"},{"floor":18,"key":"AttackPotion"},{"floor":22,"key":"SteroidPotion"},{"floor":35,"key":"SkillPotion"},{"floor":42,"key":"AttackPotion"},{"floor":44,"key":"SkillPotion"}],"is_trial":false,"path_per_floor":["M","$","?","M","T","R","M","?","T","M","$","?","R","M","R","B",null,"M","?","$","?","M","R","?","E","T","R","?","R","?","M","R","B",null,"M","$","$","?","M","E","T","?","T","M","R","$","E","M","R","B",null],"character_chosen":"IRONCLAD","items_purchased":["True Grit","Apotheosis","Inflame","Frozen Egg 2","Sling","Inflame+1","Peace Pipe","True Grit","PrismaticShard","Question Card","Shrug It Off"],"campfire_rested":4,"item_purchase_floors":[2,11,11,20,20,36,36,36,46,46,46],"current_hp_per_floor":[76,76,82,75,81,92,92,92,98,91,91,82,98,89,98,81,122,122,122,122,106,106,106,112,106,112,112,118,118,118,115,140,92,146,132,132,132,132,100,87,93,82,88,88,88,88,73,67,67,51],"gold":196,"neow_bonus":"","is_prod":false,"is_daily":true,"chose_seed":false,"campfire_upgraded":0,"win_rate":0,"timestamp":1541378088,"path_taken":["M","$","?","M","?","R","M","?","T","?","$","?","R","M","R","BOSS","M","?","$","?","?","R","?","E","T","R","?","R","?","M","R","BOSS","M","?","$","?","M","E","?","?","T","M","R","$","E","M","R","BOSS"],"build_version":"2018-11-01","purchased_purges":3,"victory":true,"max_hp_per_floor":[80,80,86,86,92,92,92,92,98,98,98,98,98,98,98,104,122,122,122,122,122,122,122,128,128,134,134,140,140,140,140,140,146,146,146,146,146,146,146,146,152,152,158,158,158,158,158,158,158,164],"card_choices":[{"not_picked":["Body Slam","Warcry"],"picked":"Disarm","floor":1},{"not_picked":["Cleave","Perfected Strike"],"picked":"Uppercut","floor":4},{"not_picked":["Sword Boomerang","Twin Strike"],"picked":"Carnage","floor":7},{"not_picked":["Iron Wave","Ghostly Armor"],"picked":"Limit Break","floor":10},{"not_picked":["Anger","Infernal Blade"],"picked":"Heavy Blade","floor":14},{"not_picked":["Dark Embrace","Brutality"],"picked":"Immolate","floor":16},{"not_picked":["Infernal Blade","Pommel Strike","Clash"],"picked":"SKIP","floor":18},{"not_picked":["Body Slam","Iron Wave","Clash"],"picked":"SKIP","floor":22},{"not_picked":["Berserk+1","Pummel+1"],"picked":"Armaments","floor":25},{"not_picked":["Wild Strike","Rupture+1","Sword Boomerang"],"picked":"SKIP","floor":31},{"not_picked":["Flex","Hemokinesis+1"],"picked":"True Grit","floor":35},{"not_picked":["Warcry+1","Clash+1"],"picked":"Havoc+1","floor":39},{"not_picked":["Cleave+1","Power Through+1"],"picked":"Feel No Pain+1","floor":40},{"not_picked":["Headbutt+1","Thunderclap+1"],"picked":"Inflame+1","floor":42},{"not_picked":["Dual Wield+1","Headbutt+1"],"picked":"Evolve+1","floor":44},{"not_picked":["Burning Pact+1","Reinforced Body+1","Headbutt","Steam+1"],"picked":"SKIP","floor":47},{"not_picked":["Fission","Dash","Headbutt"],"picked":"Gash","floor":48}],"player_experience":465757,"relics_obtained":[{"floor":5,"key":"Tiny Chest"},{"floor":9,"key":"Sundial"},{"floor":12,"key":"Oddly Smooth Stone"},{"floor":17,"key":"Orichalcum"},{"floor":17,"key":"Kunai"},{"floor":17,"key":"Girya"},{"floor":21,"key":"Nilry\u0027s Codex"},{"floor":25,"key":"Champion Belt"},{"floor":26,"key":"Blue Candle"},{"floor":40,"key":"Bag of Marbles"},{"floor":41,"key":"Whetstone"},{"floor":42,"key":"Incense Burner"},{"floor":43,"key":"Unceasing Top"},{"floor":47,"key":"Vajra"}],"event_choices":[{"damage_healed":0,"gold_gain":0,"player_choice":"Box","damage_taken":0,"relics_obtained":["Boot"],"max_hp_gain":0,"max_hp_loss":0,"event_name":"Big Fish","floor":3,"gold_loss":0,"cards_obtained":["Regret"]},{"damage_healed":0,"gold_gain":0,"cards_transformed":["Strike_R"],"player_choice":"Transformed","damage_taken":0,"max_hp_gain":0,"max_hp_loss":0,"event_name":"Transmorgrifier","floor":8,"gold_loss":0,"cards_obtained":["Anger"]},{"damage_healed":0,"gold_gain":0,"player_choice":"Searched \u00271\u0027 times","damage_taken":0,"max_hp_gain":0,"max_hp_loss":0,"event_name":"Dead Adventurer","floor":12,"gold_loss":0},{"damage_healed":0,"gold_gain":0,"player_choice":"Read","damage_taken":0,"max_hp_gain":0,"max_hp_loss":0,"event_name":"The Library","floor":19,"gold_loss":0,"cards_obtained":["Spot Weakness"]},{"damage_healed":0,"gold_gain":0,"player_choice":"Obtained Book","damage_taken":16,"max_hp_gain":0,"max_hp_loss":0,"event_name":"Cursed Tome","floor":21,"gold_loss":0},{"damage_healed":0,"gold_gain":0,"player_choice":"Stole Relic","damage_taken":0,"relics_obtained":["Art of War"],"max_hp_gain":0,"max_hp_loss":0,"event_name":"Addict","floor":24,"gold_loss":0,"cards_obtained":["Shame"]},{"damage_healed":0,"gold_gain":0,"player_choice":"Smashed Altar","damage_taken":0,"max_hp_gain":0,"max_hp_loss":0,"event_name":"Forgotten Altar","floor":28,"gold_loss":0,"cards_obtained":["Decay"]},{"damage_healed":0,"gold_gain":0,"player_choice":"Gave Potion","damage_taken":0,"relics_obtained":["Paper Frog"],"max_hp_gain":0,"max_hp_loss":0,"event_name":"WeMeetAgain","floor":30,"gold_loss":0},{"cards_removed":["Defend_R"],"damage_healed":0,"gold_gain":0,"player_choice":"Removed Skill","damage_taken":0,"max_hp_gain":0,"max_hp_loss":0,"event_name":"Falling","floor":38,"gold_loss":0},{"damage_healed":0,"gold_gain":0,"player_choice":"Fight","damage_taken":0,"max_hp_gain":0,"max_hp_loss":0,"event_name":"MindBloom","floor":42,"gold_loss":0}],"is_beta":false,"boss_relics":[{"not_picked":["Mark of Pain","Velvet Choker"],"picked":"Calling Bell"},{"not_picked":["Lizard Tail","White Beast Statue"],"picked":"Coffee Dripper"}],"items_purged_floors":[2,20,36],"is_endless":false,"potions_floor_spawned":[1,4,7,18,22,35,42,44],"ascension_level":0}