{"gold_per_floor":[111,111,111,186,211,236,249,249,276,290,255,280,280,301,301,405,405,419,419,272,272,29,29,56,72,72,82,82,182,199,199,199,301,301,315,331,38,38,52,52,81,81,81,81],"floor_reached":44,"playtime":2735,"items_purged":[],"score":510,"play_id":"87684e09-dbaf-4962-bdc6-afff6ad8d6dd","local_time":"20190123152734","is_ascension_mode":false,"campfire_choices":[{"floor":8.0,"key":"REST"},{"floor":13.0,"key":"REST"},{"data":"Noxious Fumes","floor":15.0,"key":"SMITH"},{"data":"Bane","floor":23.0,"key":"SMITH"},{"floor":28.0,"key":"REST"},{"floor":32.0,"key":"REST"},{"floor":40,"key":"REST"},{"floor":42,"key":"REST"}],"neow_cost":"NONE","seed_source_timestamp":0,"circlet_count":0,"master_deck":["Defend_G+1","Defend_G+1","Defend_G+1","Defend_G+1","Defend_G+1","Strike_G+1","Strike_G+1","Strike_G+1","Survivor+1","Neutralize","Underhanded Strike","Dagger Spray","Flying Knee","Noxious Fumes+1","Acrobatics","Infinite Blades","Glass Knife","Deadly Poison+1","Poisoned Stab","Infinite Blades","Bane+1","Noxious Fumes","Noxious Fumes","Deadly Poison+1","Bane"],"special_seed":0,"relics":["Ring of the Snake","Orichalcum","Singing Bowl","Ancient Tea Set","Omamori","Odd Mushroom","Empty Cage","War Paint","Bottled Tornado","Snake Skull","Mercury Hourglass","Torii","Shuriken","Orrery","Pear","Bottled Lightning","Gambling Chip"],"potions_floor_usage":[41],"damage_taken":[{"damage":1.0,"enemies":"Cultist","floor":1.0,"turns":5.0},{"damage":30.0,"enemies":"3 Sentries","floor":6.0,"turns":13.0},{"damage":0.0,"enemies":"Small Slimes","floor":7.0,"turns":3.0},{"damage":0.0,"enemies":"2 Louse","floor":10.0,"turns":3.0},{"damage":15.0,"enemies":"Gremlin Nob","floor":12.0,"turns":5.0},{"damage":20.0,"enemies":"The Mushroom Lair","floor":14.0,"turns":4.0},{"damage":44.0,"enemies":"Slime Boss","floor":16.0,"turns":10.0},{"damage":13.0,"enemies":"Shell Parasite","floor":18.0,"turns":7.0},{"damage":16.0,"enemies":"Book of Stabbing","floor":24.0,"turns":6.0},{"damage":7.0,"enemies":"3 Byrds","floor":25.0,"turns":4.0},{"damage":0.0,"enemies":"Centurion and Healer","floor":27.0,"turns":4.0},{"damage":12.0,"enemies":"Colosseum Slavers","floor":29.0,"turns":4.0},{"damage":5.0,"enemies":"Colosseum Nobs","floor":29.0,"turns":4.0},{"damage":1.0,"enemies":"Cultist and Chosen","floor":30.0,"turns":4.0},{"damage":30.0,"enemies":"Collector","floor":33.0,"turns":7.0},{"damage":3,"enemies":"Orb Walker","floor":35,"turns":4},{"damage":36,"enemies":"3 Darklings","floor":36,"turns":4},{"damage":26,"enemies":"Writhing Mass","floor":39,"turns":5},{"damage":87,"enemies":"Nemesis","floor":41,"turns":7},{"damage":84,"enemies":"2 Orb Walkers","floor":44,"turns":4}],"seed_played":"4441742144221986763","potions_obtained":[{"floor":0.0,"key":"SpeedPotion"},{"floor":0.0,"key":"SmokeBomb"},{"floor":0.0,"key":"FairyPotion"},{"floor":6.0,"key":"Regen Potion"},{"floor":16.0,"key":"LiquidBronze"},{"floor":18.0,"key":"GhostInAJar"},{"floor":25.0,"key":"PowerPotion"},{"floor":33.0,"key":"FearPotion"},{"floor":36,"key":"AttackPotion"}],"is_trial":false,"path_per_floor":["M","?","?","?","T","E","M","R","T","M","?","E","R","?","R","B",null,"M","?","$","?","$","R","E","M","T","M","R","?","M","$","R","B",null,"M","M","$","?","M","R","E","R","T","?"],"character_chosen":"THE_SILENT","items_purchased":["Poisoned Stab","Infinite Blades","Bane","Bottled Tornado","Bane","Pear"],"campfire_rested":6,"item_purchase_floors":[20,20,20,22,37,37],"current_hp_per_floor":[69,69,74,63,63,33,33,55,55,55,73,58,75,59,59,15,75,62,62,62,62,62,62,48,43,43,43,66,51,52,52,76,48,93,90,56,66,92,68,100,13,45,45,0],"gold":81,"neow_bonus":"THREE_SMALL_POTIONS","is_prod":false,"is_daily":false,"chose_seed":false,"campfire_upgraded":2,"win_rate":0.0,"timestamp":1548275254,"path_taken":["M","?","?","?","?","E","M","R","T","?","?","E","R","?","R","BOSS","M","?","$","?","?","R","E","M","T","M","R","?","M","$","R","BOSS","M","M","$","?","M","R","E","R","T","?"],"build_version":"2019-01-23","purchased_purges":0,"victory":false,"max_hp_per_floor":[70,70,75,75,75,75,75,75,75,75,75,75,75,75,75,75,75,75,75,75,75,75,75,77,79,79,79,79,81,83,83,83,85,93,93,95,105,105,107,107,107,107,107,107],"card_choices":[{"not_picked":["Prepared","Quick Slash"],"picked":"Underhanded Strike","floor":1.0},{"not_picked":["Dash","PiercingWail"],"picked":"Dagger Spray","floor":6.0},{"not_picked":["Dagger Throw","Outmaneuver"],"picked":"Flying Knee","floor":7.0},{"not_picked":["Terror","Well Laid Plans"],"picked":"Noxious Fumes","floor":10.0},{"not_picked":["Leg Sweep","Reflex"],"picked":"Acrobatics","floor":12.0},{"not_picked":["Flying Knee","Leg Sweep"],"picked":"Infinite Blades","floor":14.0},{"not_picked":["Die Die Die","Malaise"],"picked":"Glass Knife","floor":16.0},{"not_picked":["Dagger Spray","Sucker Punch"],"picked":"Deadly Poison+1","floor":18.0},{"not_picked":["All Out Attack","Dagger Throw","Bouncing Flask"],"picked":"Singing Bowl","floor":24.0},{"not_picked":["Slice","Skewer","Heel Hook+1"],"picked":"Singing Bowl","floor":25.0},{"not_picked":["Dagger Spray+1","Predator"],"picked":"Noxious Fumes","floor":27.0},{"not_picked":["Sucker Punch+1","Blade Dance","Footwork"],"picked":"Singing Bowl","floor":29.0},{"not_picked":["Venomology","PiercingWail","Flying Knee"],"picked":"Singing Bowl","floor":30.0},{"not_picked":["Doppelganger","Wraith Form v2","Phantasmal Killer"],"picked":"Singing Bowl","floor":33.0},{"not_picked":["Outmaneuver+1","Endless Agony"],"picked":"Noxious Fumes","floor":34},{"not_picked":["Well Laid Plans","Terror","Escape Plan"],"picked":"Singing Bowl","floor":34},{"not_picked":["Sucker Punch","PiercingWail+1","Dodge and Roll"],"picked":"Singing Bowl","floor":34},{"not_picked":["Sucker Punch","PiercingWail","Quick Slash"],"picked":"Singing Bowl","floor":34},{"not_picked":["Tactician","Riddle With Holes","Dodge and Roll+1"],"picked":"Singing Bowl","floor":34},{"not_picked":["Dagger Spray+1","Flying Knee+1"],"picked":"Deadly Poison+1","floor":35},{"not_picked":["Acrobatics","Outmaneuver+1","Slice"],"picked":"Singing Bowl","floor":36},{"not_picked":["All Out Attack","PiercingWail","Slice+1"],"picked":"Singing Bowl","floor":39},{"not_picked":["Flechettes","Backstab","Doppelganger"],"picked":"SKIP","floor":41}],"player_experience":90530,"relics_obtained":[{"floor":5.0,"key":"Orichalcum"},{"floor":6.0,"key":"Singing Bowl"},{"floor":9.0,"key":"Ancient Tea Set"},{"floor":12.0,"key":"Omamori"},{"floor":14.0,"key":"Odd Mushroom"},{"floor":24.0,"key":"Snake Skull"},{"floor":26.0,"key":"Mercury Hourglass"},{"floor":29.0,"key":"Torii"},{"floor":29.0,"key":"Shuriken"},{"floor":41,"key":"Bottled Lightning"},{"floor":43,"key":"Gambling Chip"}],"event_choices":[{"damage_healed":0.0,"max_hp_gain":0.0,"max_hp_loss":0.0,"gold_gain":0.0,"event_name":"Living Wall","player_choice":"Grow","floor":2.0,"gold_loss":0.0,"damage_taken":0.0,"cards_upgraded":["Survivor"]},{"damage_healed":0.0,"max_hp_gain":5.0,"max_hp_loss":0.0,"gold_gain":0.0,"event_name":"Big Fish","player_choice":"Donut","floor":3.0,"gold_loss":0.0,"damage_taken":0.0},{"damage_healed":0.0,"max_hp_gain":0.0,"max_hp_loss":0.0,"gold_gain":75.0,"event_name":"World of Goop","player_choice":"Gather Gold","floor":4.0,"gold_loss":0.0,"damage_taken":11.0},{"damage_healed":18.0,"max_hp_gain":0.0,"max_hp_loss":0.0,"gold_gain":0.0,"event_name":"The Cleric","player_choice":"Healed","floor":11.0,"gold_loss":35.0,"damage_taken":0.0},{"damage_healed":0.0,"max_hp_gain":0.0,"max_hp_loss":0.0,"gold_gain":0.0,"event_name":"Mushrooms","player_choice":"Fought Mushrooms","floor":14.0,"gold_loss":0.0,"damage_taken":0.0},{"damage_healed":0.0,"max_hp_gain":0.0,"max_hp_loss":0.0,"gold_gain":0.0,"event_name":"The Mausoleum","player_choice":"Opened","floor":19.0,"gold_loss":0.0,"damage_taken":0.0,"relics_obtained":["War Paint"]},{"damage_healed":0.0,"max_hp_gain":0.0,"max_hp_loss":0.0,"gold_gain":0.0,"event_name":"Back to Basics","player_choice":"Simplicity","floor":21.0,"gold_loss":0.0,"damage_taken":0.0,"cards_upgraded":["Defend_G","Defend_G","Defend_G","Strike_G","Strike_G","Strike_G"]},{"damage_healed":0.0,"max_hp_gain":0.0,"max_hp_loss":0.0,"gold_gain":0.0,"event_name":"Colosseum","player_choice":"Fight","floor":29.0,"gold_loss":0.0,"damage_taken":0.0},{"damage_healed":0.0,"max_hp_gain":0.0,"max_hp_loss":0.0,"gold_gain":0.0,"event_name":"Colosseum","player_choice":"Fought Nobs","floor":29.0,"gold_loss":0.0,"damage_taken":0.0},{"damage_healed":26,"gold_gain":0,"player_choice":"Writhe","damage_taken":0,"max_hp_gain":0,"max_hp_loss":0,"event_name":"Winding Halls","floor":38,"gold_loss":0,"cards_obtained":["Writhe"]},{"damage_healed":0,"gold_gain":0,"player_choice":"Fight","damage_taken":0,"max_hp_gain":0,"max_hp_loss":0,"event_name":"Mysterious Sphere","floor":44,"gold_loss":0}],"is_beta":false,"boss_relics":[{"not_picked":["Coffee Dripper","Cursed Key"],"picked":"Empty Cage"},{"not_picked":["Tiny House","Sozu"],"picked":"Orrery"}],"items_purged_floors":[],"is_endless":false,"potions_floor_spawned":[6,7,16,18,25,29,33,36,41],"killed_by":"2 Orb Walkers","ascension_level":0}