{"gold_per_floor":[114,46,61,61,76,76,91,91,91,106,121,136,211,211,211,311,311,326,326,326,1,51,81,81,81,156,156,171,71,71,86,86,186,186,201,216,0,15,46,46,46,46,71,86,101,101,116,131,131,131],"floor_reached":51,"playtime":3784,"items_purged":["Strike_G","Defend_G"],"score":884,"play_id":"572aa1a0-6ce5-4721-80b3-321d425f88b3","local_time":"20181211205055","daily_mods":["Cursed Run","ControlledChaos","Terminal"],"is_ascension_mode":false,"campfire_choices":[{"data":"Footwork","floor":6,"key":"SMITH"},{"data":"Bouncing Flask","floor":8,"key":"SMITH"},{"data":"Cloak And Dagger","floor":15,"key":"SMITH"},{"data":"Leg Sweep","floor":24,"key":"SMITH"},{"data":"Neutralize","floor":27,"key":"SMITH"},{"data":"Predator","floor":30,"key":"SMITH"},{"data":"Venomology","floor":32,"key":"SMITH"},{"floor":40,"key":"REST"},{"floor":46,"key":"REST"},{"floor":49,"key":"REST"}],"neow_cost":"","seed_source_timestamp":0,"circlet_count":0,"master_deck":["Defend_G","Defend_G","Defend_G+1","Defend_G","Strike_G","Strike_G","Strike_G","Survivor","Neutralize+1","Bouncing Flask+1","Predator+1","Footwork+1","Cloak And Dagger+1","Leg Sweep+1","Doubt","Setup+1","Parasite","Pain","Venomology+1","Quick Slash+1","Necronomicurse","Decay","Infinite Blades+1","Regret","Cloak And Dagger+1","Blade Dance+1","Clumsy","Die Die Die","Finisher+1","Cloak And Dagger+1","Blade Dance+1","Writhe","Writhe","Tactician","Reflex+1","Accuracy+1","Parasite"],"special_seed":17877,"relics":["Cursed Key","Darkstone Periapt","Du-Vu Doll","Frozen Eye","Dodecahedron","Matryoshka","HoveringKite","Necronomicon","Shuriken","Bag of Preparation","Blood Vial","Dead Branch","War Paint","Sundial","Fusion Hammer","Red Mask","Mango","Oddly Smooth Stone"],"potions_floor_usage":[16,28,33,33,38,47,50],"damage_taken":[{"damage":1,"enemies":"Cultist","floor":1,"turns":4},{"damage":5,"enemies":"Small Slimes","floor":3,"turns":2},{"damage":0,"enemies":"Jaw Worm","floor":5,"turns":3},{"damage":0,"enemies":"2 Fungi Beasts","floor":7,"turns":3},{"damage":4,"enemies":"Exordium Thugs","floor":10,"turns":5},{"damage":0,"enemies":"Looter","floor":11,"turns":3},{"damage":0,"enemies":"Exordium Wildlife","floor":12,"turns":3},{"damage":1,"enemies":"The Guardian","floor":16,"turns":8},{"damage":1,"enemies":"Chosen","floor":18,"turns":6},{"damage":0,"enemies":"Slavers","floor":23,"turns":4},{"damage":5,"enemies":"3 Byrds","floor":28,"turns":4},{"damage":6,"enemies":"Snake Plant","floor":31,"turns":3},{"damage":0,"enemies":"Collector","floor":33,"turns":4},{"damage":0,"enemies":"Orb Walker","floor":35,"turns":2},{"damage":0,"enemies":"3 Shapes","floor":36,"turns":2},{"damage":0,"enemies":"Jaw Worm Horde","floor":38,"turns":3},{"damage":0,"enemies":"2 Orb Walkers","floor":39,"turns":2},{"damage":0,"enemies":"3 Darklings","floor":44,"turns":2},{"damage":2,"enemies":"Sphere and 2 Shapes","floor":45,"turns":2},{"damage":21,"enemies":"Jaw Worm Horde","floor":47,"turns":3},{"damage":0,"enemies":"Maw","floor":48,"turns":4},{"damage":1,"enemies":"Donu and Deca","floor":50,"turns":4}],"seed_played":"-2893095537371468072","potions_obtained":[{"floor":1,"key":"Regen Potion"},{"floor":10,"key":"PowerPotion"},{"floor":11,"key":"Block Potion"},{"floor":16,"key":"GamblersBrew"},{"floor":31,"key":"Explosive Potion"},{"floor":38,"key":"LiquidBronze"}],"is_trial":false,"path_per_floor":["M","$","M","?","M","R","M","R","T","M","M","M","T","?","R","B",null,"M","?","?","$","T","E","R","?","T","R","M","$","R","M","R","B",null,"M","M","?","M","?","R","?","?","T","M","M","R","M","M","R","B",null],"character_chosen":"THE_SILENT","items_purchased":["Predator","Shuriken"],"campfire_rested":3,"item_purchase_floors":[2,21],"current_hp_per_floor":[68,67,62,62,62,62,62,61,66,62,62,62,68,67,66,71,70,69,59,59,59,65,67,67,67,73,73,70,70,70,66,66,74,77,76,75,74,73,86,85,90,89,94,93,91,91,70,72,88,93],"gold":131,"neow_bonus":"","is_prod":false,"is_daily":true,"chose_seed":false,"campfire_upgraded":7,"win_rate":0,"timestamp":1544579455,"path_taken":["M","$","?","?","?","R","M","R","T","M","M","M","?","?","R","BOSS","M","?","?","$","?","E","R","?","T","R","M","$","R","M","R","BOSS","M","M","?","M","?","R","?","?","T","M","?","R","M","M","R","BOSS"],"build_version":"2018-12-06","purchased_purges":2,"victory":true,"max_hp_per_floor":[68,67,66,65,64,63,62,61,66,65,64,63,68,67,66,71,70,69,74,73,72,77,76,75,74,79,78,77,76,75,74,73,78,77,76,75,74,73,86,85,90,89,94,93,92,91,90,89,88,93],"card_choices":[{"not_picked":["Dodge and Roll","PiercingWail"],"picked":"Bouncing Flask","floor":1},{"not_picked":["Escape Plan","Noxious Fumes"],"picked":"Footwork","floor":3},{"not_picked":["Prepared","PiercingWail"],"picked":"Cloak And Dagger","floor":5},{"not_picked":["Slice","Endless Agony"],"picked":"Leg Sweep","floor":7},{"not_picked":["Dash","Distraction","Deflect"],"picked":"SKIP","floor":10},{"not_picked":["Deadly Poison","Prepared"],"picked":"Setup","floor":11},{"not_picked":["Bouncing Flask","PiercingWail","Deflect"],"picked":"SKIP","floor":12},{"not_picked":["Phantasmal Killer","Grand Finale"],"picked":"Venomology","floor":16},{"not_picked":["Acrobatics","Flechettes"],"picked":"Quick Slash+1","floor":18},{"not_picked":["Bouncing Flask","Dodge and Roll"],"picked":"Infinite Blades+1","floor":23},{"not_picked":["Endless Agony","Quick Slash+1"],"picked":"Cloak And Dagger+1","floor":28},{"not_picked":["Underhanded Strike","Dagger Throw+1"],"picked":"Blade Dance+1","floor":31},{"not_picked":["Night Terror","Glass Knife"],"picked":"Die Die Die","floor":33},{"not_picked":["Blade Dance+1","Poisoned Stab+1"],"picked":"Finisher+1","floor":35},{"not_picked":["Calculated Gamble+1","Blade Dance+1"],"picked":"Cloak And Dagger+1","floor":36},{"not_picked":["Dagger Throw+1","Acrobatics","Choke+1"],"picked":"SKIP","floor":38},{"not_picked":["Bane+1","Sucker Punch"],"picked":"Blade Dance+1","floor":39},{"not_picked":["Slice","Cloak And Dagger"],"picked":"Tactician","floor":44},{"not_picked":["Finisher+1","Bouncing Flask+1"],"picked":"Reflex+1","floor":45},{"not_picked":["Acrobatics+1","Tools of the Trade"],"picked":"Accuracy+1","floor":47},{"not_picked":["Acrobatics+1","Leg Sweep+1","Backflip"],"picked":"SKIP","floor":48}],"player_experience":703385,"relics_obtained":[{"floor":9,"key":"Dodecahedron"},{"floor":13,"key":"Matryoshka"},{"floor":19,"key":"Necronomicon"},{"floor":22,"key":"Bag of Preparation"},{"floor":22,"key":"Blood Vial"},{"floor":23,"key":"Dead Branch"},{"floor":26,"key":"War Paint"},{"floor":26,"key":"Sundial"},{"floor":39,"key":"Mango"},{"floor":43,"key":"Oddly Smooth Stone"}],"event_choices":[{"damage_healed":0,"gold_gain":0,"cards_transformed":["Strike_G"],"player_choice":"Transformed","damage_taken":0,"max_hp_gain":0,"max_hp_loss":0,"event_name":"Transmorgrifier","floor":4,"gold_loss":0,"cards_obtained":["Catalyst"]},{"cards_removed":["Catalyst"],"damage_healed":0,"gold_gain":0,"player_choice":"Offered Uncommon","damage_taken":0,"max_hp_gain":0,"max_hp_loss":0,"event_name":"Bonfire Elementals","floor":14,"gold_loss":0},{"damage_healed":0,"gold_gain":0,"player_choice":"Obtained Book","damage_taken":16,"max_hp_gain":0,"max_hp_loss":0,"event_name":"Cursed Tome","floor":19,"gold_loss":0},{"damage_healed":0,"gold_gain":0,"player_choice":"Ignored","damage_taken":0,"max_hp_gain":0,"max_hp_loss":0,"event_name":"Ghosts","floor":20,"gold_loss":0},{"damage_healed":0,"gold_gain":0,"player_choice":"Ignored","damage_taken":0,"max_hp_gain":0,"max_hp_loss":0,"event_name":"Vampires","floor":25,"gold_loss":0},{"damage_healed":0,"gold_gain":0,"player_choice":"Paid","damage_taken":0,"relics_obtained":["Red Mask"],"max_hp_gain":0,"max_hp_loss":0,"event_name":"Tomb of Lord Red Mask","floor":37,"gold_loss":216},{"damage_healed":0,"gold_gain":0,"player_choice":"Fight","damage_taken":0,"max_hp_gain":0,"max_hp_loss":0,"event_name":"Mysterious Sphere","floor":39,"gold_loss":0},{"damage_healed":21,"gold_gain":0,"player_choice":"Writhe","damage_taken":0,"max_hp_gain":0,"max_hp_loss":0,"event_name":"Winding Halls","floor":41,"gold_loss":0,"cards_obtained":["Writhe"]},{"damage_healed":0,"gold_gain":0,"player_choice":"Leave","damage_taken":0,"max_hp_gain":0,"max_hp_loss":0,"event_name":"FaceTrader","floor":42,"gold_loss":0}],"is_beta":false,"boss_relics":[{"not_picked":["Ectoplasm","Pandora\u0027s Box"],"picked":"HoveringKite"},{"not_picked":["Snecko Eye","Runic Pyramid"],"picked":"Fusion Hammer"}],"items_purged_floors":[21,29],"is_endless":false,"potions_floor_spawned":[1,10,11,12,16,23,31,38,39,45],"ascension_level":0}