{"gold_per_floor":[119,133,208,218,74,74,106,106,177,193,193,220,240,240,240,339,339,356,281,300,313,313,313,332,361,414,414,742,756,768,794,794,892,892,905,181,193,193,206,241,241,271,294,294,0,0,0,0,0,0],"floor_reached":51,"playtime":2845,"items_purged":["Strike_B"],"score":867,"play_id":"f6717efa-49f8-44eb-917e-46a99c29105f","local_time":"20190113162613","is_ascension_mode":true,"campfire_choices":[{"data":"Zap","floor":6,"key":"SMITH"},{"data":"Tempest","floor":11,"key":"SMITH"},{"floor":15,"key":"REST"},{"floor":23,"key":"REST"},{"data":"Echo Form","floor":27,"key":"SMITH"},{"floor":32,"key":"REST"},{"data":"Defragment","floor":41,"key":"SMITH"},{"floor":44,"key":"DIG"},{"floor":47,"key":"DIG"},{"floor":49,"key":"DIG"}],"neow_cost":"NONE","seed_source_timestamp":1001888893737865,"circlet_count":0,"master_deck":["Defend_B","Defend_B","Defend_B","Defend_B","Zap+1","Dualcast","Tempest+1","Hologram","Self Repair","Genetic Algorithm","Capacitor","Chill","Double Energy","Echo Form+1","White Noise+1","Storm","Hologram","Sunder","Zap","Buffer","Coolheaded+1","Sweeping Beam","Coolheaded","Skim","White Noise","Rainbow","Defragment+1","FTL","Discovery","Coolheaded+1","Tempest+1","Consume","Rainbow"],"relics":["Cracked Core","Ancient Tea Set","DataDisk","Emotion Chip","Mummified Hand","Letter Opener","Sozu","Bottled Lightning","Bag of Marbles","Old Coin","Boot","Nuclear Battery","Calipers","Toolbox","Meat on the Bone","Shovel","Juzu Bracelet","Orichalcum","Red Mask","Bronze Scales","Unceasing Top"],"potions_floor_usage":[],"damage_taken":[{"damage":1,"enemies":"2 Louse","floor":1,"turns":2},{"damage":1,"enemies":"Cultist","floor":2,"turns":3},{"damage":4,"enemies":"Jaw Worm","floor":4,"turns":4},{"damage":24,"enemies":"Lagavulin","floor":7,"turns":6},{"damage":5,"enemies":"Looter","floor":10,"turns":2},{"damage":26,"enemies":"3 Sentries","floor":12,"turns":5},{"damage":13,"enemies":"Gremlin Gang","floor":13,"turns":4},{"damage":18,"enemies":"Slime Boss","floor":16,"turns":8},{"damage":35,"enemies":"2 Thieves","floor":18,"turns":4},{"damage":5,"enemies":"Spheric Guardian","floor":20,"turns":3},{"damage":16,"enemies":"Shelled Parasite and Fungi","floor":21,"turns":4},{"damage":12,"enemies":"Centurion and Healer","floor":24,"turns":7},{"damage":0,"enemies":"Gremlin Leader","floor":25,"turns":6},{"damage":20,"enemies":"Slavers","floor":28,"turns":4},{"damage":15,"enemies":"Sentry and Sphere","floor":29,"turns":4},{"damage":5,"enemies":"Shelled Parasite and Fungi","floor":30,"turns":4},{"damage":35,"enemies":"Collector","floor":33,"turns":9},{"damage":0,"enemies":"Orb Walker","floor":35,"turns":3},{"damage":0,"enemies":"3 Darklings","floor":37,"turns":3},{"damage":0,"enemies":"Sphere and 2 Shapes","floor":39,"turns":3},{"damage":0,"enemies":"Nemesis","floor":40,"turns":5},{"damage":0,"enemies":"Reptomancer","floor":42,"turns":2},{"damage":28,"enemies":"Time Eater","floor":50,"turns":9}],"seed_played":"1347292045803124175","potions_obtained":[{"floor":1,"key":"AttackPotion"},{"floor":4,"key":"FocusPotion"},{"floor":10,"key":"SpeedPotion"},{"floor":12,"key":"GamblersBrew"}],"is_trial":false,"path_per_floor":["M","M","?","M","$","R","E","?","T","M","R","E","M","?","R","B",null,"M","$","M","M","?","R","M","E","T","R","E","M","M","T","R","B",null,"M","$","M","?","M","E","R","E","T","R","?","?","R","?","R","B",null],"character_chosen":"DEFECT","items_purchased":["Ancient Tea Set","Storm","Calipers","Defragment","FTL","Toolbox"],"campfire_rested":3,"item_purchase_floors":[5,19,36,36,36,36],"current_hp_per_floor":[81,80,69,65,65,65,48,48,48,50,50,31,25,25,49,38,82,54,54,49,40,40,64,59,73,73,73,60,52,47,47,71,43,82,82,82,82,82,82,82,82,82,82,82,82,82,82,82,82,61],"gold":0,"neow_bonus":"TEN_PERCENT_HP_BONUS","is_prod":false,"is_daily":false,"chose_seed":false,"campfire_upgraded":4,"win_rate":0,"timestamp":1547393173,"path_taken":["M","M","?","M","$","R","E","?","T","?","R","E","M","?","R","BOSS","M","$","M","M","?","R","M","E","T","R","E","M","?","?","R","BOSS","M","$","M","?","M","E","R","E","T","R","?","?","R","?","R","BOSS"],"build_version":"2019-01-10","purchased_purges":1,"victory":true,"max_hp_per_floor":[82,82,82,82,82,82,82,82,82,82,82,82,82,82,82,82,82,82,82,82,82,82,82,82,82,82,82,82,82,82,82,82,82,82,82,82,82,82,82,82,82,82,82,82,82,82,82,82,82,82],"card_choices":[{"not_picked":["Turbo","Cold Snap"],"picked":"Tempest","floor":1},{"not_picked":["Steam","Static Discharge"],"picked":"Hologram","floor":2},{"not_picked":["Blizzard","Beam Cell"],"picked":"Self Repair","floor":4},{"not_picked":["Hyperbeam","Steam"],"picked":"Genetic Algorithm","floor":7},{"not_picked":["Turbo","Static Discharge"],"picked":"Capacitor","floor":10},{"not_picked":["Recycle","Skim"],"picked":"Chill","floor":12},{"not_picked":["Cold Snap","Barrage"],"picked":"Double Energy","floor":13},{"not_picked":["Biased Cognition","Machine Learning"],"picked":"Echo Form","floor":16},{"not_picked":["Hologram","Barrage"],"picked":"White Noise+1","floor":18},{"not_picked":["Turbo","Leap"],"picked":"Hologram","floor":20},{"not_picked":["Streamline","Aggregate"],"picked":"Sunder","floor":21},{"not_picked":["Redo","Ball Lightning"],"picked":"Coolheaded+1","floor":24},{"not_picked":["Barrage","Beam Cell"],"picked":"Sweeping Beam","floor":25},{"not_picked":["Genetic Algorithm","Steam Power"],"picked":"Coolheaded","floor":28},{"not_picked":["Leap","Redo"],"picked":"Skim","floor":29},{"not_picked":["Force Field","Double Energy"],"picked":"White Noise","floor":30},{"not_picked":["Core Surge","All For One"],"picked":"Rainbow","floor":33},{"not_picked":["Rebound+1","Hologram","Steam"],"picked":"SKIP","floor":35},{"not_picked":["Streamline","Cold Snap+1","Rebound+1"],"picked":"SKIP","floor":37},{"not_picked":["Metamorphosis","Trip"],"picked":"Discovery","floor":38},{"not_picked":["Darkness","Gash"],"picked":"Coolheaded+1","floor":39},{"not_picked":["Hologram","Turbo"],"picked":"Tempest+1","floor":40},{"not_picked":["Ball Lightning+1","Echo Form"],"picked":"Consume","floor":42}],"player_experience":164804,"relics_obtained":[{"floor":7,"key":"DataDisk"},{"floor":9,"key":"Mummified Hand"},{"floor":12,"key":"Letter Opener"},{"floor":25,"key":"Bottled Lightning"},{"floor":26,"key":"Bag of Marbles"},{"floor":28,"key":"Old Coin"},{"floor":31,"key":"Boot"},{"floor":40,"key":"Meat on the Bone"},{"floor":42,"key":"Shovel"},{"floor":43,"key":"Juzu Bracelet"},{"floor":44,"key":"Orichalcum"},{"floor":47,"key":"Bronze Scales"},{"floor":49,"key":"Unceasing Top"}],"event_choices":[{"damage_healed":0,"gold_gain":75,"player_choice":"Gather Gold","damage_taken":11,"max_hp_gain":0,"max_hp_loss":0,"event_name":"World of Goop","floor":3,"gold_loss":0},{"damage_healed":0,"gold_gain":0,"player_choice":"Gave Potion","damage_taken":0,"relics_obtained":["Emotion Chip"],"max_hp_gain":0,"max_hp_loss":0,"event_name":"WeMeetAgain","floor":8,"gold_loss":0},{"cards_removed":["Strike_B"],"damage_healed":0,"gold_gain":0,"player_choice":"Forget","damage_taken":0,"max_hp_gain":0,"max_hp_loss":0,"event_name":"Living Wall","floor":14,"gold_loss":0},{"damage_healed":0,"gold_gain":0,"player_choice":"2 cards matched","damage_taken":0,"max_hp_gain":0,"max_hp_loss":0,"event_name":"Match and Keep!","floor":22,"gold_loss":0,"cards_obtained":["Zap","Buffer"]},{"damage_healed":0,"gold_gain":0,"player_choice":"Memory 1","damage_taken":0,"max_hp_gain":0,"max_hp_loss":0,"event_name":"SensoryStone","floor":38,"gold_loss":0},{"damage_healed":0,"gold_gain":0,"player_choice":"Paid","damage_taken":0,"relics_obtained":["Red Mask"],"max_hp_gain":0,"max_hp_loss":0,"event_name":"Tomb of Lord Red Mask","floor":45,"gold_loss":294},{"damage_healed":0,"gold_gain":0,"cards_transformed":["Strike_B"],"player_choice":"Transformed","damage_taken":0,"max_hp_gain":0,"max_hp_loss":0,"event_name":"Transmorgrifier","floor":46,"gold_loss":0,"cards_obtained":["Rainbow"]},{"cards_removed":["Strike_B"],"damage_healed":0,"gold_gain":0,"player_choice":"Purged","damage_taken":0,"max_hp_gain":0,"max_hp_loss":0,"event_name":"Purifier","floor":48,"gold_loss":0}],"is_beta":false,"boss_relics":[{"not_picked":["Calling Bell","Runic Pyramid"],"picked":"Sozu"},{"not_picked":["Cursed Key","Tiny House"],"picked":"Nuclear Battery"}],"items_purged_floors":[36],"is_endless":false,"potions_floor_spawned":[1,4,10,12,18,20,24,25,37,39,42],"ascension_level":1}