{"gold_per_floor":[113,113,113,113,132,173,173,68,93,114,114,64,64,89,89,214,214,234,234,88,73,73],"floor_reached":22,"playtime":1648,"items_purged":["Strike_B"],"score":207,"play_id":"fa4c8d96-eeef-473a-89dd-95a3d4b95ffc","local_time":"20181224183859","is_ascension_mode":false,"campfire_choices":[{"data":"Rainbow","floor":7,"key":"SMITH"},{"data":"Storm","floor":11,"key":"SMITH"},{"data":"Glacier","floor":15,"key":"SMITH"}],"neow_cost":"NONE","seed_source_timestamp":2277279686893043,"circlet_count":0,"master_deck":["Strike_B","Strike_B","Defend_B","Defend_B","Defend_B","Defend_B","Zap","Dualcast","Storm+1","Ball Lightning","Rainbow+1","Glacier+1","Blizzard","Blizzard","Hologram","Electrodynamics","Doom and Gloom","Self Repair"],"relics":["FrozenCore","NeowsBlessing","Golden Idol","FaceOfCleric","Ancient Tea Set","Bronze Scales","Bag of Marbles"],"potions_floor_usage":[],"damage_taken":[{"damage":0,"enemies":"Small Slimes","floor":1,"turns":1},{"damage":0,"enemies":"2 Louse","floor":5,"turns":1},{"damage":0,"enemies":"Lagavulin","floor":6,"turns":1},{"damage":4,"enemies":"Cultist","floor":10,"turns":3},{"damage":0,"enemies":"Blue Slaver","floor":14,"turns":3},{"damage":51,"enemies":"Hexaghost","floor":16,"turns":11},{"damage":21,"enemies":"Spheric Guardian","floor":18,"turns":8},{"damage":19,"enemies":"2 Thieves","floor":21,"turns":4},{"damage":15,"enemies":"Colosseum Slavers","floor":22,"turns":5},{"damage":45,"enemies":"Colosseum Nobs","floor":22,"turns":3}],"seed_played":"-7476782361899279226","potions_obtained":[{"floor":1,"key":"Poison Potion"},{"floor":5,"key":"SteroidPotion"},{"floor":16,"key":"SteroidPotion"}],"is_trial":false,"path_per_floor":["M","?","?","?","M","E","R","$","T","M","R","?","T","M","R","B",null,"M","?","$","M","?"],"character_chosen":"DEFECT","items_purchased":["Glacier","Blizzard","Self Repair"],"campfire_rested":0,"item_purchase_floors":[8,8,20],"current_hp_per_floor":[75,75,68,68,69,70,70,70,70,67,67,67,67,68,68,18,80,60,60,60,49,0],"gold":73,"neow_bonus":"THREE_ENEMY_KILL","is_prod":false,"is_daily":false,"chose_seed":false,"campfire_upgraded":3,"win_rate":0.0,"timestamp":1545673139,"path_taken":["M","?","?","?","?","E","R","$","T","M","R","?","?","M","R","BOSS","M","?","$","M","?"],"build_version":"2018-12-20","purchased_purges":1,"victory":false,"max_hp_per_floor":[75,75,75,75,76,77,77,77,77,78,78,78,78,79,79,80,80,81,81,81,82,83],"card_choices":[{"not_picked":["Barrage","Double Energy"],"picked":"Storm","floor":1},{"not_picked":["Streamline","Beam Cell"],"picked":"Ball Lightning","floor":5},{"not_picked":["Hologram","BootSequence"],"picked":"Rainbow","floor":6},{"not_picked":["Undo","Cold Snap"],"picked":"Blizzard","floor":10},{"not_picked":["Steam","Streamline"],"picked":"Hologram","floor":14},{"not_picked":["Machine Learning","Biased Cognition"],"picked":"Electrodynamics","floor":16},{"not_picked":["Coolheaded","Rip and Tear"],"picked":"Doom and Gloom","floor":18},{"not_picked":["Sweeping Beam","Rebound","Hologram"],"picked":"SKIP","floor":21}],"player_experience":20365,"relics_obtained":[{"floor":6,"key":"Ancient Tea Set"},{"floor":9,"key":"Bronze Scales"},{"floor":13,"key":"Bag of Marbles"}],"event_choices":[{"damage_healed":0,"gold_gain":0,"player_choice":"Take Wound","damage_taken":0,"relics_obtained":["Golden Idol"],"max_hp_gain":0,"max_hp_loss":0,"event_name":"Golden Idol","floor":2,"gold_loss":0,"cards_obtained":["Injury"]},{"cards_removed":["Injury"],"damage_healed":0,"gold_gain":0,"player_choice":"Card Removal","damage_taken":7,"max_hp_gain":0,"max_hp_loss":0,"event_name":"Golden Wing","floor":3,"gold_loss":0},{"damage_healed":0,"gold_gain":0,"player_choice":"Trade","damage_taken":0,"relics_obtained":["FaceOfCleric"],"max_hp_gain":0,"max_hp_loss":0,"event_name":"FaceTrader","floor":4,"gold_loss":0},{"cards_removed":["Strike_B"],"damage_healed":0,"gold_gain":0,"player_choice":"Card Removal","damage_taken":0,"max_hp_gain":0,"max_hp_loss":0,"event_name":"The Cleric","floor":12,"gold_loss":50},{"damage_healed":0,"gold_gain":0,"player_choice":"Ignored","damage_taken":0,"max_hp_gain":0,"max_hp_loss":0,"event_name":"Ghosts","floor":19,"gold_loss":0},{"damage_healed":0,"gold_gain":0,"player_choice":"Fight","damage_taken":0,"max_hp_gain":0,"max_hp_loss":0,"event_name":"Colosseum","floor":22,"gold_loss":0},{"damage_healed":0,"gold_gain":0,"player_choice":"Fought Nobs","damage_taken":0,"max_hp_gain":0,"max_hp_loss":0,"event_name":"Colosseum","floor":22,"gold_loss":0}],"is_beta":false,"boss_relics":[{"not_picked":["Empty Cage","Runic Dome"],"picked":"FrozenCore"}],"items_purged_floors":[20],"is_endless":false,"potions_floor_spawned":[1,5,16,22],"killed_by":"Colosseum Nobs","ascension_level":0}