{"gold_per_floor":[117,292,303,303,303,317,332,16,42,42,56,131,150,181,181,284,284,297,73,88,3,16,16,16,27,53,53,53,66,100,114,114,114],"floor_reached":33,"playtime":4134,"items_purged":["Strike_B"],"score":269,"play_id":"7cc24c01-7b67-4cd2-8013-8b6117621611","local_time":"20181224170913","is_ascension_mode":false,"campfire_choices":[{"floor":15,"key":"REST"},{"floor":23,"key":"REST"},{"floor":32,"key":"REST"}],"neow_cost":"NONE","seed_source_timestamp":2268687478298038,"circlet_count":0,"master_deck":["Strike_B","Strike_B","Strike_B","Defend_B","Defend_B","Defend_B","Defend_B","Zap","Dualcast","Heatsinks","Doubt","Hello World+1","Conserve Battery","Glacier","Capacitor+1","Melter","Electrodynamics+1","Biased Cognition+1","Buffer+1","White Noise+1","Aggregate"],"relics":["Cracked Core","NeowsBlessing","Omamori","Frozen Egg 2","Centennial Puzzle","Bag of Marbles","Lizard Tail","Ancient Tea Set","Oddly Smooth Stone","Boot","Mummified Hand"],"potions_floor_usage":[],"damage_taken":[{"damage":0,"enemies":"2 Louse","floor":1,"turns":1},{"damage":0,"enemies":"Jaw Worm","floor":3,"turns":1},{"damage":0,"enemies":"Cultist","floor":6,"turns":1},{"damage":21,"enemies":"Large Slime","floor":7,"turns":7},{"damage":1,"enemies":"Red Slaver","floor":11,"turns":6},{"damage":1,"enemies":"Blue Slaver","floor":13,"turns":5},{"damage":9,"enemies":"3 Sentries","floor":14,"turns":4},{"damage":30,"enemies":"Slime Boss","floor":16,"turns":5},{"damage":0,"enemies":"Spheric Guardian","floor":18,"turns":3},{"damage":8,"enemies":"Chosen","floor":20,"turns":6},{"damage":35,"enemies":"Shelled Parasite and Fungi","floor":22,"turns":6},{"damage":4,"enemies":"Snecko","floor":25,"turns":6},{"damage":13,"enemies":"Sentry and Sphere","floor":29,"turns":5},{"damage":38,"enemies":"Slavers","floor":30,"turns":4},{"damage":0,"enemies":"Centurion and Healer","floor":31,"turns":4},{"damage":95,"enemies":"Automaton","floor":33,"turns":16}],"seed_played":"7763696733131383023","potions_obtained":[{"floor":6,"key":"Poison Potion"},{"floor":7,"key":"AttackPotion"},{"floor":10,"key":"GamblersBrew"},{"floor":10,"key":"PowerPotion"},{"floor":10,"key":"SmokeBomb"}],"is_trial":false,"path_per_floor":["M","?","M","?","?","M","M","$","T","?","M","?","M","E","R","B",null,"M","$","M","?","M","R","?","M","T","?","$","M","E","M","R","B"],"character_chosen":"DEFECT","items_purchased":["Frozen Egg 2","Capacitor+1","Ancient Tea Set"],"campfire_rested":3,"item_purchase_floors":[8,8,19],"current_hp_per_floor":[75,75,75,75,75,75,54,54,54,54,53,42,41,32,54,24,75,75,75,67,67,32,54,54,50,50,75,75,62,24,24,46,0],"gold":114,"neow_bonus":"THREE_ENEMY_KILL","is_prod":false,"is_daily":false,"chose_seed":false,"campfire_upgraded":0,"win_rate":0.0,"timestamp":1545667753,"path_taken":["M","?","M","?","?","?","M","$","T","?","?","?","M","E","R","BOSS","M","$","M","?","M","R","?","?","T","?","?","?","E","?","R","BOSS"],"build_version":"2018-12-20","purchased_purges":1,"victory":false,"max_hp_per_floor":[75,75,75,75,75,75,75,75,75,75,75,75,75,75,75,75,75,75,75,75,75,75,75,75,75,75,75,75,75,75,75,75,75],"card_choices":[{"not_picked":["Conserve Battery","Auto Shields"],"picked":"Heatsinks","floor":1},{"not_picked":["Reprogram","Gash"],"picked":"Hello World","floor":3},{"not_picked":["Leap","Ball Lightning"],"picked":"Conserve Battery","floor":6},{"not_picked":["Defragment","Doom and Gloom"],"picked":"Glacier","floor":7},{"not_picked":["Sweeping Beam","Blizzard"],"picked":"Melter","floor":11},{"not_picked":["BootSequence","Coolheaded"],"picked":"Electrodynamics+1","floor":13},{"not_picked":["Thunder Strike","Ball Lightning"],"picked":"Biased Cognition+1","floor":14},{"not_picked":["Machine Learning+1","Electrodynamics+1"],"picked":"Buffer+1","floor":16},{"not_picked":["Gash","Cold Snap","Ball Lightning"],"picked":"SKIP","floor":18},{"not_picked":["Barrage","Compile Driver+1"],"picked":"Doom and Gloom","floor":20},{"not_picked":["Force Field","Sweeping Beam","Fusion+1"],"picked":"SKIP","floor":22},{"not_picked":["Leap+1","Conserve Battery","Barrage"],"picked":"SKIP","floor":25},{"not_picked":["Streamline","Sweeping Beam"],"picked":"White Noise+1","floor":29},{"not_picked":["Leap+1","Ball Lightning"],"picked":"Aggregate","floor":30},{"not_picked":["Aggregate","Leap","Hello World+1"],"picked":"SKIP","floor":31}],"player_experience":14325,"relics_obtained":[{"floor":9,"key":"Centennial Puzzle"},{"floor":14,"key":"Bag of Marbles"},{"floor":26,"key":"Boot"},{"floor":30,"key":"Mummified Hand"}],"event_choices":[{"damage_healed":0,"gold_gain":175,"player_choice":"AGREE","damage_taken":0,"max_hp_gain":0,"max_hp_loss":0,"event_name":"Liars Game","floor":2,"gold_loss":0,"cards_obtained":["Doubt"]},{"damage_healed":0,"gold_gain":0,"player_choice":"Box","damage_taken":0,"relics_obtained":["Omamori"],"max_hp_gain":0,"max_hp_loss":0,"event_name":"Big Fish","floor":4,"gold_loss":0,"cards_obtained":["Regret"]},{"cards_removed":["Regret"],"damage_healed":0,"gold_gain":0,"player_choice":"Purged","damage_taken":0,"max_hp_gain":0,"max_hp_loss":0,"event_name":"Purifier","floor":5,"gold_loss":0},{"damage_healed":0,"gold_gain":0,"player_choice":"Got Potions","damage_taken":0,"max_hp_gain":0,"max_hp_loss":0,"event_name":"Lab","floor":10,"gold_loss":0},{"damage_healed":0,"gold_gain":75,"player_choice":"Gather Gold","damage_taken":11,"max_hp_gain":0,"max_hp_loss":0,"event_name":"World of Goop","floor":12,"gold_loss":0},{"damage_healed":0,"gold_gain":0,"player_choice":"Obtained Relic","damage_taken":0,"relics_obtained":["Oddly Smooth Stone"],"max_hp_gain":0,"max_hp_loss":0,"event_name":"Addict","floor":21,"gold_loss":85},{"damage_healed":0,"gold_gain":0,"player_choice":"Forge","damage_taken":0,"max_hp_gain":0,"max_hp_loss":0,"event_name":"Accursed Blacksmith","floor":24,"gold_loss":0,"cards_upgraded":["Hello World"]},{"cards_removed":["Doom and Gloom"],"damage_healed":25,"gold_gain":0,"player_choice":"Offered Uncommon","damage_taken":0,"max_hp_gain":0,"max_hp_loss":0,"event_name":"Bonfire Elementals","floor":27,"gold_loss":0}],"is_beta":false,"boss_relics":[{"not_picked":["Coffee Dripper","Snecko Eye"],"picked":"Lizard Tail"}],"items_purged_floors":[19],"is_endless":false,"potions_floor_spawned":[6,7,11,14,18,20,29],"killed_by":"Automaton","ascension_level":0}