{"gold_per_floor":[114,214,229,244,19,49,64,94,94,109,124,139,39,54,54,154,154,169,169,44,74,74,104,104,134,134,134,149,149,179,194,194,294,294,309,309,324,339,354,354,369,384,384,414,441,53,53,68,68,68],"floor_reached":50,"playtime":3570,"items_purged":["Defend_B","Strike_B","Strike_B","Strike_B"],"score":632,"play_id":"151c6ad5-51d3-4ceb-b905-8f06d2892fe5","local_time":"20181005155702","daily_mods":["Specialized","Colorless Cards","Night Terrors"],"is_ascension_mode":false,"campfire_choices":[{"floor":15.0,"key":"REST"},{"floor":32.0,"key":"REST"},{"data":"Apotheosis","floor":40.0,"key":"SMITH"},{"data":"Bandage Up","floor":47,"key":"SMITH"},{"floor":49,"key":"REST"}],"neow_cost":"","seed_source_timestamp":0,"circlet_count":0,"master_deck":["Strike_B","Defend_B+1","Defend_B","Zap","Dualcast","Flash of Steel","Flash of Steel","Flash of Steel","Flash of Steel","Flash of Steel","Ball Lightning","Discovery","Genetic Algorithm","Redo+1","Beam Cell","Cold Snap","Streamline","Finesse","Ball Lightning","Master of Strategy","Apotheosis+1","Bandage Up+1","Discovery","Hologram+1","Hyperbeam","Panache","Finesse","White Noise+1","Double Energy+1","Impatience","Chill+1"],"special_seed":17809,"relics":["FrozenCore","DataDisk","Dead Branch","War Paint","Dodecahedron","Sozu","Cables","Orichalcum","Darkstone Periapt","Incense Burner","Letter Opener","MawBank","Mercury Hourglass"],"potions_floor_usage":[],"damage_taken":[{"damage":7.0,"enemies":"Small Slimes","floor":1.0,"turns":2.0},{"damage":0.0,"enemies":"Cultist","floor":3.0,"turns":2.0},{"damage":6.0,"enemies":"Jaw Worm","floor":4.0,"turns":2.0},{"damage":5.0,"enemies":"Gremlin Nob","floor":6.0,"turns":3.0},{"damage":12.0,"enemies":"3 Louse","floor":7.0,"turns":2.0},{"damage":24.0,"enemies":"3 Sentries","floor":8.0,"turns":5.0},{"damage":12.0,"enemies":"Blue Slaver","floor":10.0,"turns":2.0},{"damage":0.0,"enemies":"Exordium Wildlife","floor":11.0,"turns":2.0},{"damage":0.0,"enemies":"Large Slime","floor":12.0,"turns":4.0},{"damage":0.0,"enemies":"Looter","floor":14.0,"turns":2.0},{"damage":24.0,"enemies":"Hexaghost","floor":16.0,"turns":5.0},{"damage":0.0,"enemies":"Shell Parasite","floor":18.0,"turns":3.0},{"damage":0.0,"enemies":"3 Byrds","floor":21.0,"turns":3.0},{"damage":6.0,"enemies":"Gremlin Leader","floor":23.0,"turns":8.0},{"damage":18.0,"enemies":"Slavers","floor":25.0,"turns":3.0},{"damage":0.0,"enemies":"Snecko","floor":28.0,"turns":3.0},{"damage":16.0,"enemies":"Snake Plant","floor":30.0,"turns":3.0},{"damage":6.0,"enemies":"Centurion and Healer","floor":31.0,"turns":4.0},{"damage":0.0,"enemies":"Automaton","floor":33.0,"turns":5.0},{"damage":1.0,"enemies":"Orb Walker","floor":35.0,"turns":2.0},{"damage":1.0,"enemies":"3 Shapes","floor":37.0,"turns":1.0},{"damage":0.0,"enemies":"3 Darklings","floor":38.0,"turns":3.0},{"damage":0.0,"enemies":"Maw","floor":39.0,"turns":6.0},{"damage":5.0,"enemies":"Sphere and 2 Shapes","floor":41.0,"turns":3.0},{"damage":19.0,"enemies":"4 Shapes","floor":42.0,"turns":3.0},{"damage":4.0,"enemies":"2 Orb Walkers","floor":44.0,"turns":2.0},{"damage":0.0,"enemies":"Maw","floor":45.0,"turns":4.0},{"damage":0,"enemies":"Spire Growth","floor":48,"turns":3},{"damage":72,"enemies":"Time Eater","floor":50,"turns":8}],"seed_played":"-1512193527981860122","potions_obtained":[{"floor":4.0,"key":"GamblersBrew"},{"floor":7.0,"key":"Weak Potion"},{"floor":8.0,"key":"Energy Potion"},{"floor":12.0,"key":"Dexterity Potion"},{"floor":14.0,"key":"FearPotion"}],"is_trial":false,"path_per_floor":["M","?","M","M","$","E","M","E","T","M","M","M","$","M","R","B",null,"M","?","$","M","$","E","?","E","T","T","M","$","M","M","R","B",null,"M","?","M","M","M","R","M","M","T","E","M","$","R","M","R"],"character_chosen":"DEFECT","items_purchased":["DataDisk","Mercury Hourglass"],"campfire_rested":3,"item_purchase_floors":[5,46],"current_hp_per_floor":[68,68,68,62,62,57,45,21,21,9,9,9,9,9,70,46,70,70,57,57,57,57,51,51,33,33,33,33,33,21,21,70,70,70,69,64,63,69,70,70,69,50,50,50,54,54,54,54,65,0],"gold":68,"neow_bonus":"","is_prod":false,"is_daily":true,"chose_seed":false,"campfire_upgraded":2,"win_rate":0,"timestamp":1538769422,"path_taken":["M","?","M","M","$","E","M","E","T","M","M","M","$","M","R","BOSS","M","?","$","M","$","E","?","E","T","?","M","$","M","?","R","BOSS","M","?","M","M","M","R","?","M","T","E","M","$","R","?","R","BOSS"],"build_version":"2018-10-04","purchased_purges":4,"victory":false,"max_hp_per_floor":[75,75,75,75,75,75,75,75,75,75,75,75,75,75,70,70,70,70,75,75,75,75,75,75,75,75,75,75,75,75,75,70,70,70,70,70,70,70,70,70,70,70,70,70,70,70,70,70,65,65],"card_choices":[{"not_picked":["Rebound","Stack"],"picked":"Ball Lightning","floor":1.0},{"not_picked":["Cold Snap","Doom and Gloom"],"picked":"Discovery","floor":3.0},{"not_picked":["Recycle","Coolheaded"],"picked":"Genetic Algorithm","floor":4.0},{"not_picked":["Redo","Compile Driver","Stack"],"picked":"SKIP","floor":6.0},{"not_picked":["Gash","Go for the Eyes"],"picked":"Redo","floor":7.0},{"not_picked":["Redo","Steam"],"picked":"Beam Cell","floor":8.0},{"not_picked":["Coolheaded","Redo"],"picked":"Cold Snap","floor":10.0},{"not_picked":["Static Discharge","Gash"],"picked":"Streamline","floor":11.0},{"not_picked":["Gash","Ball Lightning"],"picked":"Finesse","floor":12.0},{"not_picked":["Recycle","Coolheaded"],"picked":"Ball Lightning","floor":14.0},{"not_picked":["Transmutation","Seek"],"picked":"Master of Strategy","floor":16.0},{"not_picked":["Purity","Go for the Eyes+1","Ball Lightning+1"],"picked":"SKIP","floor":18.0},{"not_picked":["Go for the Eyes","Steam+1","Auto Shields"],"picked":"SKIP","floor":21.0},{"not_picked":["Melter","Stack"],"picked":"Apotheosis","floor":23.0},{"not_picked":["Static Discharge","Gash"],"picked":"Bandage Up","floor":25.0},{"not_picked":["Ball Lightning","Compile Driver"],"picked":"Discovery","floor":28.0},{"not_picked":["Coolheaded","Discovery","Rebound"],"picked":"SKIP","floor":30.0},{"not_picked":["Ball Lightning","Finesse"],"picked":"Hologram+1","floor":31.0},{"not_picked":["Buffer","Apotheosis"],"picked":"Hyperbeam","floor":33.0},{"not_picked":["Stack","Leap+1","Sweeping Beam"],"picked":"SKIP","floor":35.0},{"not_picked":["Jack Of All Trades","HandOfGreed"],"picked":"Panache","floor":36.0},{"not_picked":["Madness","Deep Breath"],"picked":"Finesse","floor":36.0},{"not_picked":["Go for the Eyes+1","Melter","Beam Cell"],"picked":"SKIP","floor":37.0},{"not_picked":["Heatsinks+1","Cold Snap+1"],"picked":"White Noise+1","floor":38.0},{"not_picked":["Forethought","Cold Snap"],"picked":"Double Energy+1","floor":39.0},{"not_picked":["Leap+1","Rebound+1","Ball Lightning+1"],"picked":"SKIP","floor":41.0},{"not_picked":["Sweeping Beam","Gash","Beam Cell"],"picked":"SKIP","floor":42.0},{"not_picked":["Barrage","Leap","Sweeping Beam+1"],"picked":"SKIP","floor":44.0},{"not_picked":["Consume","Gash"],"picked":"Impatience","floor":45.0},{"not_picked":["Transmutation","Go for the Eyes"],"picked":"Chill+1","floor":48}],"player_experience":168444,"relics_obtained":[{"floor":6.0,"key":"Dead Branch"},{"floor":8.0,"key":"War Paint"},{"floor":9.0,"key":"Dodecahedron"},{"floor":23.0,"key":"Cables"},{"floor":25.0,"key":"Orichalcum"},{"floor":26.0,"key":"Darkstone Periapt"},{"floor":27.0,"key":"Incense Burner"},{"floor":43.0,"key":"Letter Opener"},{"floor":44.0,"key":"MawBank"}],"event_choices":[{"event_name":"Golden Shrine","player_choice":"Pray","floor":2.0,"damage_taken":0.0},{"event_name":"Forgotten Altar","player_choice":"Shed Blood","floor":19.0,"damage_taken":0.0},{"event_name":"Back to Basics","player_choice":"Elegance","floor":24.0,"damage_taken":0.0},{"event_name":"SensoryStone","player_choice":"Memory 2","floor":36.0,"damage_taken":0.0}],"is_beta":false,"boss_relics":[{"not_picked":["Snecko Eye","Lizard Tail"],"picked":"Sozu"},{"not_picked":["White Beast Statue","Velvet Choker"],"picked":"FrozenCore"}],"items_purged_floors":[5,13,20,46],"is_endless":false,"potions_floor_spawned":[4,7,8,12,14,21,23,25,31,37,39,42,48],"killed_by":"Time Eater","ascension_level":0}