{"gold_per_floor":[116,116,216,227,227,227,258,258,258,271,283,315,326,5,5,101,101,114,7,24,24,24,24,40,71,71,71],"floor_reached":27,"playtime":1743,"items_purged":["Strike_R"],"score":279,"play_id":"284afdfa-238a-411d-8fcd-29beda853afe","local_time":"20181218222951","is_ascension_mode":true,"campfire_choices":[{"data":"Demon Form","floor":6,"key":"SMITH"},{"data":"Body Slam","floor":8,"key":"SMITH"},{"floor":15,"key":"REST"},{"floor":23,"key":"REST"}],"neow_cost":"NONE","seed_source_timestamp":596818688378469,"circlet_count":0,"master_deck":["Strike_R","Strike_R","Strike_R","Strike_R","Defend_R","Defend_R","Defend_R","Defend_R","Bash+1","Demon Form+1","Body Slam+1","Entrench","Metallicize","Ghostly Armor","Apotheosis","Demon Form","Inflame","Mayhem","Shame","Limit Break"],"relics":["Burning Blood","NeowsBlessing","Regal Pillow","Mummified Hand","Blue Candle","Membership Card","Philosopher\u0027s Stone","Girya","Lantern"],"potions_floor_usage":[13,25],"damage_taken":[{"damage":0,"enemies":"Small Slimes","floor":1,"turns":1},{"damage":0,"enemies":"2 Louse","floor":4,"turns":1},{"damage":0,"enemies":"3 Sentries","floor":7,"turns":1},{"damage":1,"enemies":"Cultist","floor":10,"turns":3},{"damage":11,"enemies":"Large Slime","floor":11,"turns":4},{"damage":25,"enemies":"Gremlin Nob","floor":12,"turns":4},{"damage":12,"enemies":"Lots of Slimes","floor":13,"turns":3},{"damage":30,"enemies":"Hexaghost","floor":16,"turns":9},{"damage":7,"enemies":"Chosen","floor":18,"turns":6},{"damage":58,"enemies":"3 Byrds","floor":20,"turns":6},{"damage":33,"enemies":"3 Cultists","floor":24,"turns":6},{"damage":34,"enemies":"Gremlin Leader","floor":25,"turns":6},{"damage":34,"enemies":"Cultist and Chosen","floor":27,"turns":4}],"seed_played":"-3836667238568270641","potions_obtained":[{"floor":4,"key":"FairyPotion"},{"floor":12,"key":"Explosive Potion"},{"floor":13,"key":"SteroidPotion"},{"floor":20,"key":"FearPotion"}],"is_trial":false,"path_per_floor":["M","?","?","M","?","R","E","R","T","M","M","E","M","$","R","B",null,"M","$","M","?","?","R","M","E","T","M"],"character_chosen":"IRONCLAD","items_purchased":["Membership Card","Apotheosis","Inflame","Mayhem"],"campfire_rested":2,"item_purchase_floors":[14,14,19,19],"current_hp_per_floor":[80,85,85,85,85,85,85,85,85,85,80,61,55,55,85,61,85,84,84,32,32,32,72,45,17,17,0],"gold":71,"neow_bonus":"THREE_ENEMY_KILL","is_prod":false,"is_daily":false,"chose_seed":false,"campfire_upgraded":2,"win_rate":0,"timestamp":1545190191,"path_taken":["M","?","?","?","?","R","E","R","T","M","M","E","M","$","R","BOSS","M","?","?","?","?","R","M","E","T","M"],"build_version":"2018-12-13","purchased_purges":1,"victory":false,"max_hp_per_floor":[80,85,85,85,85,85,85,85,85,85,85,85,85,85,85,85,85,85,85,85,85,85,85,85,85,85,85],"card_choices":[{"not_picked":["Thunderclap","Heavy Blade","Flex"],"picked":"SKIP","floor":1},{"not_picked":["Heavy Blade","Carnage"],"picked":"Demon Form","floor":4},{"not_picked":["Blood for Blood","Sever Soul"],"picked":"Body Slam","floor":7},{"not_picked":["Dual Wield","Second Wind"],"picked":"Entrench","floor":10},{"not_picked":["Flex","Perfected Strike","Headbutt"],"picked":"SKIP","floor":11},{"not_picked":["Feel No Pain","True Grit"],"picked":"Metallicize","floor":12},{"not_picked":["Second Wind","Corruption"],"picked":"Ghostly Armor","floor":13},{"not_picked":["Offering","Bludgeon"],"picked":"Demon Form","floor":16},{"not_picked":["Headbutt","Rampage","Anger+1"],"picked":"SKIP","floor":18},{"not_picked":["Armaments","Searing Blow","Thunderclap"],"picked":"SKIP","floor":20},{"not_picked":["Sword Boomerang","Blood for Blood","Iron Wave"],"picked":"SKIP","floor":24},{"not_picked":["Armaments","Clothesline+1"],"picked":"Limit Break","floor":25}],"player_experience":732998,"relics_obtained":[{"floor":7,"key":"Regal Pillow"},{"floor":9,"key":"Mummified Hand"},{"floor":12,"key":"Blue Candle"},{"floor":25,"key":"Lantern"}],"event_choices":[{"damage_healed":0,"gold_gain":0,"player_choice":"Donut","damage_taken":0,"max_hp_gain":5,"max_hp_loss":0,"event_name":"Big Fish","floor":2,"gold_loss":0},{"damage_healed":0,"gold_gain":100,"player_choice":"Pray","damage_taken":0,"max_hp_gain":0,"max_hp_loss":0,"event_name":"Golden Shrine","floor":3,"gold_loss":0},{"damage_healed":0,"gold_gain":0,"player_choice":"Upgraded","damage_taken":0,"max_hp_gain":0,"max_hp_loss":0,"event_name":"Upgrade Shrine","floor":5,"gold_loss":0,"cards_upgraded":["Bash"]},{"damage_healed":0,"gold_gain":0,"player_choice":"Ignored","damage_taken":0,"max_hp_gain":0,"max_hp_loss":0,"event_name":"Beggar","floor":21,"gold_loss":0},{"damage_healed":0,"gold_gain":0,"player_choice":"Stole Relic","damage_taken":0,"relics_obtained":["Girya"],"max_hp_gain":0,"max_hp_loss":0,"event_name":"Addict","floor":22,"gold_loss":0,"cards_obtained":["Shame"]}],"is_beta":false,"boss_relics":[{"not_picked":["Eternal Feather","Runic Cube"],"picked":"Philosopher\u0027s Stone"}],"items_purged_floors":[14],"is_endless":false,"potions_floor_spawned":[4,12,13,20],"killed_by":"Cultist and Chosen","ascension_level":1}