{"gold_per_floor":[217,167,65,84,84,128,128,128],"floor_reached":8,"playtime":417,"items_purged":[],"score":59,"play_id":"3ec230aa-d4a4-428a-80ec-8b5958d20ceb","local_time":"20190206134827","is_ascension_mode":true,"campfire_choices":[],"neow_cost":"NONE","seed_source_timestamp":318475910939437,"circlet_count":0,"master_deck":["Strike_B","Strike_B","Strike_B","Defend_B","Defend_B","Defend_B","Defend_B","Zap","Dualcast","Genetic Algorithm","Streamline","Static Discharge","Ball Lightning"],"relics":["Cracked Core","Golden Idol","Bottled Flame","Art of War"],"potions_floor_usage":[],"damage_taken":[{"damage":1,"enemies":"Cultist","floor":1,"turns":4},{"damage":3,"enemies":"2 Louse","floor":4,"turns":3},{"damage":41,"enemies":"Lagavulin","floor":6,"turns":7},{"damage":10,"enemies":"Gremlin Nob","floor":8,"turns":2}],"seed_played":"-716911184770328098","potions_obtained":[],"is_trial":false,"path_per_floor":["M","?","$","M","?","E","?","E"],"character_chosen":"DEFECT","items_purchased":["Streamline","Static Discharge"],"campfire_rested":0,"item_purchase_floors":[3,3],"current_hp_per_floor":[74,74,74,71,53,12,9,0],"gold":128,"neow_bonus":"HUNDRED_GOLD","is_prod":false,"is_daily":false,"chose_seed":false,"campfire_upgraded":0,"win_rate":0,"timestamp":1549478907,"path_taken":["M","?","$","M","?","E","?","E"],"build_version":"2019-01-23","purchased_purges":0,"victory":false,"max_hp_per_floor":[75,75,75,75,75,75,75,75],"card_choices":[{"not_picked":["Beam Cell","Reprogram"],"picked":"Genetic Algorithm","floor":1},{"not_picked":["Gash","Coolheaded"],"picked":"Ball Lightning","floor":4},{"not_picked":["Amplify","Turbo","Redo"],"picked":"SKIP","floor":6}],"player_experience":192780,"relics_obtained":[{"floor":6,"key":"Bottled Flame"}],"event_choices":[{"cards_removed":["Strike_B"],"damage_healed":0,"gold_gain":0,"player_choice":"Card Removal","damage_taken":0,"max_hp_gain":0,"max_hp_loss":0,"event_name":"The Cleric","floor":2,"gold_loss":50},{"damage_healed":0,"gold_gain":0,"player_choice":"Take Damage","damage_taken":18,"relics_obtained":["Golden Idol"],"max_hp_gain":0,"max_hp_loss":0,"event_name":"Golden Idol","floor":5,"gold_loss":0},{"damage_healed":0,"gold_gain":0,"player_choice":"Success","damage_taken":3,"relics_obtained":["Art of War"],"max_hp_gain":0,"max_hp_loss":0,"event_name":"Scrap Ooze","floor":7,"gold_loss":0}],"is_beta":false,"boss_relics":[],"items_purged_floors":[],"is_endless":false,"potions_floor_spawned":[],"killed_by":"Gremlin Nob","ascension_level":2}