{"gold_per_floor":[112,112,132,146,160,188,188,221,221,240,251,263,275,292,292,387,387,405,37,55,55,66,96,96,116,165,165,80,93,93,123,123,225,225,235,235,235,83,94,94,14,45,45,61,61],"floor_reached":45,"playtime":4145,"items_purged":["Strike_B","Strike_B+1"],"score":599,"play_id":"85148dd6-83bb-4c5a-81cb-0174e754df2e","local_time":"20181006002559","is_ascension_mode":true,"campfire_choices":[{"data":"Beam Cell","floor":7,"key":"SMITH"},{"floor":15,"key":"REST"},{"floor":24,"key":"REST"},{"floor":27,"key":"REST"},{"floor":30,"key":"REST"},{"floor":32,"key":"REST"},{"data":"Redo","floor":40,"key":"SMITH"}],"neow_cost":"NONE","seed_source_timestamp":1897381472558639,"circlet_count":0,"master_deck":["Strike_B+1","Strike_B+1","Defend_B+1","Defend_B+1","Defend_B+1","Defend_B+1","Zap","Dualcast","Conserve Battery","Beam Cell+1","Sweeping Beam","Tempest","Ball Lightning","FTL","Self Repair","Redo+1","Compile Driver","Melter","Electrodynamics","Hologram","Ball Lightning","Melter+1","Tempest+1","Ball Lightning","Beam Cell","Electrodynamics","Parasite","Clumsy","Decay","Loop+1","Creative AI+1","Dramatic Entrance","Defragment+1","Heatsinks+1","Genetic Algorithm+1"],"relics":["Cracked Core","Emotion Chip","Dodecahedron","Pear","Philosopher\u0027s Stone","Mango","Orichalcum","Potion Belt","Du-Vu Doll","Toxic Egg 2","Calling Bell","Regal Pillow","Frozen Egg 2","Thread and Needle","Unceasing Top","Gremlin Horn"],"potions_floor_usage":[3,3,5,8,10,10,20,23,25,33,39,39,45],"damage_taken":[{"damage":2,"enemies":"Small Slimes","floor":1,"turns":4},{"damage":0,"enemies":"Cultist","floor":3,"turns":3},{"damage":5,"enemies":"Jaw Worm","floor":4,"turns":2},{"damage":1,"enemies":"Blue Slaver","floor":5,"turns":2},{"damage":13,"enemies":"Lagavulin","floor":6,"turns":7},{"damage":13,"enemies":"3 Sentries","floor":8,"turns":6},{"damage":1,"enemies":"Exordium Thugs","floor":10,"turns":2},{"damage":0,"enemies":"Large Slime","floor":11,"turns":4},{"damage":0,"enemies":"Looter","floor":12,"turns":2},{"damage":7,"enemies":"3 Louse","floor":13,"turns":2},{"damage":0,"enemies":"Gremlin Gang","floor":14,"turns":3},{"damage":67,"enemies":"The Guardian","floor":16,"turns":9},{"damage":0,"enemies":"Spheric Guardian","floor":18,"turns":2},{"damage":7,"enemies":"Chosen","floor":20,"turns":3},{"damage":41,"enemies":"Snake Plant","floor":22,"turns":4},{"damage":43,"enemies":"Slavers","floor":23,"turns":4},{"damage":9,"enemies":"Centurion and Healer","floor":25,"turns":5},{"damage":37,"enemies":"Shelled Parasite and Fungi","floor":29,"turns":3},{"damage":34,"enemies":"Book of Stabbing","floor":31,"turns":4},{"damage":24,"enemies":"Collector","floor":33,"turns":6},{"damage":14,"enemies":"3 Shapes","floor":35,"turns":2},{"damage":18,"enemies":"3 Darklings","floor":39,"turns":2},{"damage":58,"enemies":"2 Orb Walkers","floor":42,"turns":3},{"damage":9,"enemies":"4 Shapes","floor":44,"turns":2},{"damage":69,"enemies":"Giant Head","floor":45,"turns":6}],"seed_played":"5697527653590403315","potions_obtained":[{"floor":0,"key":"Explosive Potion"},{"floor":0,"key":"Fire Potion"},{"floor":0,"key":"SkillPotion"},{"floor":3,"key":"Fruit Juice"},{"floor":4,"key":"Explosive Potion"},{"floor":6,"key":"Dexterity Potion"},{"floor":10,"key":"Ancient Potion"},{"floor":18,"key":"Weak Potion"},{"floor":20,"key":"Fire Potion"},{"floor":23,"key":"EssenceOfSteel"},{"floor":31,"key":"FairyPotion"},{"floor":33,"key":"Regen Potion"},{"floor":39,"key":"SteroidPotion"}],"is_trial":false,"path_per_floor":["M","?","M","M","M","E","R","E","T","M","M","M","M","M","R","B",null,"M","$","M","?","M","E","R","M","T","R","?","M","R","E","R","B",null,"M","?","?","$","M","R","$","E","T","M"],"character_chosen":"DEFECT","items_purchased":["Mango","AttackPotion","Defragment+1"],"campfire_rested":5,"item_purchase_floors":[19,38,41],"current_hp_per_floor":[73,73,78,73,72,59,59,46,56,55,55,55,48,48,75,8,90,90,104,104,104,70,27,58,49,49,80,80,43,74,47,78,54,104,97,97,97,97,84,84,84,26,26,17,0],"gold":61,"neow_bonus":"THREE_SMALL_POTIONS","is_prod":false,"is_daily":false,"chose_seed":false,"campfire_upgraded":2,"win_rate":0,"timestamp":1538799959,"path_taken":["M","?","?","M","M","E","R","E","T","M","M","?","?","?","R","BOSS","M","$","M","?","M","E","R","M","T","R","?","M","R","E","R","BOSS","M","?","?","?","M","R","?","E","T","M","E"],"build_version":"2018-10-04v2","purchased_purges":2,"victory":false,"max_hp_per_floor":[75,75,80,80,80,80,80,80,90,90,90,90,90,90,90,90,90,90,104,104,104,104,104,104,104,104,104,104,104,104,104,104,104,104,104,104,104,104,104,104,104,104,104,104,104],"card_choices":[{"not_picked":["Storm","Cold Snap"],"picked":"Conserve Battery","floor":1},{"not_picked":["Ball Lightning","Blizzard"],"picked":"Beam Cell","floor":3},{"not_picked":["Hologram","Cold Snap"],"picked":"Sweeping Beam","floor":4},{"not_picked":["Sweeping Beam","Stack","Skim"],"picked":"SKIP","floor":5},{"not_picked":["Beam Cell","Compile Driver"],"picked":"Tempest","floor":6},{"not_picked":["Defragment","Stack"],"picked":"Ball Lightning","floor":8},{"not_picked":["Barrage","Rebound"],"picked":"FTL","floor":10},{"not_picked":["Scrape","Barrage"],"picked":"Self Repair","floor":11},{"not_picked":["Coolheaded","Skim"],"picked":"Redo","floor":12},{"not_picked":["Double Energy","Rebound"],"picked":"Compile Driver","floor":13},{"not_picked":["Cold Snap","Barrage"],"picked":"Melter","floor":14},{"not_picked":["Machine Learning","Fission"],"picked":"Electrodynamics","floor":16},{"not_picked":["Reprogram","Redo"],"picked":"Hologram","floor":18},{"not_picked":["Rebound","Hologram"],"picked":"Ball Lightning","floor":20},{"not_picked":["Skim","Rebound"],"picked":"Melter+1","floor":22},{"not_picked":["Sweeping Beam","Compile Driver"],"picked":"Tempest+1","floor":23},{"not_picked":["Stack","Undo"],"picked":"Ball Lightning","floor":25},{"not_picked":["Barrage+1","Rebound","Steam Power"],"picked":"SKIP","floor":29},{"not_picked":["Cold Snap","Scrape"],"picked":"Beam Cell","floor":31},{"not_picked":["Meteor Strike","Core Surge"],"picked":"Electrodynamics","floor":33},{"not_picked":["Go for the Eyes","Coolheaded+1"],"picked":"Loop+1","floor":35},{"not_picked":["Glacier+1","Auto Shields+1","Gash"],"picked":"SKIP","floor":39},{"not_picked":["Cold Snap+1","Multi-Cast+1"],"picked":"Heatsinks+1","floor":42},{"not_picked":["Gash","Compile Driver+1"],"picked":"Genetic Algorithm+1","floor":44}],"player_experience":179647,"relics_obtained":[{"floor":6,"key":"Emotion Chip"},{"floor":8,"key":"Dodecahedron"},{"floor":9,"key":"Pear"},{"floor":23,"key":"Orichalcum"},{"floor":26,"key":"Potion Belt"},{"floor":31,"key":"Toxic Egg 2"},{"floor":34,"key":"Regal Pillow"},{"floor":34,"key":"Frozen Egg 2"},{"floor":34,"key":"Thread and Needle"},{"floor":42,"key":"Unceasing Top"},{"floor":43,"key":"Gremlin Horn"}],"event_choices":[{"event_name":"The Lab","player_choice":"Got Potions","floor":2,"damage_taken":0},{"event_name":"Back to Basics","player_choice":"Simplicity","floor":21,"damage_taken":0},{"event_name":"Addict","player_choice":"Obtained Relic","floor":28,"damage_taken":0},{"event_name":"Match and Keep!","player_choice":"2 cards matched","floor":36,"damage_taken":0},{"event_name":"Tomb of Lord Red Mask","player_choice":"Ignored","floor":37,"damage_taken":0}],"is_beta":false,"boss_relics":[{"not_picked":["Runic Pyramid","Velvet Choker"],"picked":"Philosopher\u0027s Stone"},{"not_picked":["Astrolabe","Busted Crown"],"picked":"Calling Bell"}],"items_purged_floors":[19,38],"is_endless":false,"potions_floor_spawned":[3,4,6,10,18,20,23,31,33,39],"killed_by":"Giant Head","ascension_level":2}