{"gold_per_floor":[113,113,188,206,110,139,139,156,225,17,46,60,60,80,80,176,176,193,153,171,191,191,191,206,206,229,229,259,103,103,117,117,217,217,236,236,249,27,27,27,47,58,58,58,72,72,72,82,82,82],"floor_reached":50,"playtime":3646,"items_purged":["Strike_G","Strike_G"],"score":548,"play_id":"cf8be457-1918-4c91-9462-60936c252c8e","local_time":"20190106072816","is_ascension_mode":true,"campfire_choices":[{"data":"Catalyst","floor":7.0,"key":"SMITH"},{"data":"Blur","floor":13.0,"key":"SMITH"},{"data":"Blade Dance","floor":15.0,"key":"SMITH"},{"data":"Accuracy","floor":23,"key":"SMITH"},{"data":"Cloak And Dagger","floor":25,"key":"SMITH"},{"data":"Noxious Fumes","floor":32,"key":"SMITH"},{"data":"Madness","floor":40,"key":"SMITH"},{"data":"After Image","floor":46,"key":"SMITH"}],"neow_cost":"NONE","seed_source_timestamp":982395889953775,"circlet_count":0,"master_deck":["Defend_G+1","Defend_G+1","Defend_G+1","Defend_G+1","Defend_G+1","Survivor+1","Neutralize+1","Cloak And Dagger+1","Catalyst+1","Blade Dance+1","Deadly Poison+1","Poisoned Stab+1","Blade Dance+1","Blade Dance+1","Blur+1","Cloak And Dagger+1","Poisoned Stab+1","After Image+1","Bane+1","Dagger Throw+1","Accuracy+1","Swift Strike+1","Noxious Fumes+1","Dash+1","Corpse Explosion+1","Endless Agony+1","Blind+1","Footwork+1","Backflip+1","Madness+1","Madness+1","Parasite","Poisoned Stab+1","Well Laid Plans+1","Dodge and Roll+1","Blade Dance+1"],"special_seed":0,"relics":["Coffee Dripper","Potion Belt","Mummified Hand","MealTicket","Kunai","Empty Cage","Orichalcum","Pen Nib","Lizard Tail","Lantern","Mark of the Bloom"],"potions_floor_usage":[21,21,28,30,31,33,33,37,42,48],"damage_taken":[{"damage":1.0,"enemies":"Jaw Worm","floor":1.0,"turns":3.0},{"damage":0.0,"enemies":"Small Slimes","floor":4.0,"turns":4.0},{"damage":19.0,"enemies":"Lagavulin","floor":6.0,"turns":6.0},{"damage":0.0,"enemies":"2 Louse","floor":8.0,"turns":2.0},{"damage":18.0,"enemies":"3 Sentries","floor":11.0,"turns":7.0},{"damage":2.0,"enemies":"Red Slaver","floor":12.0,"turns":3.0},{"damage":1.0,"enemies":"Lots of Slimes","floor":14.0,"turns":4.0},{"damage":12,"enemies":"The Guardian","floor":16,"turns":9},{"damage":0,"enemies":"Spheric Guardian","floor":18,"turns":5},{"damage":1,"enemies":"3 Byrds","floor":20,"turns":6},{"damage":0,"enemies":"Cultist and Chosen","floor":21,"turns":6},{"damage":0,"enemies":"3 Cultists","floor":24,"turns":5},{"damage":3,"enemies":"Book of Stabbing","floor":28,"turns":5},{"damage":0,"enemies":"Snake Plant","floor":30,"turns":1},{"damage":2,"enemies":"Snecko","floor":31,"turns":4},{"damage":15,"enemies":"Champ","floor":33,"turns":9},{"damage":0,"enemies":"Orb Walker","floor":35,"turns":4},{"damage":16,"enemies":"3 Darklings","floor":37,"turns":4},{"damage":32,"enemies":"Writhing Mass","floor":41,"turns":8},{"damage":12,"enemies":"Sphere and 2 Shapes","floor":42,"turns":5},{"damage":11,"enemies":"Jaw Worm Horde","floor":45,"turns":5},{"damage":13,"enemies":"3 Darklings","floor":48,"turns":5},{"damage":43,"enemies":"Awakened One","floor":50,"turns":10}],"seed_played":"-2794415115219348985","potions_obtained":[{"floor":4.0,"key":"AttackPotion"},{"floor":6.0,"key":"Explosive Potion"},{"floor":8.0,"key":"AttackPotion"},{"floor":16,"key":"EssenceOfSteel"},{"floor":19,"key":"AttackPotion"},{"floor":19,"key":"SmokeBomb"},{"floor":19,"key":"Explosive Potion"},{"floor":20,"key":"SteroidPotion"},{"floor":24,"key":"SkillPotion"},{"floor":28,"key":"EssenceOfSteel"},{"floor":33,"key":"AttackPotion"},{"floor":41,"key":"AttackPotion"},{"floor":42,"key":"SkillPotion"}],"is_trial":false,"path_per_floor":["M","?","?","M","$","E","R","M","T","$","E","M","R","M","R","B",null,"M","?","M","M","$","R","M","R","T","?","E","$","M","M","R","B",null,"M","?","M","$","?","R","M","M","T","?","M","R","?","M","R","B"],"character_chosen":"THE_SILENT","items_purchased":["Deadly Poison","Poisoned Stab","MealTicket","Noxious Fumes","Footwork","Backflip"],"campfire_rested":0,"item_purchase_floors":[5,5,10,29,38,38],"current_hp_per_floor":[69,69,58,58,58,39,39,39,39,39,21,19,19,18,18,6,70,70,70,69,69,69,69,69,69,69,69,66,70,70,68,68,53,70,70,70,54,64,55,55,23,11,11,61,50,50,50,37,37,0],"gold":82,"neow_bonus":"BOSS_RELIC","is_prod":false,"is_daily":false,"chose_seed":false,"campfire_upgraded":8,"win_rate":0,"timestamp":1546777696,"path_taken":["M","?","?","M","?","E","R","M","T","?","E","M","R","M","R","BOSS","M","?","M","?","?","R","M","R","T","?","E","$","M","?","R","BOSS","M","?","M","$","?","R","M","M","T","?","M","R","?","M","R","BOSS"],"build_version":"2019-01-03v4","purchased_purges":2,"victory":false,"max_hp_per_floor":[70,70,70,70,70,70,70,70,70,70,70,70,70,70,70,70,70,70,70,70,70,70,70,70,70,70,70,70,70,70,70,70,70,70,70,70,70,70,70,70,70,70,70,61,61,61,61,61,61,61],"card_choices":[{"not_picked":["Quick Slash","Prepared"],"picked":"Cloak And Dagger","floor":1.0},{"not_picked":["Prepared","Glass Knife"],"picked":"Blade Dance","floor":4.0},{"not_picked":["Prepared","Reflex"],"picked":"Blade Dance","floor":6.0},{"not_picked":["Quick Slash","Prepared"],"picked":"Blade Dance","floor":8.0},{"not_picked":["Dagger Throw","Setup"],"picked":"Blur","floor":11.0},{"not_picked":["Deadly Poison","Endless Agony"],"picked":"Cloak And Dagger","floor":12.0},{"not_picked":["Deadly Poison","Distraction"],"picked":"Poisoned Stab","floor":14.0},{"not_picked":["Doppelganger","Burst"],"picked":"After Image","floor":16},{"not_picked":["PiercingWail","Acrobatics"],"picked":"Bane+1","floor":18},{"not_picked":["Quick Slash","Outmaneuver+1"],"picked":"Dagger Throw","floor":20},{"not_picked":["Backflip","Flechettes"],"picked":"Accuracy","floor":21},{"not_picked":["Bouncing Flask","Prepared","Expertise+1"],"picked":"SKIP","floor":24},{"not_picked":["Bouncing Flask","Skewer+1","Malaise"],"picked":"SKIP","floor":28},{"not_picked":["Masterful Stab","Bane"],"picked":"Dash","floor":31},{"not_picked":["Adrenaline","Malaise"],"picked":"Corpse Explosion","floor":33},{"not_picked":["Cloak And Dagger","Acrobatics"],"picked":"Endless Agony+1","floor":35},{"not_picked":["Purity","Impatience"],"picked":"Blind","floor":36},{"not_picked":["Underhanded Strike+1","All Out Attack","Outmaneuver"],"picked":"SKIP","floor":37},{"not_picked":["Prepared+1","Well Laid Plans+1"],"picked":"Poisoned Stab+1","floor":41},{"not_picked":["Choke","Outmaneuver+1"],"picked":"Well Laid Plans+1","floor":42},{"not_picked":["Sucker Punch+1","Prepared"],"picked":"Dodge and Roll","floor":45},{"not_picked":["Skewer","Sucker Punch+1"],"picked":"Blade Dance+1","floor":48}],"player_experience":155291,"relics_obtained":[{"floor":6.0,"key":"Potion Belt"},{"floor":9.0,"key":"Mummified Hand"},{"floor":11.0,"key":"Kunai"},{"floor":26,"key":"Orichalcum"},{"floor":28,"key":"Pen Nib"},{"floor":43,"key":"Lantern"}],"event_choices":[{"damage_healed":0.0,"max_hp_gain":0.0,"max_hp_loss":0.0,"gold_gain":0.0,"cards_transformed":["Strike_G"],"event_name":"Living Wall","player_choice":"Change","floor":2.0,"gold_loss":0.0,"damage_taken":0.0,"cards_obtained":["Catalyst"]},{"damage_healed":0.0,"max_hp_gain":0.0,"max_hp_loss":0.0,"gold_gain":75.0,"event_name":"World of Goop","player_choice":"Gather Gold","floor":3.0,"gold_loss":0.0,"damage_taken":11.0},{"damage_healed":0,"gold_gain":0,"player_choice":"Bought 3 Potions","damage_taken":0,"max_hp_gain":0,"max_hp_loss":0,"event_name":"The Woman in Blue","floor":19,"gold_loss":0},{"damage_healed":0,"gold_gain":0,"player_choice":"1 cards matched","damage_taken":0,"max_hp_gain":0,"max_hp_loss":0,"event_name":"Match and Keep!","floor":27,"gold_loss":0,"cards_obtained":["Swift Strike"]},{"damage_healed":0,"gold_gain":0,"player_choice":"Memory 1","damage_taken":0,"max_hp_gain":0,"max_hp_loss":0,"event_name":"SensoryStone","floor":36,"gold_loss":0},{"damage_healed":0,"gold_gain":0,"player_choice":"Embrace Madness","damage_taken":9,"max_hp_gain":0,"max_hp_loss":0,"event_name":"Winding Halls","floor":39,"gold_loss":0,"cards_obtained":["Madness","Madness"]},{"damage_healed":61,"gold_gain":0,"player_choice":"Heal","damage_taken":0,"max_hp_gain":0,"max_hp_loss":9,"event_name":"The Moai Head","floor":44,"gold_loss":0},{"damage_healed":0,"gold_gain":0,"player_choice":"Upgrade","damage_taken":0,"relics_obtained":["Mark of the Bloom"],"max_hp_gain":0,"max_hp_loss":0,"event_name":"MindBloom","floor":47,"gold_loss":0,"cards_upgraded":["Defend_G","Defend_G","Defend_G","Defend_G","Defend_G","Survivor","Neutralize","Cloak And Dagger","Deadly Poison","Poisoned Stab","Blade Dance","Blade Dance","Poisoned Stab","Dagger Throw","Swift Strike","Dash","Corpse Explosion","Blind","Footwork","Backflip","Madness","Dodge and Roll"]}],"is_beta":false,"boss_relics":[{"not_picked":["Philosopher\u0027s Stone","Cursed Key"],"picked":"Empty Cage"},{"not_picked":["Snecko Eye","Busted Crown"],"picked":"Lizard Tail"}],"items_purged_floors":[29,38],"is_endless":false,"potions_floor_spawned":[4,6,8,16,20,24,28,30,33,41,42],"killed_by":"Awakened One","ascension_level":1}