{"gold_per_floor":[113,133,208,39,52,52,52,52,52,117,117,129,129,161,161,236,236,255,309,49,49,49,75,90,140,440,440,440,471,471,499,499,573,573,583,583,600,600,26,26,52,72,72,72,104,115,161,178,178,178,178],"floor_reached":52,"playtime":3671,"items_purged":["Pain","Normality"],"score":1999,"play_id":"2acedfed-83b0-4ad1-ace1-6f934de6729f","local_time":"20190109223157","is_ascension_mode":true,"campfire_choices":[{"data":"Footwork","floor":6,"key":"SMITH"},{"floor":8,"key":"REST"},{"floor":15,"key":"REST"},{"floor":27,"key":"REST"},{"floor":30,"key":"REST"},{"data":"Well Laid Plans","floor":32,"key":"SMITH"},{"data":"Noxious Fumes","floor":40,"key":"SMITH"},{"data":"Catalyst","floor":44,"key":"SMITH"},{"floor":49,"key":"REST"}],"neow_cost":"NONE","seed_source_timestamp":47093093796600,"circlet_count":0,"master_deck":["AscendersBane","Survivor","Neutralize","Sucker Punch","Footwork+1","Poisoned Stab","Dagger Spray","Dodge and Roll","Infinite Blades","Blade Dance+1","Tactician","Die Die Die","Skewer","Dodge and Roll","Backflip","Cloak And Dagger","Deadly Poison","Distraction","Burst+1","Well Laid Plans+1","PiercingWail","Crippling Poison","Prepared","Leg Sweep+1","Dodge and Roll+1","Escape Plan","Corpse Explosion","Noxious Fumes+1","Secret Technique","Skewer","Malaise","Catalyst+1","Night Terror","Escape Plan+1","Acrobatics","Backflip"],"relics":["Pandora\u0027s Box","Blood Vial","Letter Opener","Mummified Hand","PreservedInsect","WarpedTongs","Omamori","Philosopher\u0027s Stone","Snake Skull","MutagenicStrength","Anchor","Old Coin","Pocketwatch","Lantern","Calling Bell","Question Card","Peace Pipe","War Paint","Chemical X","Centennial Puzzle","Dream Catcher","Paper Crane","Gambling Chip","Ancient Tea Set"],"potions_floor_usage":[10,23,24,41],"damage_taken":[{"damage":9,"enemies":"Jaw Worm","floor":1,"turns":3},{"damage":10,"enemies":"Small Slimes","floor":2,"turns":3},{"damage":0,"enemies":"2 Louse","floor":5,"turns":2},{"damage":13,"enemies":"3 Sentries","floor":10,"turns":5},{"damage":5,"enemies":"Blue Slaver","floor":12,"turns":3},{"damage":1,"enemies":"Lagavulin","floor":14,"turns":5},{"damage":24,"enemies":"Hexaghost","floor":16,"turns":10},{"damage":26,"enemies":"Shell Parasite","floor":18,"turns":5},{"damage":13,"enemies":"Slavers","floor":23,"turns":4},{"damage":3,"enemies":"Spheric Guardian","floor":24,"turns":4},{"damage":6,"enemies":"Book of Stabbing","floor":29,"turns":5},{"damage":3,"enemies":"Gremlin Leader","floor":31,"turns":4},{"damage":19,"enemies":"Champ","floor":33,"turns":16},{"damage":0,"enemies":"3 Darklings","floor":35,"turns":3},{"damage":0,"enemies":"3 Shapes","floor":37,"turns":4},{"damage":2,"enemies":"Nemesis","floor":41,"turns":7},{"damage":7,"enemies":"Transient","floor":42,"turns":6},{"damage":1,"enemies":"Reptomancer","floor":45,"turns":4},{"damage":7,"enemies":"Maw","floor":46,"turns":5},{"damage":0,"enemies":"Sphere and 2 Shapes","floor":48,"turns":2},{"damage":8,"enemies":"Donu and Deca","floor":50,"turns":8},{"damage":1,"enemies":"Time Eater","floor":51,"turns":7}],"seed_played":"-9053299705561295821","potions_obtained":[{"floor":10,"key":"Swift Potion"},{"floor":16,"key":"Ancient Potion"},{"floor":23,"key":"Block Potion"},{"floor":31,"key":"Energy Potion"},{"floor":35,"key":"GhostInAJar"},{"floor":48,"key":"Fire Potion"}],"is_trial":false,"path_per_floor":["M","M","?","$","M","R","?","R","T","?","T","M","?","E","R","B",null,"M","T","$","?","$","E","M","?","T","R","T","E","R","E","R","B",null,"M","?","M","?","$","R","E","M","T","R","E","M","T","M","R","B","B",null],"character_chosen":"THE_SILENT","items_purchased":["Backflip","Cloak And Dagger","Fire Potion","Well Laid Plans","PiercingWail","Crippling Poison","Chemical X","Centennial Puzzle","Skewer"],"campfire_rested":5,"item_purchase_floors":[4,4,4,20,20,20,39,39,39],"current_hp_per_floor":[50,40,29,29,29,29,24,43,43,32,32,29,29,30,49,27,56,32,32,32,32,32,21,20,20,20,39,39,35,54,53,53,36,59,61,51,53,53,53,53,53,48,48,48,49,44,44,46,65,58,59],"gold":178,"neow_bonus":"BOSS_RELIC","is_prod":false,"is_daily":false,"chose_seed":false,"campfire_upgraded":4,"win_rate":0,"timestamp":1547091117,"path_taken":["M","M","?","$","M","R","?","R","T","?","?","?","?","E","R","BOSS","M","?","$","?","?","E","?","?","T","R","?","E","R","E","R","BOSS","M","?","M","?","$","R","E","M","T","R","E","M","?","M","R","BOSS","BOSS"],"build_version":"2018-12-20","purchased_purges":2,"victory":true,"max_hp_per_floor":[66,66,66,66,66,66,66,66,66,66,66,66,66,66,66,66,66,66,66,66,66,66,66,66,66,66,66,66,66,66,66,66,66,66,66,66,66,66,66,66,66,66,66,66,66,66,66,66,66,66,66],"card_choices":[{"not_picked":["Quick Slash","Underhanded Strike"],"picked":"Dodge and Roll","floor":1},{"not_picked":["Skewer","Choke","Masterful Stab"],"picked":"SKIP","floor":2},{"not_picked":["Heel Hook","Flying Knee"],"picked":"Deadly Poison","floor":5},{"not_picked":["Riddle With Holes","Distraction","Setup"],"picked":"SKIP","floor":12},{"not_picked":["Riddle With Holes","Setup"],"picked":"Distraction","floor":12},{"not_picked":["Expertise","Underhanded Strike","Endless Agony"],"picked":"SKIP","floor":14},{"not_picked":["Tools of the Trade","A Thousand Cuts"],"picked":"Burst","floor":16},{"not_picked":["Concentrate","Quick Slash","Poisoned Stab"],"picked":"SKIP","floor":18},{"not_picked":["Tactician","Setup"],"picked":"Prepared","floor":23},{"not_picked":["Skewer","Reflex"],"picked":"Leg Sweep+1","floor":24},{"not_picked":["Finisher","Choke"],"picked":"Dodge and Roll+1","floor":29},{"not_picked":["Endless Agony","Outmaneuver"],"picked":"Escape Plan","floor":31},{"not_picked":["Tools of the Trade","Grand Finale"],"picked":"Corpse Explosion","floor":33},{"not_picked":["Cloak And Dagger","Bouncing Flask","Bane"],"picked":"Noxious Fumes","floor":35},{"not_picked":["Madness","Enlightenment","Metamorphosis"],"picked":"Secret Technique","floor":36},{"not_picked":["Caltrops","Blade Dance","Accuracy","Cloak And Dagger"],"picked":"SKIP","floor":37},{"not_picked":["Dagger Spray","Quick Slash+1","Dodge and Roll"],"picked":"Malaise","floor":41},{"not_picked":["Quick Slash","Sucker Punch","Cloak And Dagger"],"picked":"Catalyst","floor":42},{"not_picked":["Predator","Eviscerate","Choke+1"],"picked":"Night Terror","floor":45},{"not_picked":["Deadly Poison","Prepared+1","Sucker Punch"],"picked":"Escape Plan+1","floor":46},{"not_picked":["Quick Slash+1","Deadly Poison","Bane"],"picked":"Acrobatics","floor":48},{"not_picked":["Tactician","Distraction+1","Sucker Punch"],"picked":"Backflip","floor":49}],"player_experience":1880943,"relics_obtained":[{"floor":9,"key":"Letter Opener"},{"floor":10,"key":"Mummified Hand"},{"floor":11,"key":"PreservedInsect"},{"floor":14,"key":"Omamori"},{"floor":19,"key":"Snake Skull"},{"floor":23,"key":"Anchor"},{"floor":26,"key":"Old Coin"},{"floor":28,"key":"Pocketwatch"},{"floor":29,"key":"Lantern"},{"floor":34,"key":"Question Card"},{"floor":34,"key":"Peace Pipe"},{"floor":34,"key":"War Paint"},{"floor":41,"key":"Dream Catcher"},{"floor":43,"key":"Paper Crane"},{"floor":45,"key":"Gambling Chip"},{"floor":47,"key":"Ancient Tea Set"}],"event_choices":[{"damage_healed":0,"gold_gain":75,"player_choice":"Gather Gold","damage_taken":11,"max_hp_gain":0,"max_hp_loss":0,"event_name":"World of Goop","floor":3,"gold_loss":0},{"damage_healed":0,"gold_gain":0,"player_choice":"Success","damage_taken":5,"relics_obtained":["Blood Vial"],"max_hp_gain":0,"max_hp_loss":0,"event_name":"Scrap Ooze","floor":7,"gold_loss":0},{"damage_healed":0,"gold_gain":0,"player_choice":"Searched \u00272\u0027 times","damage_taken":0,"max_hp_gain":0,"max_hp_loss":0,"event_name":"Dead Adventurer","floor":10,"gold_loss":0},{"damage_healed":0,"gold_gain":0,"player_choice":"Rummage","damage_taken":0,"relics_obtained":["WarpedTongs"],"max_hp_gain":0,"max_hp_loss":0,"event_name":"Accursed Blacksmith","floor":13,"gold_loss":0,"cards_obtained":["Pain"]},{"damage_healed":0,"gold_gain":0,"player_choice":"Inject Mutagens","damage_taken":0,"relics_obtained":["MutagenicStrength"],"max_hp_gain":0,"max_hp_loss":0,"event_name":"Drug Dealer","floor":21,"gold_loss":0},{"damage_healed":0,"gold_gain":50,"player_choice":"Stole From Cult","damage_taken":0,"max_hp_gain":0,"max_hp_loss":0,"event_name":"Nest","floor":25,"gold_loss":0},{"damage_healed":0,"gold_gain":0,"player_choice":"Memory 3","damage_taken":10,"max_hp_gain":0,"max_hp_loss":0,"event_name":"SensoryStone","floor":36,"gold_loss":0},{"damage_healed":0,"gold_gain":0,"player_choice":"Ignored","damage_taken":0,"max_hp_gain":0,"max_hp_loss":0,"event_name":"Tomb of Lord Red Mask","floor":38,"gold_loss":0}],"is_beta":true,"boss_relics":[{"not_picked":["Coffee Dripper","WristBlade"],"picked":"Philosopher\u0027s Stone"},{"not_picked":["Eternal Feather","Black Star"],"picked":"Calling Bell"}],"items_purged_floors":[20,39],"is_endless":false,"potions_floor_spawned":[10,16,23,31,35,37,48],"ascension_level":20}