{"gold_per_floor":[117,117,131,42,117,117,152,152,178,178,191,191,208,222,222,326,326,326,326,326,326,85,85,0,0,0,0,0,0,0,0,0,0,0,0,0,0,0,0,0,0,0,0,0,0,0,0,0,0,0],"floor_reached":51,"playtime":5048,"items_purged":[],"score":651,"play_id":"a3fdfb52-eae6-4f72-9d78-203f38b12a5d","local_time":"20190209180020","is_ascension_mode":false,"campfire_choices":[{"data":"Dodge and Roll","floor":6,"key":"SMITH"},{"data":"Envenom","floor":8,"key":"SMITH"},{"data":"Leg Sweep","floor":10,"key":"SMITH"},{"data":"Wraith Form v2","floor":15,"key":"SMITH"},{"data":"Footwork","floor":27,"key":"SMITH"},{"data":"Cloak And Dagger","floor":29,"key":"SMITH"},{"floor":32,"key":"REST"},{"data":"Madness","floor":40,"key":"SMITH"},{"data":"Catalyst","floor":44,"key":"SMITH"},{"data":"Cloak And Dagger","floor":49,"key":"SMITH"}],"neow_cost":"NONE","seed_source_timestamp":6473343467776,"circlet_count":0,"master_deck":["Survivor","Neutralize","Flechettes","Flechettes","Bane+1","Terror","Leg Sweep+1","Burst+1","Masterful Stab+1","Crippling Poison+1","Quick Slash","Deflect","Dagger Spray","Dodge and Roll+1","Well Laid Plans","Envenom+1","Cloak And Dagger+1","Wraith Form v2+1","Venomology","Dagger Spray+1","Cloak And Dagger+1","Footwork+1","Accuracy","Cloak And Dagger+1","Noxious Fumes","Infinite Blades","Dodge and Roll+1","After Image","Catalyst+1","Madness","Madness+1","Cloak And Dagger","Dash+1","After Image"],"relics":["Pandora\u0027s Box","Omamori","Whetstone","Du-Vu Doll","Ectoplasm","War Paint","Mummified Hand","Bag of Preparation","Busted Crown","Mango","MawBank"],"potions_floor_usage":[18,18,20,21,23,25,25,25,25,25,31,35,42,46,46,50,50,50],"damage_taken":[{"damage":0,"enemies":"Cultist","floor":1,"turns":2},{"damage":4,"enemies":"Jaw Worm","floor":3,"turns":2},{"damage":7,"enemies":"Lagavulin","floor":7,"turns":6},{"damage":0,"enemies":"Small Slimes","floor":11,"turns":1},{"damage":0,"enemies":"Looter","floor":13,"turns":2},{"damage":0,"enemies":"Exordium Wildlife","floor":14,"turns":2},{"damage":24,"enemies":"The Guardian","floor":16,"turns":10},{"damage":17,"enemies":"Spheric Guardian","floor":18,"turns":5},{"damage":7,"enemies":"Shell Parasite","floor":20,"turns":4},{"damage":0,"enemies":"3 Cultists","floor":21,"turns":3},{"damage":12,"enemies":"Sentry and Sphere","floor":23,"turns":6},{"damage":0,"enemies":"Shelled Parasite and Fungi","floor":25,"turns":2},{"damage":2,"enemies":"Centurion and Healer","floor":28,"turns":5},{"damage":6,"enemies":"Cultist and Chosen","floor":31,"turns":4},{"damage":18,"enemies":"Automaton","floor":33,"turns":8},{"damage":0,"enemies":"3 Darklings","floor":35,"turns":3},{"damage":0,"enemies":"Mind Bloom Boss Battle","floor":36,"turns":5},{"damage":1,"enemies":"Orb Walker","floor":41,"turns":5},{"damage":0,"enemies":"Jaw Worm Horde","floor":42,"turns":5},{"damage":11,"enemies":"4 Shapes","floor":45,"turns":4},{"damage":18,"enemies":"Spire Growth","floor":46,"turns":5},{"damage":0,"enemies":"Jaw Worm Horde","floor":47,"turns":5},{"damage":53,"enemies":"Time Eater","floor":50,"turns":13}],"seed_played":"-3660748275584571246","potions_obtained":[{"floor":3,"key":"GhostInAJar"},{"floor":11,"key":"GamblersBrew"},{"floor":14,"key":"Explosive Potion"},{"floor":23,"key":"Weak Potion"},{"floor":45,"key":"SpeedPotion"},{"floor":47,"key":"Ancient Potion"}],"is_trial":false,"path_per_floor":["M","?","M","$","?","R","E","R","T","R","M","?","M","M","R","B",null,"M","?","M","M","$","M","?","M","T","R","M","R","?","M","R","B",null,"M","?","?","?","$","R","M","M","T","R","M","M","M","?","R","B",null],"character_chosen":"THE_SILENT","items_purchased":["Dodge and Roll","Well Laid Plans","Accuracy","Cloak And Dagger","War Paint"],"campfire_rested":1,"item_purchase_floors":[4,4,22,22,22],"current_hp_per_floor":[70,70,66,66,55,55,48,48,48,48,48,48,48,48,48,24,70,53,40,33,33,33,21,21,21,21,21,19,19,19,13,35,17,75,75,89,89,78,78,78,77,89,89,89,78,60,60,60,60,7],"gold":0,"neow_bonus":"BOSS_RELIC","is_prod":false,"is_daily":false,"chose_seed":false,"campfire_upgraded":9,"win_rate":0,"timestamp":1549702820,"path_taken":["M","?","M","$","?","R","E","R","T","R","M","?","M","M","R","BOSS","M","?","M","M","$","M","?","M","T","R","M","R","?","M","R","BOSS","M","?","?","?","$","R","M","M","T","R","M","M","M","?","R","BOSS"],"build_version":"2019-01-23","purchased_purges":0,"victory":true,"max_hp_per_floor":[70,70,70,70,70,70,70,70,70,70,70,70,70,70,70,70,70,70,75,75,75,75,75,75,75,75,75,75,75,75,75,75,75,75,75,89,89,89,89,89,89,89,89,89,89,89,89,89,89,89],"card_choices":[{"not_picked":["Bane","All Out Attack"],"picked":"Deflect","floor":1},{"not_picked":["Underhanded Strike","Finisher"],"picked":"Dagger Spray","floor":3},{"not_picked":["Backstab","Caltrops"],"picked":"Envenom","floor":7},{"not_picked":["Dodge and Roll","Dagger Throw"],"picked":"Cloak And Dagger","floor":11},{"not_picked":["Dagger Spray","Quick Slash","Underhanded Strike"],"picked":"SKIP","floor":13},{"not_picked":["Calculated Gamble","Prepared"],"picked":"Wraith Form v2","floor":14},{"not_picked":["Die Die Die","Unload"],"picked":"Venomology","floor":16},{"not_picked":["Crippling Poison","Predator"],"picked":"Dagger Spray+1","floor":18},{"not_picked":["Acrobatics","Prepared"],"picked":"Cloak And Dagger","floor":20},{"not_picked":["Sucker Punch","Slice"],"picked":"Footwork","floor":21},{"not_picked":["Deadly Poison+1","Masterful Stab"],"picked":"Noxious Fumes","floor":23},{"not_picked":["Acrobatics","Burst"],"picked":"Infinite Blades","floor":25},{"not_picked":["Underhanded Strike","Flechettes","Calculated Gamble"],"picked":"SKIP","floor":28},{"not_picked":["Flying Knee","PiercingWail"],"picked":"Dodge and Roll+1","floor":31},{"not_picked":["Die Die Die","A Thousand Cuts"],"picked":"After Image","floor":33},{"not_picked":["Flying Knee+1"],"picked":"SKIP","floor":35},{"not_picked":[],"picked":"Catalyst","floor":36},{"not_picked":["Sucker Punch+1"],"picked":"SKIP","floor":41},{"not_picked":[],"picked":"Cloak And Dagger","floor":42},{"not_picked":["Calculated Gamble"],"picked":"SKIP","floor":45},{"not_picked":["Slice"],"picked":"SKIP","floor":46},{"not_picked":[],"picked":"Dash+1","floor":47}],"player_experience":878192,"relics_obtained":[{"floor":7,"key":"Omamori"},{"floor":9,"key":"Whetstone"},{"floor":26,"key":"Bag of Preparation"},{"floor":36,"key":"Mango"},{"floor":43,"key":"MawBank"}],"event_choices":[{"damage_healed":0,"gold_gain":0,"player_choice":"Grow","damage_taken":0,"max_hp_gain":0,"max_hp_loss":0,"event_name":"Living Wall","floor":2,"gold_loss":0,"cards_upgraded":["Burst"]},{"damage_healed":0,"gold_gain":75,"player_choice":"Gather Gold","damage_taken":11,"max_hp_gain":0,"max_hp_loss":0,"event_name":"World of Goop","floor":5,"gold_loss":0},{"damage_healed":0,"gold_gain":0,"player_choice":"Box","damage_taken":0,"relics_obtained":["Du-Vu Doll"],"max_hp_gain":0,"max_hp_loss":0,"event_name":"Big Fish","floor":12,"gold_loss":0,"cards_obtained":["Regret"]},{"damage_healed":0,"gold_gain":0,"player_choice":"Shed Blood","damage_taken":18,"max_hp_gain":5,"max_hp_loss":0,"event_name":"Forgotten Altar","floor":19,"gold_loss":0},{"damage_healed":0,"gold_gain":0,"player_choice":"Obtained Relic","damage_taken":0,"relics_obtained":["Mummified Hand"],"max_hp_gain":0,"max_hp_loss":0,"event_name":"Addict","floor":24,"gold_loss":85},{"damage_healed":0,"gold_gain":99,"player_choice":"Stole From Cult","damage_taken":0,"max_hp_gain":0,"max_hp_loss":0,"event_name":"Nest","floor":30,"gold_loss":0},{"damage_healed":0,"gold_gain":0,"player_choice":"Fight","damage_taken":0,"max_hp_gain":0,"max_hp_loss":0,"event_name":"MindBloom","floor":36,"gold_loss":0},{"cards_removed":["Die Die Die"],"damage_healed":0,"gold_gain":0,"player_choice":"Removed Attack","damage_taken":0,"max_hp_gain":0,"max_hp_loss":0,"event_name":"Falling","floor":37,"gold_loss":0},{"damage_healed":0,"gold_gain":0,"player_choice":"Embrace Madness","damage_taken":11,"max_hp_gain":0,"max_hp_loss":0,"event_name":"Winding Halls","floor":38,"gold_loss":0,"cards_obtained":["Madness","Madness"]},{"damage_healed":0,"gold_gain":0,"player_choice":"Copied","damage_taken":0,"max_hp_gain":0,"max_hp_loss":0,"event_name":"Duplicator","floor":48,"gold_loss":0,"cards_obtained":["After Image"]}],"is_beta":false,"boss_relics":[{"not_picked":["HoveringKite","Empty Cage"],"picked":"Ectoplasm"},{"not_picked":["Snecko Eye","Tiny House"],"picked":"Busted Crown"}],"items_purged_floors":[],"is_endless":false,"potions_floor_spawned":[3,11,14,20,23,33,36,45,47],"ascension_level":0}