{"gold_per_floor":[361,361,361,27,202,217,19,43,43,76,95,95,113,148,148,148],"floor_reached":16,"playtime":846,"items_purged":["Injury"],"score":143,"play_id":"d7ae851e-d5fd-4932-a2fd-9eef5e2aec4f","local_time":"20190209021919","is_ascension_mode":true,"campfire_choices":[{"floor":12,"key":"REST"},{"floor":15,"key":"DIG"}],"neow_cost":"PERCENT_DAMAGE","seed_source_timestamp":2697766629029805,"circlet_count":0,"master_deck":["Strike_B","Strike_B","Strike_B","Strike_B","Defend_B","Defend_B","Defend_B","Defend_B","Zap","Dualcast","Sunder","Doubt","Ball Lightning","Cold Snap","Tempest","Auto Shields","Rebound","Blizzard","Go for the Eyes"],"special_seed":0,"relics":["Cracked Core","Shovel","Golden Idol","Pear","Blood Vial","Bag of Marbles","Pen Nib","Bottled Flame","Meat on the Bone"],"potions_floor_usage":[14],"damage_taken":[{"damage":3.0,"enemies":"2 Louse","floor":1.0,"turns":3.0},{"damage":7.0,"enemies":"Jaw Worm","floor":6.0,"turns":3.0},{"damage":0.0,"enemies":"Cultist","floor":8.0,"turns":3.0},{"damage":28.0,"enemies":"Lagavulin","floor":10.0,"turns":5.0},{"damage":0,"enemies":"Looter","floor":11,"turns":2},{"damage":0,"enemies":"Blue Slaver","floor":13,"turns":3},{"damage":13,"enemies":"3 Sentries","floor":14,"turns":7},{"damage":29,"enemies":"The Guardian","floor":16,"turns":9}],"seed_played":"-103130036318991277","potions_obtained":[{"floor":1.0,"key":"LiquidBronze"},{"floor":8.0,"key":"GamblersBrew"},{"floor":10.0,"key":"SpeedPotion"}],"is_trial":false,"path_per_floor":["M","?","?","$","?","M","$","M","T","E","M","R","M","E","R","B"],"character_chosen":"DEFECT","items_purchased":["Pear","Cold Snap","Blood Vial"],"campfire_rested":1,"item_purchase_floors":[4,7,7],"current_hp_per_floor":[47,29,29,39,39,32,32,34,34,8,10,35,37,26,26,0],"gold":148,"neow_bonus":"TWO_FIFTY_GOLD","is_prod":false,"is_daily":false,"chose_seed":false,"campfire_upgraded":0,"win_rate":0,"timestamp":1549696759,"path_taken":["M","?","?","$","?","M","$","?","T","E","M","R","?","E","R","BOSS"],"build_version":"2019-01-23","purchased_purges":1,"victory":false,"max_hp_per_floor":[75,75,75,85,85,85,85,85,85,85,85,85,85,85,85,85],"card_choices":[{"not_picked":["Conserve Battery","Streamline"],"picked":"Sunder","floor":1.0},{"not_picked":["Blizzard","Sweeping Beam"],"picked":"Ball Lightning","floor":6.0},{"not_picked":["Streamline","Storm"],"picked":"Tempest","floor":8.0},{"not_picked":["Aggregate","Steam Power"],"picked":"Auto Shields","floor":10.0},{"not_picked":["Go for the Eyes","Coolheaded"],"picked":"Rebound","floor":11},{"not_picked":["Core Surge","Static Discharge"],"picked":"Blizzard","floor":13},{"not_picked":["Steam","Streamline"],"picked":"Go for the Eyes","floor":14}],"player_experience":326326,"relics_obtained":[{"floor":9.0,"key":"Bag of Marbles"},{"floor":10.0,"key":"Pen Nib"},{"floor":14,"key":"Bottled Flame"},{"floor":15,"key":"Meat on the Bone"}],"event_choices":[{"damage_healed":0.0,"max_hp_gain":0.0,"max_hp_loss":0.0,"gold_gain":0.0,"event_name":"Scrap Ooze","player_choice":"Success","floor":2.0,"gold_loss":0.0,"damage_taken":18.0,"relics_obtained":["Shovel"]},{"damage_healed":0.0,"max_hp_gain":0.0,"max_hp_loss":0.0,"gold_gain":0.0,"event_name":"Golden Idol","player_choice":"Take Wound","floor":3.0,"gold_loss":0.0,"damage_taken":0.0,"relics_obtained":["Golden Idol"],"cards_obtained":["Injury"]},{"damage_healed":0.0,"max_hp_gain":0.0,"max_hp_loss":0.0,"gold_gain":175.0,"event_name":"Liars Game","player_choice":"AGREE","floor":5.0,"gold_loss":0.0,"damage_taken":0.0,"cards_obtained":["Doubt"]}],"is_beta":false,"boss_relics":[],"items_purged_floors":[4],"is_endless":false,"potions_floor_spawned":[1,8,10],"killed_by":"The Guardian","ascension_level":6}