{"gold_per_floor":[364,377,30,30,50,50,82,82,82,107,123,140,140,153,153,253,253,264,84,100,15,31,59,71,83,95,127,155,199,243,290,302,411,423,454,481,46,46,62,62],"floor_reached":40,"playtime":2341,"items_purged":["Strike_B","Regret","Decay"],"score":577,"play_id":"900cabf0-9d53-4db0-bd36-5a431f339076","local_time":"20181010143516","is_ascension_mode":true,"campfire_choices":[{"data":"Conserve Battery","floor":6,"key":"SMITH"},{"floor":15,"key":"REST"},{"floor":25,"key":"REST"},{"floor":32,"key":"REST"}],"neow_cost":"TEN_PERCENT_HP_LOSS","seed_source_timestamp":46079441227584,"circlet_count":0,"master_deck":["Strike_B","Strike_B","Strike_B","Defend_B+1","Defend_B+1","Defend_B","Zap","Dualcast","Ball Lightning","Double Energy","Conserve Battery+1","BootSequence","Heatsinks","Static Discharge","Self Repair","FTL+1","Streamline+1","All For One+1","Injury","Go for the Eyes+1","Scrape+1","Electrodynamics","Ball Lightning+1","Chill","Ball Lightning+1","Hyperbeam+1","Aggregate+1","Gash+1","Beam Cell+1","Coolheaded+1","Gash+1","Apotheosis","Compile Driver+1","Storm","Aggregate+1"],"relics":["FrozenCore","Molten Egg 2","Cables","War Paint","Shuriken","Bag of Marbles","Anchor","Calling Bell","Regal Pillow","Mercury Hourglass","Shovel","Bronze Scales","MawBank","Dream Catcher","Kunai","Red Mask","Potion Belt"],"potions_floor_usage":[10,16,16,16,23,27,29,29,33,39,39,40],"damage_taken":[{"damage":3,"enemies":"2 Louse","floor":1,"turns":2},{"damage":1,"enemies":"Cultist","floor":2,"turns":3},{"damage":0,"enemies":"Small Slimes","floor":5,"turns":2},{"damage":18,"enemies":"Gremlin Nob","floor":7,"turns":4},{"damage":10,"enemies":"3 Sentries","floor":10,"turns":5},{"damage":1,"enemies":"Looter","floor":11,"turns":3},{"damage":0,"enemies":"Red Slaver","floor":12,"turns":4},{"damage":0,"enemies":"2 Fungi Beasts","floor":14,"turns":2},{"damage":30,"enemies":"Hexaghost","floor":16,"turns":6},{"damage":24,"enemies":"Spheric Guardian","floor":18,"turns":4},{"damage":0,"enemies":"Chosen","floor":20,"turns":3},{"damage":18,"enemies":"Snake Plant","floor":22,"turns":3},{"damage":22,"enemies":"Gremlin Leader","floor":23,"turns":4},{"damage":0,"enemies":"Sentry and Sphere","floor":27,"turns":3},{"damage":13,"enemies":"Shelled Parasite and Fungi","floor":28,"turns":4},{"damage":8,"enemies":"Slavers","floor":29,"turns":4},{"damage":0,"enemies":"Masked Bandits","floor":30,"turns":3},{"damage":16,"enemies":"Book of Stabbing","floor":31,"turns":4},{"damage":59,"enemies":"Champ","floor":33,"turns":8},{"damage":16,"enemies":"3 Darklings","floor":35,"turns":3},{"damage":7,"enemies":"3 Shapes","floor":36,"turns":3},{"damage":11,"enemies":"Transient","floor":39,"turns":5},{"damage":83,"enemies":"Giant Head","floor":40,"turns":7}],"seed_played":"-1861409114253463172","potions_obtained":[{"floor":1,"key":"FocusPotion"},{"floor":7,"key":"Strength Potion"},{"floor":11,"key":"Strength Potion"},{"floor":12,"key":"EssenceOfSteel"},{"floor":14,"key":"LiquidBronze"},{"floor":18,"key":"Strength Potion"},{"floor":22,"key":"Block Potion"},{"floor":23,"key":"Dexterity Potion"},{"floor":28,"key":"Block Potion"},{"floor":29,"key":"Block Potion"},{"floor":38,"key":"Block Potion"},{"floor":38,"key":"Weak Potion"},{"floor":38,"key":"Poison Potion"}],"is_trial":false,"path_per_floor":["M","M","$","?","M","R","E","?","T","E","M","M","T","M","R","B",null,"M","$","M","?","M","E","?","R","T","M","M","E","?","E","R","B",null,"M","M","$","?","M"],"character_chosen":"DEFECT","items_purchased":["Molten Egg 2","Conserve Battery","Scrape+1","Apotheosis","Compile Driver+1","Storm"],"campfire_rested":3,"item_purchase_floors":[3,3,19,37,37,37],"current_hp_per_floor":[65,64,64,64,64,64,46,39,39,29,28,35,35,42,62,39,68,51,51,58,58,47,25,25,60,60,60,54,46,46,30,65,13,68,59,52,52,52,48,0],"gold":62,"neow_bonus":"TWO_FIFTY_GOLD","is_prod":false,"is_daily":false,"chose_seed":false,"campfire_upgraded":1,"win_rate":0,"timestamp":1539196516,"path_taken":["M","M","$","?","M","R","E","?","T","E","M","?","?","?","R","BOSS","M","$","M","?","M","E","?","R","T","?","M","E","?","E","R","BOSS","M","M","$","?","?","E"],"build_version":"2018-10-04v2","purchased_purges":3,"victory":false,"max_hp_per_floor":[68,68,68,68,68,68,68,68,68,68,68,68,68,68,68,68,68,68,68,68,68,68,68,68,68,68,68,68,68,68,68,68,68,68,68,68,68,68,68,68],"card_choices":[{"not_picked":["Self Repair","Fusion"],"picked":"Ball Lightning","floor":1},{"not_picked":["Glacier","Scrape"],"picked":"Double Energy","floor":2},{"not_picked":["Capacitor","Leap"],"picked":"BootSequence","floor":5},{"not_picked":["Stack","Double Energy"],"picked":"Heatsinks","floor":7},{"not_picked":["Streamline+1","Chill"],"picked":"Static Discharge","floor":10},{"not_picked":["Chill","Hello World"],"picked":"Self Repair","floor":11},{"not_picked":["Blizzard+1","Recycle"],"picked":"FTL+1","floor":12},{"not_picked":["Gash+1","Coolheaded"],"picked":"Streamline+1","floor":14},{"not_picked":["Machine Learning","Seek"],"picked":"All For One+1","floor":16},{"not_picked":["Hologram+1","Stack"],"picked":"Go for the Eyes+1","floor":18},{"not_picked":["Leap","Sweeping Beam+1"],"picked":"Electrodynamics","floor":20},{"not_picked":["Cold Snap+1","Steam+1"],"picked":"Ball Lightning+1","floor":22},{"not_picked":["Blizzard+1","Streamline+1"],"picked":"Chill","floor":23},{"not_picked":["Rebound+1","Leap"],"picked":"Ball Lightning+1","floor":27},{"not_picked":["Leap","Redo+1","Stack"],"picked":"SKIP","floor":28},{"not_picked":["Self Repair","Chaos+1"],"picked":"Hyperbeam+1","floor":29},{"not_picked":["Skim","Loop"],"picked":"Aggregate+1","floor":30},{"not_picked":["Fusion","Redo"],"picked":"Gash+1","floor":31},{"not_picked":["Compile Driver+1","Go for the Eyes+1"],"picked":"Beam Cell+1","floor":32},{"not_picked":["Tempest+1","Redo"],"picked":"Coolheaded+1","floor":35},{"not_picked":["Fusion","Rebound+1"],"picked":"Gash+1","floor":36},{"not_picked":["Streamline+1","Rip and Tear+1"],"picked":"Aggregate+1","floor":39}],"player_experience":225680,"relics_obtained":[{"floor":7,"key":"War Paint"},{"floor":9,"key":"Shuriken"},{"floor":10,"key":"Bag of Marbles"},{"floor":13,"key":"Anchor"},{"floor":17,"key":"Regal Pillow"},{"floor":17,"key":"Mercury Hourglass"},{"floor":17,"key":"Shovel"},{"floor":23,"key":"MawBank"},{"floor":26,"key":"Dream Catcher"},{"floor":29,"key":"Kunai"},{"floor":30,"key":"Red Mask"},{"floor":31,"key":"Potion Belt"}],"event_choices":[{"event_name":"WeMeetAgain","player_choice":"Potion","floor":4,"damage_taken":0},{"event_name":"Golden Wing","player_choice":"Card Removal","floor":8,"damage_taken":0},{"event_name":"Addict","player_choice":"Obtained Relic","floor":21,"damage_taken":0},{"event_name":"Beggar","player_choice":"Ignored","floor":24,"damage_taken":0},{"event_name":"Masked Bandits","player_choice":"Fought Bandits","floor":30,"damage_taken":0},{"event_name":"The Lab","player_choice":"Got Potions","floor":38,"damage_taken":0}],"is_beta":false,"boss_relics":[{"not_picked":["Ectoplasm","Cursed Key"],"picked":"Calling Bell"},{"not_picked":["Tiny House","Empty Cage"],"picked":"FrozenCore"}],"items_purged_floors":[3,19,37],"is_endless":false,"potions_floor_spawned":[1,7,11,12,14,18,22,23,28,29],"killed_by":"Giant Head","ascension_level":3}