{"gold_per_floor":[111,111,286,286,304,304,27,27,27,41,41,64,14,38,38,158,158,176,199,25,25,25,25,63,82,136,136,136],"floor_reached":28,"playtime":1399,"items_purged":["Doubt","Injury"],"score":301,"play_id":"a1a86856-c1ad-4c8c-9843-1ed8c6b687d0","local_time":"20190103111351","is_ascension_mode":false,"campfire_choices":[{"data":"Flex","floor":6,"key":"SMITH"},{"data":"Spot Weakness","floor":8,"key":"SMITH"},{"data":"Heavy Blade","floor":11,"key":"SMITH"},{"data":"Evolve","floor":15,"key":"SMITH"},{"data":"Bite","floor":23,"key":"SMITH"},{"data":"Bite","floor":27,"key":"SMITH"}],"neow_cost":"TEN_PERCENT_HP_LOSS","seed_source_timestamp":200364683581470,"circlet_count":0,"master_deck":["Defend_R","Defend_R","Defend_R","Defend_R","Bash","Flex+1","Spot Weakness+1","Heavy Blade+1","Evolve+1","Immolate","Spot Weakness","Bite+1","Bite+1","Bite","Bite","Bite","Flame Barrier+1"],"relics":["Burning Blood","Golden Idol","Membership Card","Turnip","Coffee Dripper","MealTicket","Omamori","Bottled Tornado","Centennial Puzzle"],"potions_floor_usage":[],"damage_taken":[{"damage":5,"enemies":"Small Slimes","floor":1,"turns":7},{"damage":6,"enemies":"2 Louse","floor":5,"turns":5},{"damage":5,"enemies":"Jaw Worm","floor":10,"turns":5},{"damage":7,"enemies":"Large Slime","floor":12,"turns":5},{"damage":0,"enemies":"2 Fungi Beasts","floor":14,"turns":2},{"damage":0,"enemies":"Slime Boss","floor":16,"turns":7},{"damage":19,"enemies":"Shell Parasite","floor":18,"turns":4},{"damage":20,"enemies":"Chosen","floor":19,"turns":4},{"damage":45,"enemies":"Gremlin Leader","floor":24,"turns":8},{"damage":30,"enemies":"Centurion and Healer","floor":25,"turns":6},{"damage":37,"enemies":"Shelled Parasite and Fungi","floor":28,"turns":4}],"seed_played":"-1596183854618097270","potions_obtained":[{"floor":5,"key":"Strength Potion"},{"floor":10,"key":"Weak Potion"},{"floor":19,"key":"FearPotion"}],"is_trial":false,"path_per_floor":["M","?","?","?","M","R","$","R","T","M","R","M","$","M","R","B",null,"M","M","$","?","?","R","E","M","T","R","M"],"character_chosen":"IRONCLAD","items_purchased":["Membership Card","Spot Weakness","MealTicket","Omamori"],"campfire_rested":0,"item_purchase_floors":[7,7,20,20],"current_hp_per_floor":[72,65,65,65,65,65,65,65,65,66,66,65,65,71,71,72,72,59,45,45,45,50,50,27,23,23,23,0],"gold":136,"neow_bonus":"REMOVE_TWO","is_prod":false,"is_daily":false,"chose_seed":false,"campfire_upgraded":6,"win_rate":0.0,"timestamp":1546510431,"path_taken":["M","?","?","?","M","R","$","R","T","M","R","M","$","?","R","BOSS","M","M","$","?","?","R","E","M","T","R","M"],"build_version":"2018-12-20","purchased_purges":2,"victory":false,"max_hp_per_floor":[72,72,72,72,72,72,72,72,72,72,72,72,72,72,72,72,72,72,72,72,50,50,50,50,50,50,50,50],"card_choices":[{"not_picked":["Iron Wave","Wild Strike"],"picked":"Flex","floor":1},{"not_picked":["Sword Boomerang","Perfected Strike"],"picked":"Thunderclap","floor":5},{"not_picked":["Perfected Strike","Iron Wave"],"picked":"Heavy Blade","floor":10},{"not_picked":["Whirlwind","Infernal Blade"],"picked":"Evolve","floor":12},{"not_picked":["Clash","Wild Strike","Thunderclap"],"picked":"SKIP","floor":14},{"not_picked":["Bludgeon","Fiend Fire"],"picked":"Immolate","floor":16},{"not_picked":["Perfected Strike","Metallicize"],"picked":"Spot Weakness","floor":18},{"not_picked":["Ghostly Armor","Flex","Sword Boomerang"],"picked":"SKIP","floor":19},{"not_picked":["Body Slam+1","Evolve+1"],"picked":"Flame Barrier+1","floor":24},{"not_picked":["Clash","Hemokinesis","Burning Pact"],"picked":"SKIP","floor":25}],"player_experience":83755,"relics_obtained":[{"floor":9,"key":"Turnip"},{"floor":24,"key":"Bottled Tornado"},{"floor":26,"key":"Centennial Puzzle"}],"event_choices":[{"cards_removed":["Strike_R"],"damage_healed":0,"gold_gain":0,"player_choice":"Card Removal","damage_taken":7,"max_hp_gain":0,"max_hp_loss":0,"event_name":"Golden Wing","floor":2,"gold_loss":0},{"damage_healed":0,"gold_gain":175,"player_choice":"AGREE","damage_taken":0,"max_hp_gain":0,"max_hp_loss":0,"event_name":"Liars Game","floor":3,"gold_loss":0,"cards_obtained":["Doubt"]},{"damage_healed":0,"gold_gain":0,"player_choice":"Take Wound","damage_taken":0,"relics_obtained":["Golden Idol"],"max_hp_gain":0,"max_hp_loss":0,"event_name":"Golden Idol","floor":4,"gold_loss":0,"cards_obtained":["Injury"]},{"damage_healed":0,"gold_gain":0,"player_choice":"Became a vampire","damage_taken":0,"max_hp_gain":0,"max_hp_loss":22,"event_name":"Vampires","floor":21,"gold_loss":0,"cards_obtained":["Bite","Bite","Bite","Bite","Bite"]},{"cards_removed":["Thunderclap"],"damage_healed":5,"gold_gain":0,"player_choice":"Offered Common","damage_taken":0,"max_hp_gain":0,"max_hp_loss":0,"event_name":"Bonfire Elementals","floor":22,"gold_loss":0},{"cards_removed":["Thunderclap"],"damage_healed":5,"gold_gain":0,"player_choice":"Offered Special","damage_taken":0,"max_hp_gain":0,"max_hp_loss":0,"event_name":"Bonfire Elementals","floor":22,"gold_loss":0}],"is_beta":false,"boss_relics":[{"not_picked":["Empty Cage","Eternal Feather"],"picked":"Coffee Dripper"}],"items_purged_floors":[7,13],"is_endless":false,"potions_floor_spawned":[5,10,19,24],"killed_by":"Shelled Parasite and Fungi","ascension_level":0}