{"gold_per_floor":[18,18,28,42,18,18,33,33,33,50,50,65,65,65,65,168,168,186,204,204,304,317,350,350,362,362,392,40,40,56,68,68,164,164,164,164,188,288,18,18,44,44,97,140,140,140,15,25,25,25],"floor_reached":50,"playtime":11346,"items_purged":["Defend_R","Strike_R","Decay"],"score":655,"play_id":"8a75fa01-13aa-4d49-a326-3b28eb62ae6d","local_time":"20181029174002","is_ascension_mode":true,"campfire_choices":[{"data":"Armaments","floor":6.0,"key":"SMITH"},{"data":"Demon Form","floor":11.0,"key":"SMITH"},{"data":"Pummel","floor":15.0,"key":"SMITH"},{"floor":24.0,"key":"REST"},{"data":"True Grit","floor":29.0,"key":"SMITH"},{"data":"True Grit","floor":32.0,"key":"SMITH"},{"data":"HandOfGreed","floor":40.0,"key":"SMITH"},{"floor":45.0,"key":"REST"},{"floor":49,"key":"REST"}],"neow_cost":"NO_GOLD","seed_source_timestamp":0,"circlet_count":0,"master_deck":["Strike_R+1","Defend_R+1","Defend_R","Bash","True Grit+1","Flame Barrier","Armaments+1","Demon Form+1","Pummel+1","True Grit+1","Twin Strike+1","Immolate","Inflame+1","Heavy Blade+1","Spot Weakness+1","Dark Embrace","Corruption","HandOfGreed+1","Mind Blast","Clothesline","Shockwave"],"special_seed":0,"relics":["Burning Blood","Incense Burner","Snecko Eye","Gambling Chip","Letter Opener","Torii","Whetstone","Red Skull","OrangePellets","Philosopher\u0027s Stone","Orichalcum","StoneCalendar","Bottled Tornado","Dream Catcher"],"potions_floor_usage":[],"damage_taken":[{"damage":4.0,"enemies":"2 Louse","floor":1.0,"turns":3.0},{"damage":0.0,"enemies":"Jaw Worm","floor":3.0,"turns":5.0},{"damage":2.0,"enemies":"Cultist","floor":4.0,"turns":5.0},{"damage":6.0,"enemies":"Lots of Slimes","floor":7.0,"turns":6.0},{"damage":11.0,"enemies":"Looter","floor":10.0,"turns":3.0},{"damage":11.0,"enemies":"Exordium Wildlife","floor":12.0,"turns":5.0},{"damage":54.0,"enemies":"Hexaghost","floor":16.0,"turns":10.0},{"damage":11.0,"enemies":"Shell Parasite","floor":18.0,"turns":3.0},{"damage":6.0,"enemies":"Spheric Guardian","floor":19.0,"turns":4.0},{"damage":8.0,"enemies":"Colosseum Slavers","floor":21.0,"turns":2.0},{"damage":16.0,"enemies":"Colosseum Nobs","floor":21.0,"turns":3.0},{"damage":14.0,"enemies":"Cultist and Chosen","floor":22.0,"turns":4.0},{"damage":33.0,"enemies":"Gremlin Leader","floor":23.0,"turns":4.0},{"damage":13.0,"enemies":"Snecko","floor":25.0,"turns":3.0},{"damage":8.0,"enemies":"Slavers","floor":27.0,"turns":4.0},{"damage":1.0,"enemies":"Centurion and Healer","floor":30.0,"turns":3.0},{"damage":0.0,"enemies":"Snake Plant","floor":31.0,"turns":2.0},{"damage":17.0,"enemies":"Automaton","floor":33.0,"turns":6.0},{"damage":21.0,"enemies":"3 Darklings","floor":35.0,"turns":2.0},{"damage":0.0,"enemies":"Mind Bloom Boss Battle","floor":38.0,"turns":3.0},{"damage":78.0,"enemies":"Nemesis","floor":41.0,"turns":7.0},{"damage":13.0,"enemies":"3 Shapes","floor":44.0,"turns":3.0},{"damage":23.0,"enemies":"Maw","floor":48.0,"turns":4.0},{"damage":49,"enemies":"Time Eater","floor":50,"turns":5}],"seed_played":"-3026902586826088284","potions_obtained":[{"floor":3.0,"key":"Poison Potion"},{"floor":7.0,"key":"BloodPotion"},{"floor":12.0,"key":"BloodPotion"},{"floor":16.0,"key":"PowerPotion"},{"floor":21.0,"key":"Regen Potion"},{"floor":23.0,"key":"Explosive Potion"},{"floor":25.0,"key":"AttackPotion"},{"floor":27.0,"key":"FearPotion"},{"floor":33.0,"key":"SmokeBomb"},{"floor":38.0,"key":"Regen Potion"}],"is_trial":false,"path_per_floor":["M","?","M","M","$","R","M","?","T","M","R","M","?","?","R","B",null,"M","M","?","?","M","E","R","M","T","E","$","R","M","M","R","B",null,"M","?","T","?","$","R","E","?","T","M","R","?","$","M","R"],"character_chosen":"IRONCLAD","items_purchased":["Armaments","OrangePellets","Spot Weakness","HandOfGreed"],"campfire_rested":3,"item_purchase_floors":[5,28,28,39],"current_hp_per_floor":[80,64,70,74,74,74,74,74,74,77,77,72,77,77,77,37,85,80,80,80,68,72,45,70,63,63,61,61,61,66,72,72,61,85,70,70,70,76,76,76,18,18,18,11,35,35,35,18,42,0],"gold":25,"neow_bonus":"REMOVE_TWO","is_prod":false,"is_daily":false,"chose_seed":false,"campfire_upgraded":6,"win_rate":0,"timestamp":1540849202,"path_taken":["M","?","M","M","?","R","?","?","T","M","R","M","?","?","R","BOSS","M","M","?","?","M","E","R","?","T","E","$","R","M","M","R","BOSS","M","?","?","?","$","R","E","?","T","M","R","?","?","?","R","BOSS"],"build_version":"2018-10-25v2","purchased_purges":3,"victory":false,"max_hp_per_floor":[80,80,80,80,80,80,80,80,80,80,80,80,85,85,85,85,85,85,85,85,85,85,85,85,85,85,85,85,85,85,85,85,85,85,85,81,81,81,81,81,81,81,81,81,81,81,81,81,81,81],"card_choices":[{"not_picked":["Perfected Strike","Wild Strike"],"picked":"True Grit","floor":1.0},{"not_picked":["Pommel Strike","Shrug It Off"],"picked":"Flame Barrier","floor":3.0},{"not_picked":["Warcry","Reckless Charge","Twin Strike"],"picked":"SKIP","floor":4.0},{"not_picked":["True Grit","Anger"],"picked":"Demon Form","floor":7.0},{"not_picked":["Perfected Strike","Infernal Blade"],"picked":"Pummel","floor":10.0},{"not_picked":["Headbutt","Anger"],"picked":"True Grit","floor":12.0},{"not_picked":["Limit Break","Brutality"],"picked":"Immolate","floor":16.0},{"not_picked":["Perfected Strike","Dual Wield","Flex+1"],"picked":"SKIP","floor":18.0},{"not_picked":["Second Wind","Shockwave"],"picked":"Inflame+1","floor":19.0},{"not_picked":["Carnage","Twin Strike+1"],"picked":"Heavy Blade","floor":21.0},{"not_picked":["True Grit","Intimidate+1","Battle Trance"],"picked":"SKIP","floor":22.0},{"not_picked":["Clash+1","Body Slam","Burning Pact"],"picked":"SKIP","floor":23.0},{"not_picked":["Armaments","Rupture+1","Havoc+1"],"picked":"SKIP","floor":25.0},{"not_picked":["Exhume","Body Slam","Combust"],"picked":"SKIP","floor":27.0},{"not_picked":["Warcry","Perfected Strike","Rupture+1"],"picked":"SKIP","floor":30.0},{"not_picked":["Havoc+1","Flex","Wild Strike"],"picked":"SKIP","floor":31.0},{"not_picked":["Limit Break","Double Tap"],"picked":"Dark Embrace","floor":33.0},{"not_picked":["Shrug It Off+1","Clash"],"picked":"Corruption","floor":38.0},{"not_picked":["Corruption+1","Sword Boomerang","Battle Trance+1"],"picked":"SKIP","floor":41.0},{"not_picked":["Panache","Finesse"],"picked":"Mind Blast","floor":42.0},{"not_picked":["Searing Blow","Sentinel"],"picked":"Clothesline","floor":44.0},{"not_picked":["Anger","Intimidate+1","Warcry"],"picked":"SKIP","floor":48.0},{"not_picked":["True Grit","Armaments+1"],"picked":"Shockwave","floor":49}],"player_experience":417368,"relics_obtained":[{"floor":9.0,"key":"Incense Burner"},{"floor":21.0,"key":"Gambling Chip"},{"floor":21.0,"key":"Letter Opener"},{"floor":23.0,"key":"Torii"},{"floor":26.0,"key":"Whetstone"},{"floor":27.0,"key":"Red Skull"},{"floor":37.0,"key":"Orichalcum"},{"floor":38.0,"key":"StoneCalendar"},{"floor":41.0,"key":"Bottled Tornado"},{"floor":43.0,"key":"Dream Catcher"}],"event_choices":[{"damage_healed":0.0,"max_hp_gain":0.0,"max_hp_loss":0.0,"gold_gain":0.0,"event_name":"Shining Light","player_choice":"Entered Light","floor":2.0,"gold_loss":0.0,"damage_taken":16.0,"cards_upgraded":["Strike_R","Defend_R"]},{"damage_healed":0.0,"max_hp_gain":0.0,"max_hp_loss":0.0,"gold_gain":0.0,"event_name":"Wheel of Change","player_choice":"Cursed","floor":8.0,"gold_loss":0.0,"damage_taken":0.0,"cards_obtained":["Decay"]},{"damage_healed":0.0,"max_hp_gain":5.0,"max_hp_loss":0.0,"gold_gain":0.0,"event_name":"Big Fish","player_choice":"Donut","floor":13.0,"gold_loss":0.0,"damage_taken":0.0},{"damage_healed":0.0,"max_hp_gain":0.0,"max_hp_loss":0.0,"gold_gain":0.0,"cards_transformed":["Strike_R"],"event_name":"Living Wall","player_choice":"Change","floor":14.0,"gold_loss":0.0,"damage_taken":0.0,"cards_obtained":["Twin Strike"]},{"cards_removed":["Strike_R"],"damage_healed":0.0,"max_hp_gain":0.0,"max_hp_loss":0.0,"gold_gain":0.0,"event_name":"Back to Basics","player_choice":"Elegance","floor":20.0,"gold_loss":0.0,"damage_taken":0.0},{"damage_healed":0.0,"max_hp_gain":0.0,"max_hp_loss":0.0,"gold_gain":0.0,"event_name":"Colosseum","player_choice":"Fight","floor":21.0,"gold_loss":0.0,"damage_taken":0.0},{"damage_healed":0.0,"max_hp_gain":0.0,"max_hp_loss":0.0,"gold_gain":0.0,"event_name":"Colosseum","player_choice":"Fought Nobs","floor":21.0,"gold_loss":0.0,"damage_taken":0.0},{"damage_healed":0.0,"max_hp_gain":0.0,"max_hp_loss":4.0,"gold_gain":0.0,"event_name":"Winding Halls","player_choice":"Max HP","floor":36.0,"gold_loss":0.0,"damage_taken":0.0},{"damage_healed":0.0,"max_hp_gain":0.0,"max_hp_loss":0.0,"gold_gain":0.0,"event_name":"MindBloom","player_choice":"Fight","floor":38.0,"gold_loss":0.0,"damage_taken":0.0},{"damage_healed":0.0,"max_hp_gain":0.0,"max_hp_loss":0.0,"gold_gain":0.0,"event_name":"SensoryStone","player_choice":"Memory 1","floor":42.0,"gold_loss":0.0,"damage_taken":0.0},{"damage_healed":0.0,"max_hp_gain":0.0,"max_hp_loss":0.0,"gold_gain":0.0,"event_name":"Accursed Blacksmith","player_choice":"Forge","floor":46.0,"gold_loss":0.0,"damage_taken":0.0,"cards_upgraded":["Spot Weakness"]}],"is_beta":false,"boss_relics":[{"not_picked":["Cursed Key","Ectoplasm"],"picked":"Snecko Eye"},{"not_picked":["Runic Pyramid","Black Star"],"picked":"Philosopher\u0027s Stone"}],"items_purged_floors":[28,39,47],"is_endless":false,"potions_floor_spawned":[3,7,12,16,21,21,23,25,27,33,35,38],"killed_by":"Time Eater","ascension_level":4}