{"gold_per_floor":[113,113,113,188,86,86,86,98,147,158,58,58,75,101,101,205,205,221,96,111,111,26,26,56,56,79,33,63,79,79,108,108,108],"floor_reached":33,"playtime":1503,"items_purged":["Strike_R","Strike_R","Strike_R"],"score":339,"play_id":"fc76c2e2-8c2f-484c-9f68-7c6dc9d4a3cc","local_time":"20190124204518","is_ascension_mode":true,"campfire_choices":[{"floor":7,"key":"REST"},{"data":"Armaments","floor":12,"key":"SMITH"},{"floor":15,"key":"REST"},{"data":"Armaments","floor":23,"key":"SMITH"},{"data":"Thunderclap","floor":25,"key":"SMITH"},{"floor":32,"key":"RECALL"}],"neow_cost":"NONE","seed_source_timestamp":1282546517782518,"circlet_count":0,"master_deck":["Defend_R","Defend_R","Defend_R","Defend_R","Bash+1","Twin Strike","Armaments+1","Armaments+1","Shrug It Off","Iron Wave","Cleave+1","Bite","Bite","Bite","Bite","Bite","Thunderclap+1","Shrug It Off","Body Slam+1","Cleave+1"],"relics":["Burning Blood","Regal Pillow","Centennial Puzzle","Philosopher\u0027s Stone","Frozen Egg 2","Bird Faced Urn","Pen Nib","Ginger","Matryoshka"],"potions_floor_usage":[14,28,31,33,33],"damage_taken":[{"damage":5,"enemies":"Small Slimes","floor":1,"turns":4},{"damage":1,"enemies":"2 Louse","floor":8,"turns":3},{"damage":0,"enemies":"Jaw Worm","floor":10,"turns":3},{"damage":10,"enemies":"Large Slime","floor":13,"turns":6},{"damage":42,"enemies":"Gremlin Nob","floor":14,"turns":6},{"damage":38,"enemies":"The Guardian","floor":16,"turns":15},{"damage":37,"enemies":"2 Thieves","floor":18,"turns":5},{"damage":4,"enemies":"Shell Parasite","floor":20,"turns":7},{"damage":42,"enemies":"Gremlin Leader","floor":24,"turns":6},{"damage":28,"enemies":"Slavers","floor":28,"turns":5},{"damage":19,"enemies":"Centurion and Healer","floor":29,"turns":6},{"damage":18,"enemies":"Gremlin Leader","floor":31,"turns":5},{"damage":119,"enemies":"Collector","floor":33,"turns":8}],"seed_played":"2839233486237032765","potions_obtained":[{"floor":1,"key":"FearPotion"},{"floor":14,"key":"FairyPotion"},{"floor":16,"key":"FearPotion"},{"floor":24,"key":"Energy Potion"},{"floor":29,"key":"Strength Potion"},{"floor":31,"key":"BloodPotion"}],"is_trial":false,"path_per_floor":["M","?","?","?","$","?","R","M","T","M","$","R","M","E","R","B",null,"M","$","M","?","?","R","E","R","T","$","E","M","$","E","R","B"],"character_chosen":"IRONCLAD","items_purchased":["Armaments","Shrug It Off"],"campfire_rested":2,"item_purchase_floors":[5,27],"current_hp_per_floor":[80,80,64,53,53,58,85,85,85,85,85,85,81,45,85,53,85,54,54,56,56,56,56,38,38,38,38,33,48,48,51,51,0],"gold":108,"neow_bonus":"RANDOM_COMMON_RELIC","is_prod":false,"is_daily":false,"chose_seed":false,"campfire_upgraded":3,"win_rate":0,"timestamp":1548380718,"path_taken":["M","?","?","?","$","?","R","M","T","M","$","R","?","E","R","BOSS","M","$","M","?","?","R","E","R","T","?","E","M","$","E","R","BOSS"],"build_version":"2019-01-23","purchased_purges":3,"victory":false,"max_hp_per_floor":[80,80,80,80,80,85,85,85,85,85,85,85,85,85,85,85,85,85,85,85,59,59,59,59,59,59,59,59,59,59,59,59,59],"card_choices":[{"not_picked":["Sword Boomerang","Wild Strike"],"picked":"Twin Strike","floor":1},{"not_picked":["Disarm","Fire Breathing"],"picked":"Armaments","floor":8},{"not_picked":["Havoc","Headbutt"],"picked":"Shrug It Off","floor":10},{"not_picked":["Feel No Pain","Dropkick","Ghostly Armor"],"picked":"SKIP","floor":13},{"not_picked":["Perfected Strike","Carnage"],"picked":"Iron Wave","floor":14},{"not_picked":["Havoc","Ghostly Armor"],"picked":"Cleave+1","floor":18},{"not_picked":["Reckless Charge","Iron Wave","Anger"],"picked":"SKIP","floor":20},{"not_picked":["Sword Boomerang","Wild Strike+1"],"picked":"Thunderclap","floor":24},{"not_picked":["Hemokinesis","Impervious","Second Wind"],"picked":"SKIP","floor":28},{"not_picked":["Warcry+1","Armaments"],"picked":"Body Slam+1","floor":29},{"not_picked":["Clash","Berserk+1"],"picked":"Cleave+1","floor":31}],"player_experience":828645,"relics_obtained":[{"floor":14,"key":"Centennial Puzzle"},{"floor":24,"key":"Bird Faced Urn"},{"floor":26,"key":"Pen Nib"},{"floor":28,"key":"Ginger"},{"floor":31,"key":"Matryoshka"}],"event_choices":[{"damage_healed":0,"gold_gain":0,"player_choice":"Grow","damage_taken":0,"max_hp_gain":0,"max_hp_loss":0,"event_name":"Living Wall","floor":2,"gold_loss":0,"cards_upgraded":["Bash"]},{"damage_healed":0,"gold_gain":0,"player_choice":"Entered Light","damage_taken":16,"max_hp_gain":0,"max_hp_loss":0,"event_name":"Shining Light","floor":3,"gold_loss":0,"cards_upgraded":["Strike_R","Strike_R"]},{"damage_healed":0,"gold_gain":75,"player_choice":"Gather Gold","damage_taken":11,"max_hp_gain":0,"max_hp_loss":0,"event_name":"World of Goop","floor":4,"gold_loss":0},{"damage_healed":0,"gold_gain":0,"player_choice":"Donut","damage_taken":0,"max_hp_gain":5,"max_hp_loss":0,"event_name":"Big Fish","floor":6,"gold_loss":0},{"damage_healed":0,"gold_gain":0,"player_choice":"Became a vampire","damage_taken":0,"max_hp_gain":0,"max_hp_loss":26,"event_name":"Vampires","floor":21,"gold_loss":0,"cards_obtained":["Bite","Bite","Bite","Bite","Bite"]},{"damage_healed":0,"gold_gain":0,"player_choice":"Obtained Relic","damage_taken":0,"relics_obtained":["Frozen Egg 2"],"max_hp_gain":0,"max_hp_loss":0,"event_name":"Addict","floor":22,"gold_loss":85}],"is_beta":false,"boss_relics":[{"not_picked":["Astrolabe","Eternal Feather"],"picked":"Philosopher\u0027s Stone"}],"items_purged_floors":[5,11,19],"is_endless":false,"potions_floor_spawned":[1,14,16,24,29,31],"killed_by":"Collector","ascension_level":1}