{"gold_per_floor":[113,21,21,21,37,71,90,90,90,107,118,118,151,167,167,270,270,282,297,196,215,215,227,267,292,357,380,65,65,78,78,78,78],"floor_reached":33,"playtime":1761,"items_purged":["Defend_B","Strike_B"],"score":441,"play_id":"ea0801a6-d085-4d6c-ae57-15fc6ddd8485","local_time":"20190206105419","is_ascension_mode":true,"campfire_choices":[{"floor":15,"key":"REST"},{"floor":23,"key":"REST"},{"floor":29,"key":"REST"},{"floor":32,"key":"REST"}],"neow_cost":"NONE","seed_source_timestamp":37438895012761,"circlet_count":0,"master_deck":["Strike_B","Strike_B","Defend_B","Defend_B","Zap","Dualcast","Rip and Tear","Leap","Defragment","Undo","Glacier","Cold Snap","Coolheaded","Melter","Capacitor","Loop","Creative AI","Capacitor","Hologram","Go for the Eyes","Writhe","Coolheaded"],"relics":["Cracked Core","NeowsBlessing","Letter Opener","Question Card","Dodecahedron","Busted Crown","MawBank","The Courier","DataDisk","Incense Burner"],"potions_floor_usage":[4,16,16,18],"damage_taken":[{"damage":0,"enemies":"Cultist","floor":1,"turns":1},{"damage":0,"enemies":"Small Slimes","floor":5,"turns":1},{"damage":0,"enemies":"3 Sentries","floor":6,"turns":1},{"damage":0,"enemies":"2 Louse","floor":7,"turns":2},{"damage":7,"enemies":"Exordium Wildlife","floor":10,"turns":3},{"damage":8,"enemies":"3 Louse","floor":11,"turns":5},{"damage":22,"enemies":"Lagavulin","floor":13,"turns":7},{"damage":1,"enemies":"Looter","floor":14,"turns":4},{"damage":21,"enemies":"The Guardian","floor":16,"turns":10},{"damage":14,"enemies":"3 Byrds","floor":18,"turns":6},{"damage":0,"enemies":"Spheric Guardian","floor":19,"turns":2},{"damage":22,"enemies":"Snake Plant","floor":21,"turns":6},{"damage":50,"enemies":"Slavers","floor":24,"turns":14},{"damage":0,"enemies":"Snecko","floor":25,"turns":8},{"damage":0,"enemies":"Centurion and Healer","floor":27,"turns":11},{"damage":4,"enemies":"Chosen and Byrds","floor":30,"turns":7},{"damage":53,"enemies":"Champ","floor":33,"turns":12}],"seed_played":"5410801587193286958","potions_obtained":[{"floor":4,"key":"Regen Potion"},{"floor":4,"key":"FocusPotion"},{"floor":4,"key":"Fruit Juice"},{"floor":5,"key":"LiquidBronze"},{"floor":14,"key":"SpeedPotion"},{"floor":16,"key":"SkillPotion"},{"floor":18,"key":"Ancient Potion"},{"floor":25,"key":"Ancient Potion"}],"is_trial":false,"path_per_floor":["M","$","?","?","M","E","M","?","T","M","M","$","E","M","R","B",null,"M","M","$","M","?","R","E","M","T","M","$","R","M","?","R","B"],"character_chosen":"DEFECT","items_purchased":["Leap","Defragment","Hologram","Incense Burner"],"campfire_rested":4,"item_purchase_floors":[2,2,20,28],"current_hp_per_floor":[68,68,61,66,66,66,66,66,66,59,51,51,29,28,52,31,68,54,54,54,32,32,56,6,6,6,6,6,30,26,26,50,0],"gold":78,"neow_bonus":"THREE_ENEMY_KILL","is_prod":false,"is_daily":false,"chose_seed":false,"campfire_upgraded":0,"win_rate":0,"timestamp":1549468459,"path_taken":["M","$","?","?","?","E","M","?","T","?","M","$","E","M","R","BOSS","M","M","$","M","?","R","E","M","T","M","$","R","M","?","R","BOSS"],"build_version":"2019-01-23","purchased_purges":2,"victory":false,"max_hp_per_floor":[75,75,75,80,80,80,80,80,80,80,80,80,80,80,80,80,80,80,80,80,80,80,80,80,80,80,80,80,80,80,80,80,80],"card_choices":[{"not_picked":["Gash","Hello World"],"picked":"Rip and Tear","floor":1},{"not_picked":["Force Field","Compile Driver"],"picked":"Undo","floor":5},{"not_picked":["Turbo","Machine Learning"],"picked":"Glacier","floor":6},{"not_picked":["Rebound","Leap"],"picked":"Cold Snap","floor":7},{"not_picked":["Rebound","Glacier","Blizzard"],"picked":"Coolheaded","floor":10},{"not_picked":["Ball Lightning","Compile Driver","Gash"],"picked":"Melter","floor":11},{"not_picked":["Beam Cell","Coolheaded","Hyperbeam"],"picked":"Capacitor","floor":13},{"not_picked":["Doom and Gloom","Cold Snap","Static Discharge"],"picked":"Loop","floor":14},{"not_picked":["All For One","Meteor Strike","Reboot"],"picked":"Creative AI","floor":16},{"not_picked":["Turbo"],"picked":"Capacitor","floor":18},{"not_picked":["Stack+1","Rebound+1"],"picked":"SKIP","floor":19},{"not_picked":["Sweeping Beam"],"picked":"Go for the Eyes","floor":21},{"not_picked":["Reprogram"],"picked":"Coolheaded","floor":24},{"not_picked":["Coolheaded+1","Beam Cell+1"],"picked":"SKIP","floor":25},{"not_picked":["BootSequence","Redo"],"picked":"SKIP","floor":27},{"not_picked":["BootSequence","Steam"],"picked":"SKIP","floor":30}],"player_experience":467064,"relics_obtained":[{"floor":6,"key":"Letter Opener"},{"floor":9,"key":"Question Card"},{"floor":13,"key":"Dodecahedron"},{"floor":24,"key":"The Courier"},{"floor":26,"key":"DataDisk"}],"event_choices":[{"cards_removed":["Defend_B"],"damage_healed":0,"gold_gain":0,"player_choice":"Card Removal","damage_taken":7,"max_hp_gain":0,"max_hp_loss":0,"event_name":"Golden Wing","floor":3,"gold_loss":0},{"damage_healed":0,"gold_gain":0,"player_choice":"Got Potions","damage_taken":0,"max_hp_gain":0,"max_hp_loss":0,"event_name":"Lab","floor":4,"gold_loss":0},{"cards_removed":["Strike_B"],"damage_healed":0,"gold_gain":0,"player_choice":"Purged","damage_taken":0,"max_hp_gain":0,"max_hp_loss":0,"event_name":"Purifier","floor":8,"gold_loss":0},{"damage_healed":0,"gold_gain":0,"player_choice":"Opened","damage_taken":0,"relics_obtained":["MawBank"],"max_hp_gain":0,"max_hp_loss":0,"event_name":"The Mausoleum","floor":22,"gold_loss":0,"cards_obtained":["Writhe"]},{"damage_healed":0,"gold_gain":0,"player_choice":"Ignored","damage_taken":0,"max_hp_gain":0,"max_hp_loss":0,"event_name":"Ghosts","floor":31,"gold_loss":0}],"is_beta":false,"boss_relics":[{"not_picked":["Inserter","Empty Cage"],"picked":"Busted Crown"}],"items_purged_floors":[20,28],"is_endless":false,"potions_floor_spawned":[5,6,14,16,18,25],"killed_by":"Champ","ascension_level":9}