{"gold_per_floor":[112,122,137,137,107,137,137,63,63,75,75,75,85,97,97,97],"floor_reached":16,"playtime":932,"items_purged":[],"score":102,"play_id":"a9acc881-4959-4388-98f8-7f2e723da706","local_time":"20190112103019","is_ascension_mode":false,"campfire_choices":[{"floor":7,"key":"REST"},{"floor":11,"key":"DIG"},{"floor":15,"key":"REST"}],"neow_cost":"NONE","seed_source_timestamp":896066489647924,"circlet_count":0,"master_deck":["Defend_G","Defend_G","Defend_G","Defend_G","Strike_G","Strike_G","Strike_G","Strike_G","Strike_G","Survivor","Neutralize","Outmaneuver","Expertise","Prepared","Deadly Poison","Infinite Blades","Tactician","Quick Slash","Die Die Die","Flying Knee"],"relics":["Ring of the Snake","Shovel","Peace Pipe","Kunai"],"potions_floor_usage":[],"damage_taken":[{"damage":0,"enemies":"Jaw Worm","floor":1,"turns":6},{"damage":0,"enemies":"Cultist","floor":2,"turns":4},{"damage":0,"enemies":"Small Slimes","floor":3,"turns":4},{"damage":0,"enemies":"Looter","floor":5,"turns":4},{"damage":60,"enemies":"Gremlin Nob","floor":6,"turns":7},{"damage":4,"enemies":"Blue Slaver","floor":10,"turns":4},{"damage":12,"enemies":"Red Slaver","floor":13,"turns":4},{"damage":0,"enemies":"3 Louse","floor":14,"turns":3},{"damage":51,"enemies":"Slime Boss","floor":16,"turns":5}],"seed_played":"-851102709621678312","potions_obtained":[{"floor":3,"key":"Fire Potion"},{"floor":10,"key":"Strength Potion"},{"floor":13,"key":"Swift Potion"}],"is_trial":false,"path_per_floor":["M","M","M","?","M","E","R","$","T","M","R","$","M","M","R","B"],"character_chosen":"THE_SILENT","items_purchased":["Tactician"],"campfire_rested":2,"item_purchase_floors":[8],"current_hp_per_floor":[77,77,77,77,77,17,40,40,40,36,36,36,24,24,47,0],"gold":97,"neow_bonus":"TEN_PERCENT_HP_BONUS","is_prod":false,"is_daily":false,"chose_seed":false,"campfire_upgraded":0,"win_rate":0.0,"timestamp":1547285419,"path_taken":["M","M","M","?","M","E","R","$","T","M","R","$","M","?","R","BOSS"],"build_version":"2019-01-10","purchased_purges":0,"victory":false,"max_hp_per_floor":[77,77,77,77,77,77,77,77,77,77,77,77,77,77,77,77],"card_choices":[{"not_picked":["Sucker Punch","Quick Slash"],"picked":"Outmaneuver","floor":1},{"not_picked":["Endless Agony","Deadly Poison"],"picked":"Expertise","floor":2},{"not_picked":["Outmaneuver","Masterful Stab"],"picked":"Prepared","floor":3},{"not_picked":["Backstab","Deflect"],"picked":"Deadly Poison","floor":5},{"not_picked":["Poisoned Stab","Quick Slash"],"picked":"Infinite Blades","floor":6},{"not_picked":["Flying Knee","Blade Dance"],"picked":"Quick Slash","floor":10},{"not_picked":["Choke","Sucker Punch"],"picked":"Die Die Die","floor":13},{"not_picked":["Heel Hook","Poisoned Stab"],"picked":"Flying Knee","floor":14}],"player_experience":148922,"relics_obtained":[{"floor":6,"key":"Shovel"},{"floor":9,"key":"Peace Pipe"},{"floor":11,"key":"Kunai"}],"event_choices":[{"cards_removed":["Defend_G"],"damage_healed":0,"gold_gain":0,"player_choice":"Offered Basic","damage_taken":0,"max_hp_gain":0,"max_hp_loss":0,"event_name":"Bonfire Elementals","floor":4,"gold_loss":0}],"is_beta":false,"boss_relics":[],"items_purged_floors":[],"is_endless":false,"potions_floor_spawned":[3,10,13,14],"killed_by":"Slime Boss","ascension_level":0}