{"gold_per_floor":[137,30,68,106,6,44,82,82,107,145,183,183,40,115,115,365,365,403,403,26,64,24,24],"floor_reached":23,"playtime":2231,"items_purged":["Defend_G","Strike_G","Defend_G"],"score":218,"play_id":"6e2f39d6-b066-46e8-ba6a-2ac3d80cba55","local_time":"20181013112245","daily_mods":["Heirloom","Vintage","MonsterHunter"],"is_ascension_mode":false,"campfire_choices":[{"floor":15,"key":"REST"}],"neow_cost":"","seed_source_timestamp":290403111172872,"circlet_count":0,"master_deck":["Defend_G","Defend_G","Defend_G","Strike_G","Strike_G","Survivor","Neutralize","Discovery","Quick Slash","Escape Plan","Quick Slash","Poisoned Stab","Dagger Spray","Poisoned Stab","Glass Knife","Ghostly","Ghostly","Ghostly","Ghostly","Ghostly","Accuracy+1","Accuracy+1","Slice"],"special_seed":17817,"relics":["Ring of the Snake","Turnip","Frozen Egg 2","Paper Crane","Juzu Bracelet","Smiling Mask","Happy Flower","Lantern","Oddly Smooth Stone","Anchor","Dream Catcher","Bird Faced Urn","WristBlade","Mango","DollysMirror","Snake Skull"],"potions_floor_usage":[4,6,14,14,18,22,23,23],"damage_taken":[{"damage":0,"enemies":"2 Louse","floor":1,"turns":4},{"damage":6,"enemies":"Cultist","floor":3,"turns":6},{"damage":3,"enemies":"Jaw Worm","floor":4,"turns":5},{"damage":2,"enemies":"Large Slime","floor":6,"turns":8},{"damage":1,"enemies":"2 Fungi Beasts","floor":7,"turns":6},{"damage":4,"enemies":"3 Louse","floor":10,"turns":5},{"damage":1,"enemies":"Blue Slaver","floor":11,"turns":4},{"damage":12,"enemies":"Gremlin Nob","floor":14,"turns":5},{"damage":59,"enemies":"Hexaghost","floor":16,"turns":14},{"damage":8,"enemies":"Shell Parasite","floor":18,"turns":6},{"damage":26,"enemies":"Chosen","floor":21,"turns":7},{"damage":29,"enemies":"Book of Stabbing","floor":23,"turns":7}],"seed_played":"646402910628373304","potions_obtained":[{"floor":1,"key":"Explosive Potion"},{"floor":4,"key":"Poison Potion"},{"floor":7,"key":"SteroidPotion"},{"floor":10,"key":"EssenceOfSteel"},{"floor":16,"key":"EssenceOfSteel"},{"floor":22,"key":"Explosive Potion"},{"floor":22,"key":"SteroidPotion"},{"floor":22,"key":"Fruit Juice"}],"is_trial":false,"path_per_floor":["M","$","M","M","$","M","M","?","T","M","M","?","$","E","R","B",null,"M","?","$","M","?"],"character_chosen":"THE_SILENT","items_purchased":["Discovery","Quick Slash","Quick Slash","Poisoned Stab","Accuracy+1","DollysMirror","Slice"],"campfire_rested":1,"item_purchase_floors":[2,5,13,13,20,20,20],"current_hp_per_floor":[70,70,64,61,61,59,58,58,58,54,53,53,53,41,62,3,70,76,42,42,16,21,0],"gold":24,"neow_bonus":"","is_prod":false,"is_daily":true,"chose_seed":false,"campfire_upgraded":0,"win_rate":0,"timestamp":1539444165,"path_taken":["M","$","M","M","$","M","M","?","T","M","M","?","$","E","R","BOSS","M","?","$","M","?","E"],"build_version":"2018-10-11","purchased_purges":3,"victory":false,"max_hp_per_floor":[70,70,70,70,70,70,70,70,70,70,70,70,70,70,70,70,70,84,42,42,42,47,47],"card_choices":[{"not_picked":["Infinite Blades+1","Deadly Poison"],"picked":"Dagger Spray","floor":14},{"not_picked":["Leg Sweep","Bane"],"picked":"Poisoned Stab","floor":15},{"not_picked":["Die Die Die","Doppelganger"],"picked":"Glass Knife","floor":16}],"player_experience":297096,"relics_obtained":[{"floor":1,"key":"Frozen Egg 2"},{"floor":3,"key":"Paper Crane"},{"floor":4,"key":"Juzu Bracelet"},{"floor":6,"key":"Smiling Mask"},{"floor":7,"key":"Happy Flower"},{"floor":9,"key":"Lantern"},{"floor":10,"key":"Oddly Smooth Stone"},{"floor":11,"key":"Anchor"},{"floor":14,"key":"Dream Catcher"},{"floor":16,"key":"Bird Faced Urn"},{"floor":18,"key":"Mango"},{"floor":21,"key":"Snake Skull"}],"event_choices":[{"event_name":"Bonfire Elementals","player_choice":"BASIC","floor":8,"damage_taken":0},{"event_name":"Living Wall","player_choice":"Change","floor":12,"damage_taken":0},{"event_name":"Ghosts","player_choice":"Became a Ghost","floor":19,"damage_taken":0},{"event_name":"The Woman in Blue","player_choice":"Bought 3 Potions","floor":22,"damage_taken":0}],"is_beta":false,"boss_relics":[{"not_picked":["Runic Dome","Fusion Hammer"],"picked":"WristBlade"}],"items_purged_floors":[5,13,20],"is_endless":false,"potions_floor_spawned":[1,4,7,10,16],"killed_by":"Book of Stabbing","ascension_level":0}