{"gold_per_floor":[113,113,113,60,78,78,107,107,107,118,30,55,55,69,69,146,146,119,135,185,203,4,4,31,31,31,66,66,82,82,94,94,166,166,182,182,182,20,37,37,51,51,51,71,18,37,37,57,57,57],"floor_reached":50,"playtime":3110,"items_purged":[],"score":1005,"play_id":"36cccd2f-80bd-43b6-b545-d6e04f91aa81","local_time":"20181101025720","is_ascension_mode":true,"campfire_choices":[{"data":"Deadly Poison","floor":6,"key":"SMITH"},{"floor":8,"key":"REST"},{"floor":13,"key":"REST"},{"data":"Noxious Fumes","floor":15,"key":"SMITH"},{"floor":23,"key":"REST"},{"floor":25,"key":"REST"},{"floor":32,"key":"REST"},{"floor":40,"key":"REST"},{"data":"Burst","floor":42,"key":"SMITH"},{"floor":49,"key":"REST"}],"neow_cost":"NONE","seed_source_timestamp":31842569987600,"circlet_count":0,"master_deck":["Defend_G","Defend_G","Defend_G+1","Defend_G","Defend_G","Strike_G","Strike_G","Strike_G","Strike_G","Strike_G+1","Survivor","Neutralize+1","AscendersBane","Backstab","Deadly Poison+1","Terror","Noxious Fumes+1","PiercingWail","Dash","Infinite Blades","Doppelganger","PiercingWail","Dagger Spray","Backflip","After Image","All Out Attack","Backflip","Cloak And Dagger","Burst+1","Choke+1","Dark Shackles","Dark Shackles","Prepared","Bouncing Flask","Crippling Poison+1","Backflip","Blur+1","Catalyst"],"relics":["Cursed Key","Regal Pillow","Lantern","Runic Pyramid","Omamori","Boot","Ninja Scroll","Bottled Flame","Runic Dome","Oddly Smooth Stone"],"potions_floor_usage":[7,27,33,33,48,48,50],"damage_taken":[{"damage":1,"enemies":"2 Louse","floor":1,"turns":4},{"damage":0,"enemies":"Jaw Worm","floor":5,"turns":3},{"damage":27,"enemies":"3 Sentries","floor":7,"turns":11},{"damage":9,"enemies":"Small Slimes","floor":10,"turns":3},{"damage":22,"enemies":"Lagavulin","floor":12,"turns":7},{"damage":0,"enemies":"Blue Slaver","floor":14,"turns":3},{"damage":20,"enemies":"Hexaghost","floor":16,"turns":9},{"damage":14,"enemies":"2 Thieves","floor":18,"turns":4},{"damage":4,"enemies":"Spheric Guardian","floor":19,"turns":7},{"damage":0,"enemies":"Centurion and Healer","floor":21,"turns":7},{"damage":23,"enemies":"Gremlin Leader","floor":24,"turns":7},{"damage":7,"enemies":"Book of Stabbing","floor":27,"turns":6},{"damage":14,"enemies":"Cultist and Chosen","floor":29,"turns":7},{"damage":8,"enemies":"Snake Plant","floor":31,"turns":4},{"damage":52,"enemies":"Champ","floor":33,"turns":13},{"damage":0,"enemies":"3 Shapes","floor":35,"turns":10},{"damage":9,"enemies":"3 Darklings","floor":39,"turns":7},{"damage":2,"enemies":"4 Shapes","floor":41,"turns":9},{"damage":29,"enemies":"Maw","floor":44,"turns":9},{"damage":6,"enemies":"Jaw Worm Horde","floor":46,"turns":4},{"damage":12,"enemies":"3 Darklings","floor":48,"turns":5},{"damage":63,"enemies":"Awakened One","floor":50,"turns":14}],"seed_played":"-1077190454799674175","potions_obtained":[{"floor":5,"key":"Weak Potion"},{"floor":10,"key":"Explosive Potion"},{"floor":14,"key":"SteroidPotion"},{"floor":27,"key":"PowerPotion"},{"floor":29,"key":"PowerPotion"},{"floor":33,"key":"Block Potion"},{"floor":35,"key":"Fire Potion"},{"floor":48,"key":"Swift Potion"}],"is_trial":false,"path_per_floor":["M","?","?","$","M","R","E","R","T","M","$","E","R","M","R","B",null,"M","M","?","M","$","R","E","R","T","E","T","M","?","M","R","B",null,"M","?","?","$","M","R","M","R","T","M","$","M","$","M","R"],"character_chosen":"THE_SILENT","items_purchased":["Deadly Poison","Doppelganger","After Image","All Out Attack","Oddly Smooth Stone","Backflip"],"campfire_rested":7,"item_purchase_floors":[4,11,22,22,38,45],"current_hp_per_floor":[58,58,38,38,38,38,11,45,45,36,36,14,48,48,48,28,57,43,39,39,39,39,66,43,66,66,59,59,45,27,19,55,3,54,54,44,44,44,35,71,69,69,69,40,40,34,34,22,58,0],"gold":57,"neow_bonus":"BOSS_RELIC","is_prod":false,"is_daily":false,"chose_seed":false,"campfire_upgraded":3,"win_rate":0,"timestamp":1541055440,"path_taken":["M","?","?","$","?","R","E","R","T","M","?","E","R","M","R","BOSS","M","M","?","M","?","R","E","R","T","E","?","?","?","M","R","BOSS","M","?","?","$","M","R","M","R","T","M","$","M","?","?","R","BOSS"],"build_version":"2018-10-29v2","purchased_purges":0,"victory":false,"max_hp_per_floor":[66,66,66,66,66,66,66,66,66,66,66,66,66,66,66,66,66,66,66,66,66,66,66,66,66,66,66,66,66,71,71,71,71,71,71,71,71,71,71,71,71,71,71,71,71,71,71,71,71,71],"card_choices":[{"not_picked":["Prepared","Underhanded Strike"],"picked":"Backstab","floor":1},{"not_picked":["Riddle With Holes","Eviscerate"],"picked":"Terror","floor":5},{"not_picked":["Blur","Backstab"],"picked":"Noxious Fumes","floor":7},{"not_picked":["Acrobatics","Heel Hook"],"picked":"PiercingWail","floor":10},{"not_picked":["Infinite Blades","Poisoned Stab"],"picked":"Dash","floor":12},{"not_picked":["Infinite Blades","Terror","Backstab"],"picked":"SKIP","floor":14},{"not_picked":["Terror","Backstab"],"picked":"Infinite Blades","floor":14},{"not_picked":["Phantasmal Killer","Storm of Steel"],"picked":"Doppelganger","floor":16},{"not_picked":["Quick Slash","Well Laid Plans"],"picked":"PiercingWail","floor":18},{"not_picked":["Backflip","Venomology"],"picked":"Dagger Spray","floor":19},{"not_picked":["Tactician","Sucker Punch"],"picked":"Backflip","floor":21},{"not_picked":["Caltrops+1","Eviscerate"],"picked":"Backflip","floor":24},{"not_picked":["Eviscerate+1","Deflect","Acrobatics+1"],"picked":"SKIP","floor":27},{"not_picked":["Tactician","Bane","Phantasmal Killer"],"picked":"SKIP","floor":29},{"not_picked":["Deflect","Distraction"],"picked":"Cloak And Dagger","floor":31},{"not_picked":["Doppelganger","Adrenaline"],"picked":"Burst","floor":33},{"not_picked":["Deflect","Blade Dance"],"picked":"Choke+1","floor":35},{"not_picked":["Transmutation","Panacea"],"picked":"Dark Shackles","floor":36},{"not_picked":["Mind Blast","Secret Weapon"],"picked":"Dark Shackles","floor":36},{"not_picked":["Masterful Stab","Dagger Throw"],"picked":"Prepared","floor":39},{"not_picked":["Sucker Punch","Blade Dance"],"picked":"Bouncing Flask","floor":41},{"not_picked":["Finisher","Flying Knee+1"],"picked":"Crippling Poison+1","floor":44},{"not_picked":["Footwork","Endless Agony"],"picked":"Blur+1","floor":46},{"not_picked":["Acrobatics","Underhanded Strike"],"picked":"Catalyst","floor":48}],"player_experience":1577703,"relics_obtained":[{"floor":7,"key":"Regal Pillow"},{"floor":12,"key":"Lantern"},{"floor":24,"key":"Omamori"},{"floor":26,"key":"Boot"},{"floor":27,"key":"Ninja Scroll"},{"floor":28,"key":"Bottled Flame"}],"event_choices":[{"damage_healed":0,"gold_gain":0,"player_choice":"Grow","damage_taken":0,"max_hp_gain":0,"max_hp_loss":0,"event_name":"Living Wall","floor":2,"gold_loss":0,"cards_upgraded":["Neutralize"]},{"damage_healed":0,"gold_gain":0,"player_choice":"Entered Light","damage_taken":20,"max_hp_gain":0,"max_hp_loss":0,"event_name":"Shining Light","floor":3,"gold_loss":0,"cards_upgraded":["Strike_G","Defend_G"]},{"damage_healed":0,"gold_gain":50,"player_choice":"Stole From Cult","damage_taken":0,"max_hp_gain":0,"max_hp_loss":0,"event_name":"Nest","floor":20,"gold_loss":0},{"damage_healed":0,"gold_gain":0,"player_choice":"Shed Blood","damage_taken":23,"max_hp_gain":5,"max_hp_loss":0,"event_name":"Forgotten Altar","floor":30,"gold_loss":0},{"damage_healed":0,"gold_gain":0,"player_choice":"Memory 3","damage_taken":10,"max_hp_gain":0,"max_hp_loss":0,"event_name":"SensoryStone","floor":36,"gold_loss":0},{"cards_removed":["Doppelganger"],"damage_healed":0,"gold_gain":0,"player_choice":"Removed Skill","damage_taken":0,"max_hp_gain":0,"max_hp_loss":0,"event_name":"Falling","floor":37,"gold_loss":0}],"is_beta":true,"boss_relics":[{"not_picked":["Lizard Tail","Pandora\u0027s Box"],"picked":"Runic Pyramid"},{"not_picked":["Snecko Eye","Calling Bell"],"picked":"Runic Dome"}],"items_purged_floors":[],"is_endless":false,"potions_floor_spawned":[5,10,14,16,27,29,31,33,35,48],"killed_by":"Awakened One","ascension_level":20}