{"gold_per_floor":[15,28,43,30,30,55,55,55,55,55,66,94,19,32,32,137,137,149,167,178,178,189,189,203,236,309,335,335,353,58,58,58,157,157,168,516,535,535,445,445,479,497,497,497,530,548,548,74,74,74],"floor_reached":51,"playtime":3243,"items_purged":["Strike_G","Strike_G","Strike_G"],"score":845,"play_id":"7dc6cbe7-1def-44f6-a18f-8104f30415e2","local_time":"20190205222905","is_ascension_mode":true,"campfire_choices":[{"data":"Dagger Spray","floor":8.0,"key":"SMITH"},{"data":"Finisher","floor":10.0,"key":"SMITH"},{"floor":15,"key":"REST"},{"floor":23,"key":"RECALL"},{"floor":28,"key":"REST"},{"floor":32,"key":"REST"},{"floor":40,"key":"REST"},{"floor":44,"key":"REST"},{"floor":49,"key":"REST"}],"neow_cost":"NO_GOLD","seed_source_timestamp":2409490550931607,"circlet_count":0,"master_deck":["Defend_G","Defend_G","Defend_G","Defend_G","Defend_G","Strike_G","Survivor","Neutralize+1","Flying Knee+1","Dagger Spray+1","Finisher+1","A Thousand Cuts","Storm of Steel","Backflip","Adrenaline","Footwork","Dagger Spray","Caltrops","After Image+1","Deflect+1","RitualDagger","Infinite Blades","Blur+1","Adrenaline","Blade Dance+1","Dodge and Roll+1"],"special_seed":0,"relics":["Ring of the Snake","Dead Branch","Omamori","Tough Bandages","Letter Opener","Bronze Scales","Fusion Hammer","Oddly Smooth Stone","Ornamental Fan","Incense Burner","Strawberry","Sozu","Old Coin","Pocketwatch","Happy Flower","Dream Catcher","Whetstone","Toolbox"],"potions_floor_usage":[16,25,29,33,33],"damage_taken":[{"damage":0.0,"enemies":"Small Slimes","floor":1.0,"turns":4.0},{"damage":0.0,"enemies":"Cultist","floor":2.0,"turns":5.0},{"damage":1.0,"enemies":"Jaw Worm","floor":3.0,"turns":5.0},{"damage":10.0,"enemies":"Exordium Thugs","floor":4.0,"turns":4.0},{"damage":13.0,"enemies":"3 Sentries","floor":6.0,"turns":4.0},{"damage":0.0,"enemies":"3 Louse","floor":11.0,"turns":1.0},{"damage":23.0,"enemies":"Lagavulin","floor":12.0,"turns":9.0},{"damage":1,"enemies":"Exordium Wildlife","floor":14,"turns":2},{"damage":13,"enemies":"Slime Boss","floor":16,"turns":10},{"damage":0,"enemies":"3 Byrds","floor":18,"turns":3},{"damage":0,"enemies":"2 Thieves","floor":19,"turns":3},{"damage":0,"enemies":"Snake Plant","floor":20,"turns":5},{"damage":1,"enemies":"Centurion and Healer","floor":22,"turns":4},{"damage":15,"enemies":"Cultist and Chosen","floor":24,"turns":6},{"damage":19,"enemies":"Slavers","floor":25,"turns":2},{"damage":19,"enemies":"Book of Stabbing","floor":27,"turns":6},{"damage":16,"enemies":"Snecko","floor":29,"turns":7},{"damage":42,"enemies":"Collector","floor":33,"turns":8},{"damage":3,"enemies":"Orb Walker","floor":35,"turns":3},{"damage":0,"enemies":"2 Orb Walkers","floor":36,"turns":5},{"damage":2,"enemies":"3 Darklings","floor":37,"turns":5},{"damage":8,"enemies":"Reptomancer","floor":41,"turns":8},{"damage":0,"enemies":"Writhing Mass","floor":42,"turns":5},{"damage":26,"enemies":"Nemesis","floor":45,"turns":7},{"damage":10,"enemies":"Transient","floor":46,"turns":5},{"damage":0,"enemies":"Donu and Deca","floor":50,"turns":6}],"seed_played":"-4797785024209732832","potions_obtained":[{"floor":4.0,"key":"SteroidPotion"},{"floor":11.0,"key":"SpeedPotion"},{"floor":12.0,"key":"Explosive Potion"},{"floor":14,"key":"GamblersBrew"},{"floor":20,"key":"Poison Potion"},{"floor":24,"key":"SteroidPotion"}],"is_trial":false,"path_per_floor":["M","M","M","M","$","E","?","R","T","R","M","E","$","M","R","B",null,"M","M","M","?","M","R","M","E","T","E","R","M","$","?","R","B",null,"M","?","M","?","?","R","E","M","T","R","E","M","?","$","R","B",null],"character_chosen":"THE_SILENT","items_purchased":["Strawberry","Strength Potion","Whetstone","Toolbox"],"campfire_rested":6,"item_purchase_floors":[30,30,48,48],"current_hp_per_floor":[70,70,69,59,59,46,46,46,46,46,46,23,23,22,43,30,70,70,70,70,70,69,69,54,35,35,16,37,21,28,22,45,3,77,74,74,72,72,72,77,69,69,69,77,51,41,60,60,77,77],"gold":74,"neow_bonus":"ONE_RARE_RELIC","is_prod":false,"is_daily":false,"chose_seed":false,"campfire_upgraded":2,"win_rate":0,"timestamp":1549441745,"path_taken":["M","M","M","M","$","E","?","R","T","R","?","E","$","M","R","BOSS","M","M","?","?","M","R","M","E","T","E","R","?","$","?","R","BOSS","M","?","M","?","?","R","E","M","T","R","E","?","?","$","R","BOSS"],"build_version":"2019-01-23","purchased_purges":3,"victory":true,"max_hp_per_floor":[70,70,70,70,70,70,70,70,70,70,70,70,70,70,70,70,70,70,70,70,70,70,70,70,70,70,70,70,70,77,77,77,77,77,77,77,77,77,77,77,77,77,77,77,77,77,77,77,77,77],"card_choices":[{"not_picked":["Underhanded Strike","Sucker Punch"],"picked":"Flying Knee","floor":1.0},{"not_picked":["Flechettes","Underhanded Strike"],"picked":"Dagger Spray","floor":2.0},{"not_picked":["Deadly Poison","Dagger Throw"],"picked":"Finisher","floor":3.0},{"not_picked":["Dodge and Roll","Distraction","Prepared"],"picked":"SKIP","floor":4.0},{"not_picked":["Bouncing Flask","Deflect"],"picked":"A Thousand Cuts","floor":6.0},{"not_picked":["Outmaneuver","Sucker Punch","Cloak And Dagger"],"picked":"SKIP","floor":11.0},{"not_picked":["Eviscerate","Flechettes"],"picked":"Storm of Steel","floor":12.0},{"not_picked":["Cloak And Dagger","Deflect"],"picked":"Backflip","floor":14},{"not_picked":["After Image","Unload"],"picked":"Adrenaline","floor":16},{"not_picked":["Acrobatics","Sucker Punch","Deflect"],"picked":"SKIP","floor":18},{"not_picked":["Eviscerate","Bane"],"picked":"Footwork","floor":19},{"not_picked":["Backflip","Heel Hook","Footwork"],"picked":"SKIP","floor":20},{"not_picked":["Reflex","Outmaneuver"],"picked":"Caltrops","floor":22},{"not_picked":["Dash","Riddle With Holes+1","Flying Knee+1"],"picked":"SKIP","floor":24},{"not_picked":["Quick Slash","Flying Knee"],"picked":"After Image","floor":25},{"not_picked":["Finisher","Tactician+1","Accuracy"],"picked":"SKIP","floor":27},{"not_picked":["Bane","Underhanded Strike"],"picked":"Deflect+1","floor":29},{"not_picked":["Flying Knee+1","Deadly Poison"],"picked":"Infinite Blades","floor":35},{"not_picked":["Deadly Poison+1","Blade Dance+1"],"picked":"Blur+1","floor":36},{"not_picked":["Bane","PiercingWail","Slice"],"picked":"SKIP","floor":37},{"not_picked":["Underhanded Strike+1","Caltrops"],"picked":"Adrenaline","floor":41},{"not_picked":["Cloak And Dagger+1","Deflect+1","Bane"],"picked":"SKIP","floor":42},{"not_picked":["Skewer+1","Calculated Gamble"],"picked":"Blade Dance+1","floor":45},{"not_picked":["Calculated Gamble","Flying Knee","Acrobatics"],"picked":"SKIP","floor":46},{"not_picked":["Dagger Spray+1","Acrobatics+1"],"picked":"Dodge and Roll+1","floor":49}],"player_experience":110701,"relics_obtained":[{"floor":6.0,"key":"Omamori"},{"floor":7.0,"key":"Tough Bandages"},{"floor":9.0,"key":"Letter Opener"},{"floor":12.0,"key":"Bronze Scales"},{"floor":25,"key":"Oddly Smooth Stone"},{"floor":26,"key":"Ornamental Fan"},{"floor":27,"key":"Incense Burner"},{"floor":36,"key":"Old Coin"},{"floor":41,"key":"Pocketwatch"},{"floor":43,"key":"Happy Flower"},{"floor":45,"key":"Dream Catcher"}],"event_choices":[{"damage_healed":0.0,"max_hp_gain":0.0,"max_hp_loss":0.0,"gold_gain":0.0,"event_name":"Wheel of Change","player_choice":"Relic","floor":7.0,"gold_loss":0.0,"damage_taken":0.0},{"damage_healed":0,"gold_gain":0,"player_choice":"1 cards matched","damage_taken":0,"max_hp_gain":0,"max_hp_loss":0,"event_name":"Match and Keep!","floor":21,"gold_loss":0,"cards_obtained":["Dagger Spray"]},{"damage_healed":0,"gold_gain":0,"player_choice":"Joined the Cult","damage_taken":6,"max_hp_gain":0,"max_hp_loss":0,"event_name":"Nest","floor":31,"gold_loss":0,"cards_obtained":["RitualDagger"]},{"damage_healed":0,"gold_gain":0,"player_choice":"Fight","damage_taken":0,"max_hp_gain":0,"max_hp_loss":0,"event_name":"Mysterious Sphere","floor":36,"gold_loss":0},{"damage_healed":0,"gold_gain":0,"player_choice":"Ignored","damage_taken":0,"max_hp_gain":0,"max_hp_loss":0,"event_name":"Tomb of Lord Red Mask","floor":38,"gold_loss":0},{"cards_removed":["Strike_G"],"damage_healed":0,"gold_gain":0,"player_choice":"Upgrade and Remove","damage_taken":0,"max_hp_gain":0,"max_hp_loss":0,"event_name":"Designer","floor":39,"gold_loss":90,"cards_upgraded":["After Image"]},{"damage_healed":19,"gold_gain":0,"player_choice":"Writhe","damage_taken":0,"max_hp_gain":0,"max_hp_loss":0,"event_name":"Winding Halls","floor":47,"gold_loss":0,"cards_obtained":["Writhe"]}],"is_beta":false,"boss_relics":[{"not_picked":["Philosopher\u0027s Stone","White Beast Statue"],"picked":"Fusion Hammer"},{"not_picked":["Velvet Choker","Snecko Eye"],"picked":"Sozu"}],"items_purged_floors":[13,30,48],"is_endless":false,"potions_floor_spawned":[4,11,12,14,20,22,24,36,37],"ascension_level":1}