{"gold_per_floor":[114,125,125,141,158,185,135,135,187,207,259,334,344,360,360,455,455,473,473,388,388,388,421,434,467,517,517,533,533,546,565,565,565],"floor_reached":33,"playtime":1436,"items_purged":[],"score":343,"play_id":"f1f968cb-4190-4f85-b384-0ceb995aa886","local_time":"20181117221638","is_ascension_mode":true,"campfire_choices":[{"data":"Ball Lightning","floor":8,"key":"SMITH"},{"floor":15,"key":"REST"},{"data":"Rainbow","floor":27,"key":"SMITH"},{"floor":29,"key":"REST"},{"floor":32,"key":"RECALL"}],"neow_cost":"NONE","seed_source_timestamp":280487122445021,"circlet_count":0,"master_deck":["Defend_B","Defend_B","Defend_B","Zap","Dualcast","Streamline","Ball Lightning+1","Capacitor","Redo","Biased Cognition","Conserve Battery","Glacier","Doom and Gloom","Rainbow+1","Redo+1","Bite","Bite","Bite","Bite","Bite","Machine Learning","Hologram+1","White Noise+1","Coolheaded","Coolheaded+1","Storm"],"relics":["Cracked Core","NeowsBlessing","Kunai","DataDisk","Sozu","PreservedInsect","Happy Flower","Centennial Puzzle","Anchor"],"potions_floor_usage":[28],"damage_taken":[{"damage":0,"enemies":"Small Slimes","floor":1,"turns":1},{"damage":0,"enemies":"Jaw Worm","floor":2,"turns":1},{"damage":0,"enemies":"2 Louse","floor":4,"turns":1},{"damage":16,"enemies":"Blue Slaver","floor":5,"turns":3},{"damage":34,"enemies":"Gremlin Nob","floor":6,"turns":4},{"damage":6,"enemies":"2 Fungi Beasts","floor":10,"turns":2},{"damage":0,"enemies":"Large Slime","floor":13,"turns":3},{"damage":1,"enemies":"Exordium Thugs","floor":14,"turns":4},{"damage":4,"enemies":"The Guardian","floor":16,"turns":10},{"damage":34,"enemies":"2 Thieves","floor":18,"turns":4},{"damage":36,"enemies":"Slavers","floor":23,"turns":3},{"damage":0,"enemies":"Spheric Guardian","floor":24,"turns":3},{"damage":18,"enemies":"Gremlin Leader","floor":25,"turns":5},{"damage":10,"enemies":"Snecko","floor":28,"turns":4},{"damage":11,"enemies":"Centurion and Healer","floor":30,"turns":5},{"damage":13,"enemies":"Cultist and Chosen","floor":31,"turns":5},{"damage":45,"enemies":"Automaton","floor":33,"turns":6}],"seed_played":"6527268753428532668","potions_obtained":[{"floor":1,"key":"SpeedPotion"},{"floor":2,"key":"LiquidBronze"},{"floor":6,"key":"Ancient Potion"}],"is_trial":false,"path_per_floor":["M","M","?","M","M","E","?","R","T","M","?","?","M","M","R","B",null,"M","?","?","?","?","E","M","E","T","R","M","R","M","M","R","B"],"character_chosen":"DEFECT","items_purchased":[],"campfire_rested":2,"item_purchase_floors":[],"current_hp_per_floor":[75,75,80,80,64,30,30,30,30,24,24,13,13,12,36,32,80,46,46,46,46,46,18,24,20,20,20,18,34,33,30,30,0],"gold":565,"neow_bonus":"THREE_ENEMY_KILL","is_prod":false,"is_daily":false,"chose_seed":false,"campfire_upgraded":2,"win_rate":0,"timestamp":1542510998,"path_taken":["M","M","?","M","M","E","?","R","T","M","?","?","M","M","R","BOSS","M","?","?","?","?","E","M","E","T","R","M","R","M","M","R","BOSS"],"build_version":"2018-11-15","purchased_purges":0,"victory":false,"max_hp_per_floor":[75,75,80,80,80,80,80,80,80,80,80,80,80,80,80,80,80,80,80,80,56,56,56,56,56,56,56,56,56,56,56,56,56],"card_choices":[{"not_picked":["Sunder","Turbo"],"picked":"Streamline","floor":1},{"not_picked":["Barrage","Steam"],"picked":"Ball Lightning","floor":2},{"not_picked":["Coolheaded","Cold Snap"],"picked":"Capacitor","floor":4},{"not_picked":["Cold Snap","Streamline"],"picked":"Redo","floor":5},{"not_picked":["Undo","Fusion"],"picked":"Biased Cognition","floor":6},{"not_picked":["Hello World","White Noise"],"picked":"Conserve Battery","floor":10},{"not_picked":["Force Field","Sweeping Beam"],"picked":"Glacier","floor":13},{"not_picked":["Lockon","Go for the Eyes"],"picked":"Doom and Gloom","floor":14},{"not_picked":["Meteor Strike","Reboot"],"picked":"Rainbow","floor":16},{"not_picked":["Hologram","Loop"],"picked":"Redo+1","floor":18},{"not_picked":["Reprogram","FTL"],"picked":"Machine Learning","floor":23},{"not_picked":["Steam","Cold Snap+1"],"picked":"Hologram+1","floor":24},{"not_picked":["Stack","Redo+1"],"picked":"White Noise+1","floor":25},{"not_picked":["Rebound","Cold Snap+1"],"picked":"Coolheaded","floor":28},{"not_picked":["Cold Snap+1","Capacitor"],"picked":"Coolheaded+1","floor":30},{"not_picked":["Rip and Tear","Turbo"],"picked":"Storm","floor":31}],"player_experience":146525,"relics_obtained":[{"floor":6,"key":"Kunai"},{"floor":9,"key":"DataDisk"},{"floor":23,"key":"Happy Flower"},{"floor":25,"key":"Centennial Puzzle"},{"floor":26,"key":"Anchor"}],"event_choices":[{"damage_healed":0,"gold_gain":0,"player_choice":"Donut","damage_taken":0,"max_hp_gain":5,"max_hp_loss":0,"event_name":"Big Fish","floor":3,"gold_loss":0},{"cards_removed":["Strike_B"],"damage_healed":0,"gold_gain":0,"player_choice":"Card Removal","damage_taken":0,"max_hp_gain":0,"max_hp_loss":0,"event_name":"The Cleric","floor":7,"gold_loss":50},{"damage_healed":0,"gold_gain":52,"player_choice":"Gained Gold","damage_taken":0,"max_hp_gain":0,"max_hp_loss":0,"event_name":"Golden Wing","floor":11,"gold_loss":0},{"damage_healed":0,"gold_gain":75,"player_choice":"Gather Gold","damage_taken":11,"max_hp_gain":0,"max_hp_loss":0,"event_name":"World of Goop","floor":12,"gold_loss":0},{"damage_healed":0,"gold_gain":0,"player_choice":"Ignored","damage_taken":0,"max_hp_gain":0,"max_hp_loss":0,"event_name":"Ghosts","floor":19,"gold_loss":0},{"damage_healed":0,"gold_gain":0,"player_choice":"Obtained Relic","damage_taken":0,"relics_obtained":["PreservedInsect"],"max_hp_gain":0,"max_hp_loss":0,"event_name":"Addict","floor":20,"gold_loss":85},{"damage_healed":0,"gold_gain":0,"player_choice":"Became a vampire","damage_taken":0,"max_hp_gain":0,"max_hp_loss":24,"event_name":"Vampires","floor":21,"gold_loss":0,"cards_obtained":["Bite","Bite","Bite","Bite","Bite"]},{"cards_removed":["Defend_B"],"damage_healed":0,"gold_gain":0,"player_choice":"Elegance","damage_taken":0,"max_hp_gain":0,"max_hp_loss":0,"event_name":"Back to Basics","floor":22,"gold_loss":0}],"is_beta":false,"boss_relics":[{"not_picked":["Orrery","Runic Dome"],"picked":"Sozu"}],"items_purged_floors":[],"is_endless":false,"potions_floor_spawned":[1,2,6,13,25,28,30,31],"killed_by":"Automaton","ascension_level":2}