{"gold_per_floor":[209,284,284,311,311,336,336,69,69,69,86,96,109,98,98,194,194,208,208,208,220,233,264,17,30,30,30,47,147,147,157,157,257,257,277,10,27,41,55,55,73,73,98,25,40,67,85,105,105,105,105,105,12,12],"floor_reached":54,"playtime":4476,"items_purged":["Strike_R","Defend_R"],"score":753,"play_id":"11d6d52c-32c0-44e5-8a59-3e403def67f9","local_time":"20181209192703","is_ascension_mode":true,"campfire_choices":[{"data":"Armaments","floor":7.0,"key":"SMITH"},{"floor":15.0,"key":"REST"},{"floor":27.0,"key":"REST"},{"floor":32.0,"key":"REST"},{"floor":40.0,"key":"REST"},{"floor":42.0,"key":"REST"},{"floor":49.0,"key":"RECALL"},{"floor":52,"key":"REST"}],"neow_cost":"NONE","seed_source_timestamp":0,"circlet_count":0,"master_deck":["Strike_R","Strike_R","Defend_R+1","Defend_R","Bash","Armaments+1","Shrug It Off+1","Body Slam","Mayhem","Dark Embrace","Feel No Pain","Whirlwind","Twin Strike","Feed+1","Whirlwind+1","Twin Strike+1","Barricade","Metallicize","True Grit+1","Reaper","Ghostly Armor+1","Shockwave+1","Sadistic Nature","Entrench+1","Shrug It Off+1","Twin Strike+1","Metallicize","Deep Breath+1"],"special_seed":0,"relics":["Burning Blood","Pen Nib","Pantograph","Mark of Pain","Turnip","Shuriken","Anchor","Toxic Egg 2","Bird Faced Urn","Matryoshka","Fusion Hammer","Bronze Scales","War Paint","Thread and Needle"],"potions_floor_usage":[54],"damage_taken":[{"damage":3.0,"enemies":"Small Slimes","floor":1.0,"turns":4.0},{"damage":33.0,"enemies":"Gremlin Nob","floor":6.0,"turns":5.0},{"damage":0.0,"enemies":"2 Louse","floor":11.0,"turns":3.0},{"damage":1.0,"enemies":"Jaw Worm","floor":12.0,"turns":4.0},{"damage":0.0,"enemies":"2 Fungi Beasts","floor":13.0,"turns":1.0},{"damage":7.0,"enemies":"Exordium Thugs","floor":14.0,"turns":4.0},{"damage":34.0,"enemies":"Slime Boss","floor":16.0,"turns":8.0},{"damage":10.0,"enemies":"Chosen","floor":18.0,"turns":4.0},{"damage":3.0,"enemies":"3 Byrds","floor":21.0,"turns":4.0},{"damage":16.0,"enemies":"Snake Plant","floor":22.0,"turns":5.0},{"damage":22.0,"enemies":"Gremlin Leader","floor":23.0,"turns":5.0},{"damage":15.0,"enemies":"Snecko","floor":25.0,"turns":3.0},{"damage":13.0,"enemies":"Chosen and Byrds","floor":28.0,"turns":4.0},{"damage":10.0,"enemies":"Colosseum Slavers","floor":29.0,"turns":3.0},{"damage":40.0,"enemies":"Colosseum Nobs","floor":29.0,"turns":5.0},{"damage":15.0,"enemies":"Snake Plant","floor":31.0,"turns":5.0},{"damage":75.0,"enemies":"Collector","floor":33.0,"turns":10.0},{"damage":19.0,"enemies":"3 Shapes","floor":35.0,"turns":6.0},{"damage":18.0,"enemies":"3 Darklings","floor":37.0,"turns":6.0},{"damage":18.0,"enemies":"Maw","floor":38.0,"turns":9.0},{"damage":80.0,"enemies":"4 Shapes","floor":39.0,"turns":5.0},{"damage":46.0,"enemies":"Writhing Mass","floor":41.0,"turns":10.0},{"damage":3.0,"enemies":"Jaw Worm Horde","floor":45.0,"turns":3.0},{"damage":13.0,"enemies":"Giant Head","floor":46.0,"turns":9.0},{"damage":11.0,"enemies":"Sphere and 2 Shapes","floor":47.0,"turns":6.0},{"damage":0.0,"enemies":"Spire Growth","floor":48.0,"turns":5.0},{"damage":29.0,"enemies":"Time Eater","floor":50.0,"turns":14.0},{"damage":161,"enemies":"Shield and Spear","floor":54,"turns":8}],"seed_played":"5713643411203845421","potions_obtained":[{"floor":1.0,"key":"PowerPotion"},{"floor":12.0,"key":"FairyPotion"},{"floor":18.0,"key":"Weak Potion"},{"floor":21.0,"key":"Swift Potion"},{"floor":23.0,"key":"SteroidPotion"},{"floor":33.0,"key":"Ancient Potion"},{"floor":37.0,"key":"FairyPotion"}],"is_trial":false,"path_per_floor":["M","?","?","T","?","E","R","$","T","?","M","M","M","M","R","B",null,"M","?","?","M","M","E","$","M","T","R","M","?","?","M","R","B",null,"M","$","M","M","M","R","M","R","T","$","M","E","M","M","R","B",null,"R","$","E"],"character_chosen":"IRONCLAD","items_purchased":["Mayhem","Anchor","Shockwave+1","Sadistic Nature","Metallicize","Deep Breath+1"],"campfire_rested":6,"item_purchase_floors":[8,24,36,36,44,53],"current_hp_per_floor":[80,69,69,69,62,35,35,35,35,35,41,46,52,51,75,52,80,79,79,79,85,79,66,66,57,57,84,81,43,43,42,71,34,97,92,92,101,99,32,63,33,64,64,64,71,89,102,109,109,104,109,109,109,0],"gold":12,"neow_bonus":"HUNDRED_GOLD","is_prod":false,"is_daily":false,"chose_seed":false,"campfire_upgraded":1,"win_rate":0,"timestamp":1544401623,"path_taken":["M","?","?","?","?","E","R","$","T","?","M","M","?","M","R","BOSS","M","?","?","M","M","E","$","M","T","R","?","?","?","M","R","BOSS","M","$","M","M","M","R","M","R","T","?","M","E","M","?","R","BOSS","R","$","E"],"build_version":"2018-12-06","purchased_purges":2,"victory":false,"max_hp_per_floor":[80,80,80,80,80,80,80,80,80,80,80,80,80,80,80,80,80,83,83,83,86,90,93,93,93,93,93,97,97,97,97,97,97,97,101,101,101,101,105,105,105,105,105,105,105,105,109,109,109,109,109,109,109,109],"card_choices":[{"not_picked":["Pummel","Sword Boomerang"],"picked":"Armaments","floor":1.0},{"not_picked":["Clash","Warcry"],"picked":"Body Slam","floor":6.0},{"not_picked":["Sword Boomerang","Rage"],"picked":"Feel No Pain","floor":11.0},{"not_picked":["Brutality","Carnage"],"picked":"Whirlwind","floor":12.0},{"not_picked":["Cleave","Second Wind","Sever Soul"],"picked":"SKIP","floor":13.0},{"not_picked":["Cleave","Headbutt"],"picked":"Twin Strike","floor":14.0},{"not_picked":["Limit Break","Double Tap"],"picked":"Feed","floor":16.0},{"not_picked":["Headbutt","Warcry+1"],"picked":"Whirlwind+1","floor":18.0},{"not_picked":["Wild Strike","Whirlwind","Hemokinesis"],"picked":"SKIP","floor":21.0},{"not_picked":["Berserk","Combust"],"picked":"Twin Strike+1","floor":22.0},{"not_picked":["Armaments","Perfected Strike"],"picked":"Barricade","floor":23.0},{"not_picked":["Sword Boomerang","Cleave+1","Wild Strike+1"],"picked":"SKIP","floor":25.0},{"not_picked":["Iron Wave+1","Cleave"],"picked":"Metallicize","floor":28.0},{"not_picked":["Clothesline","Cleave"],"picked":"True Grit+1","floor":31.0},{"not_picked":["Dark Embrace","Berserk"],"picked":"Reaper","floor":33.0},{"not_picked":["Whirlwind","Flex+1"],"picked":"Ghostly Armor+1","floor":35.0},{"not_picked":["Anger+1","Body Slam+1"],"picked":"Entrench+1","floor":37.0},{"not_picked":["Rampage","Clash+1","Havoc+1"],"picked":"SKIP","floor":38.0},{"not_picked":["Heavy Blade+1","Havoc+1"],"picked":"Shrug It Off+1","floor":39.0},{"not_picked":["Armaments+1","Body Slam"],"picked":"Twin Strike+1","floor":41.0},{"not_picked":["Twin Strike","Second Wind+1","Power Through+1"],"picked":"SKIP","floor":45.0},{"not_picked":["Flex+1","Wild Strike","Hemokinesis"],"picked":"SKIP","floor":46.0},{"not_picked":["Combust","Anger+1","Cleave+1"],"picked":"SKIP","floor":47.0},{"not_picked":["Heavy Blade+1","Body Slam","Sever Soul"],"picked":"SKIP","floor":48.0}],"player_experience":694646,"relics_obtained":[{"floor":4.0,"key":"Pen Nib"},{"floor":6.0,"key":"Pantograph"},{"floor":23.0,"key":"Shuriken"},{"floor":26.0,"key":"Toxic Egg 2"},{"floor":29.0,"key":"Bird Faced Urn"},{"floor":29.0,"key":"Matryoshka"},{"floor":43.0,"key":"Bronze Scales"},{"floor":43.0,"key":"War Paint"},{"floor":46.0,"key":"Thread and Needle"}],"event_choices":[{"damage_healed":0.0,"max_hp_gain":0.0,"max_hp_loss":0.0,"gold_gain":75.0,"event_name":"World of Goop","player_choice":"Gather Gold","floor":2.0,"gold_loss":0.0,"damage_taken":11.0},{"damage_healed":0.0,"max_hp_gain":0.0,"max_hp_loss":0.0,"gold_gain":0.0,"cards_transformed":["Defend_R"],"event_name":"Living Wall","player_choice":"Change","floor":3.0,"gold_loss":0.0,"damage_taken":0.0,"cards_obtained":["Shrug It Off"]},{"cards_removed":["Strike_R"],"damage_healed":0.0,"max_hp_gain":0.0,"max_hp_loss":0.0,"gold_gain":0.0,"event_name":"Golden Wing","player_choice":"Card Removal","floor":5.0,"gold_loss":0.0,"damage_taken":7.0},{"damage_healed":0.0,"max_hp_gain":0.0,"max_hp_loss":0.0,"gold_gain":0.0,"cards_transformed":["Strike_R"],"event_name":"Transmorgrifier","player_choice":"Transformed","floor":10.0,"gold_loss":0.0,"damage_taken":0.0,"cards_obtained":["Dark Embrace"]},{"damage_healed":0.0,"max_hp_gain":0.0,"max_hp_loss":0.0,"gold_gain":0.0,"event_name":"The Mausoleum","player_choice":"Opened","floor":19.0,"gold_loss":0.0,"damage_taken":0.0,"relics_obtained":["Turnip"],"cards_obtained":["Writhe"]},{"cards_removed":["Writhe"],"damage_healed":0.0,"max_hp_gain":0.0,"max_hp_loss":0.0,"gold_gain":0.0,"event_name":"Fountain of Cleansing","player_choice":"Removed Curses","floor":20.0,"gold_loss":0.0,"damage_taken":0.0},{"damage_healed":0.0,"max_hp_gain":0.0,"max_hp_loss":0.0,"gold_gain":0.0,"event_name":"Colosseum","player_choice":"Fight","floor":29.0,"gold_loss":0.0,"damage_taken":0.0},{"damage_healed":0.0,"max_hp_gain":0.0,"max_hp_loss":0.0,"gold_gain":0.0,"event_name":"Colosseum","player_choice":"Fought Nobs","floor":29.0,"gold_loss":0.0,"damage_taken":0.0},{"damage_healed":0.0,"max_hp_gain":0.0,"max_hp_loss":0.0,"gold_gain":0.0,"event_name":"Accursed Blacksmith","player_choice":"Forge","floor":30.0,"gold_loss":0.0,"damage_taken":0.0,"cards_upgraded":["Feed"]}],"is_beta":false,"boss_relics":[{"not_picked":["Runic Pyramid","Sozu"],"picked":"Mark of Pain"},{"not_picked":["Velvet Choker","Orrery"],"picked":"Fusion Hammer"}],"items_purged_floors":[8,24],"is_endless":false,"potions_floor_spawned":[1,12,18,21,23,29,33,37,38,47,48],"killed_by":"Shield and Spear","ascension_level":1}