{"gold_per_floor":[112,127,43,53,53,53,0,34,34,34,60,60,79,79,79,151,151,164,164,180,180,180,180,205,205,205,205,219,58,93,104,104,178,178,197,245,265,565,36,36,66,66,90,101,101,101,48,48,48,48,48],"floor_reached":52,"playtime":2824,"items_purged":[],"score":1794,"play_id":"d746c00e-aa1a-497b-b60d-44a944653b86","local_time":"20190118014625","is_ascension_mode":true,"campfire_choices":[{"data":"Noxious Fumes","floor":6,"key":"SMITH"},{"data":"Neutralize","floor":10,"key":"SMITH"},{"data":"Dash","floor":15,"key":"SMITH"},{"floor":23,"key":"REST"},{"data":"Blade Dance","floor":25,"key":"SMITH"},{"data":"Bite","floor":27,"key":"SMITH"},{"data":"Bite","floor":32,"key":"SMITH"},{"data":"1","floor":40,"key":"LIFT"},{"data":"2","floor":42,"key":"LIFT"},{"data":"3","floor":49,"key":"LIFT"}],"neow_cost":"NONE","seed_source_timestamp":750826129553000,"circlet_count":0,"master_deck":["AscendersBane","Defend_G","Defend_G","Defend_G","Defend_G","Defend_G","Survivor","Neutralize+1","Dagger Throw","Dash+1","Noxious Fumes+1","Die Die Die","Terror","Skewer+1","Backstab","After Image","Blade Dance+1","Bite+1","Bite+1","Bite","Bite","Bite","After Image","Skewer+1","Burst","Riddle With Holes","Cloak And Dagger+1"],"relics":["Runic Pyramid","Bottled Flame","Dodecahedron","Shuriken","Busted Crown","Enchiridion","Anchor","Bronze Scales","Snake Skull","Paper Crane","Lizard Tail","Girya","Ninja Scroll","Oddly Smooth Stone","Toxic Egg 2","Juzu Bracelet"],"potions_floor_usage":[11,33,41,50,50],"damage_taken":[{"damage":0,"enemies":"2 Louse","floor":1,"turns":4},{"damage":0,"enemies":"Cultist","floor":2,"turns":4},{"damage":0,"enemies":"Small Slimes","floor":4,"turns":4},{"damage":11,"enemies":"Lagavulin","floor":8,"turns":7},{"damage":7,"enemies":"3 Sentries","floor":11,"turns":5},{"damage":0,"enemies":"2 Fungi Beasts","floor":13,"turns":2},{"damage":16,"enemies":"Slime Boss","floor":16,"turns":8},{"damage":14,"enemies":"Spheric Guardian","floor":18,"turns":4},{"damage":4,"enemies":"2 Thieves","floor":20,"turns":2},{"damage":1,"enemies":"Colosseum Slavers","floor":22,"turns":2},{"damage":5,"enemies":"Gremlin Leader","floor":24,"turns":5},{"damage":6,"enemies":"3 Cultists","floor":28,"turns":4},{"damage":9,"enemies":"Slavers","floor":30,"turns":3},{"damage":2,"enemies":"Centurion and Healer","floor":31,"turns":5},{"damage":11,"enemies":"Automaton","floor":33,"turns":9},{"damage":10,"enemies":"3 Darklings","floor":35,"turns":6},{"damage":23,"enemies":"2 Orb Walkers","floor":36,"turns":4},{"damage":0,"enemies":"Orb Walker","floor":37,"turns":2},{"damage":12,"enemies":"Reptomancer","floor":41,"turns":8},{"damage":0,"enemies":"3 Darklings","floor":44,"turns":4},{"damage":64,"enemies":"Awakened One","floor":50,"turns":12},{"damage":42,"enemies":"Donu and Deca","floor":51,"turns":9}],"seed_played":"7545315222445868261","potions_obtained":[{"floor":4,"key":"SteroidPotion"},{"floor":13,"key":"Dexterity Potion"},{"floor":31,"key":"GhostInAJar"},{"floor":33,"key":"FearPotion"},{"floor":41,"key":"PowerPotion"}],"is_trial":false,"path_per_floor":["M","M","$","M","?","R","$","E","T","R","E","?","M","?","R","B",null,"M","?","M","?","?","R","E","R","T","R","M","$","E","M","R","B",null,"M","?","M","?","$","R","E","R","T","M","?","$","$","?","R","B","B",null],"character_chosen":"THE_SILENT","items_purchased":["Noxious Fumes","PowerPotion","Snake Skull","Ninja Scroll","Oddly Smooth Stone","Burst","Cloak And Dagger+1"],"campfire_rested":1,"item_purchase_floors":[3,7,29,39,39,39,47],"current_hp_per_floor":[59,59,59,59,59,59,59,48,48,48,41,41,41,46,46,30,61,47,26,22,22,25,39,46,46,46,46,45,45,44,49,49,49,49,49,26,34,34,34,34,48,48,48,49,49,49,49,47,47,34,6],"gold":48,"neow_bonus":"BOSS_RELIC","is_prod":false,"is_daily":false,"chose_seed":false,"campfire_upgraded":6,"win_rate":0,"timestamp":1547793985,"path_taken":["M","M","$","M","?","R","?","E","T","R","E","?","M","?","R","BOSS","M","?","M","?","?","R","E","R","T","R","M","$","E","M","R","BOSS","M","?","M","?","$","R","E","R","T","M","?","?","$","?","R","BOSS","BOSS"],"build_version":"2019-01-16","purchased_purges":0,"victory":true,"max_hp_per_floor":[66,66,66,66,66,66,66,66,66,66,66,66,66,71,71,71,71,71,71,71,49,49,49,49,49,49,49,49,49,49,49,49,49,49,49,49,49,49,49,49,49,49,49,49,49,49,49,47,47,47,47],"card_choices":[{"not_picked":["Prepared","Sucker Punch"],"picked":"Dagger Throw","floor":1},{"not_picked":["Cloak And Dagger","Dodge and Roll"],"picked":"Dash","floor":2},{"not_picked":["Dagger Spray","Distraction"],"picked":"Die Die Die","floor":4},{"not_picked":["Poisoned Stab","Flying Knee"],"picked":"Terror","floor":8},{"not_picked":["Acrobatics","Grand Finale"],"picked":"Skewer","floor":11},{"not_picked":["Dagger Throw","Escape Plan"],"picked":"Backstab","floor":13},{"not_picked":["Tools of the Trade","Unload"],"picked":"After Image","floor":16},{"not_picked":[],"picked":"Blade Dance","floor":18},{"not_picked":["Dagger Throw"],"picked":"SKIP","floor":20},{"not_picked":["Terror"],"picked":"SKIP","floor":24},{"not_picked":["Prepared"],"picked":"SKIP","floor":28},{"not_picked":["Acrobatics"],"picked":"SKIP","floor":30},{"not_picked":["Underhanded Strike+1"],"picked":"SKIP","floor":31},{"not_picked":[],"picked":"After Image","floor":33},{"not_picked":["Noxious Fumes"],"picked":"SKIP","floor":35},{"not_picked":[],"picked":"Skewer+1","floor":37},{"not_picked":[],"picked":"Riddle With Holes","floor":41},{"not_picked":["Quick Slash+1"],"picked":"SKIP","floor":44}],"player_experience":1895661,"relics_obtained":[{"floor":8,"key":"Bottled Flame"},{"floor":9,"key":"Dodecahedron"},{"floor":11,"key":"Shuriken"},{"floor":19,"key":"Enchiridion"},{"floor":24,"key":"Anchor"},{"floor":26,"key":"Bronze Scales"},{"floor":30,"key":"Paper Crane"},{"floor":36,"key":"Girya"},{"floor":41,"key":"Toxic Egg 2"},{"floor":43,"key":"Juzu Bracelet"}],"event_choices":[{"damage_healed":0,"gold_gain":0,"player_choice":"0 cards matched","damage_taken":0,"max_hp_gain":0,"max_hp_loss":0,"event_name":"Match and Keep!","floor":5,"gold_loss":0,"cards_obtained":[]},{"damage_healed":0,"gold_gain":0,"player_choice":"Grow","damage_taken":0,"max_hp_gain":0,"max_hp_loss":0,"event_name":"Living Wall","floor":12,"gold_loss":0,"cards_upgraded":["Skewer"]},{"damage_healed":0,"gold_gain":0,"player_choice":"Donut","damage_taken":0,"max_hp_gain":5,"max_hp_loss":0,"event_name":"Big Fish","floor":14,"gold_loss":0},{"damage_healed":0,"gold_gain":0,"player_choice":"Obtained Book","damage_taken":21,"max_hp_gain":0,"max_hp_loss":0,"event_name":"Cursed Tome","floor":19,"gold_loss":0},{"damage_healed":0,"gold_gain":0,"player_choice":"Became a vampire","damage_taken":0,"max_hp_gain":0,"max_hp_loss":22,"event_name":"Vampires","floor":21,"gold_loss":0,"cards_obtained":["Bite","Bite","Bite","Bite","Bite"]},{"damage_healed":0,"gold_gain":0,"player_choice":"Fight","damage_taken":0,"max_hp_gain":0,"max_hp_loss":0,"event_name":"Colosseum","floor":22,"gold_loss":0},{"damage_healed":0,"gold_gain":0,"player_choice":"Fled From Nobs","damage_taken":0,"max_hp_gain":0,"max_hp_loss":0,"event_name":"Colosseum","floor":22,"gold_loss":0},{"damage_healed":0,"gold_gain":0,"player_choice":"Fight","damage_taken":0,"max_hp_gain":0,"max_hp_loss":0,"event_name":"Mysterious Sphere","floor":36,"gold_loss":0},{"damage_healed":0,"gold_gain":300,"player_choice":"Gold","damage_taken":0,"max_hp_gain":0,"max_hp_loss":0,"event_name":"Wheel of Change","floor":38,"gold_loss":0},{"damage_healed":0,"gold_gain":0,"player_choice":"Ignored","damage_taken":0,"max_hp_gain":0,"max_hp_loss":0,"event_name":"SecretPortal","floor":45,"gold_loss":0},{"damage_healed":0,"gold_gain":0,"player_choice":"Max HP","damage_taken":0,"max_hp_gain":0,"max_hp_loss":2,"event_name":"Winding Halls","floor":48,"gold_loss":0}],"is_beta":true,"boss_relics":[{"not_picked":["Coffee Dripper","Calling Bell"],"picked":"Busted Crown"},{"not_picked":["Snecko Eye","Pandora\u0027s Box"],"picked":"Lizard Tail"}],"items_purged_floors":[],"is_endless":false,"potions_floor_spawned":[4,8,13,22,31,33,41,44],"ascension_level":20}