{"gold_per_floor":[116,116,128,20,20,20,55,69,69,84,95,95,95,95,95,195,195,212,212,227,28,48,48,60,79,106,119,218,218,118,135,135,135],"floor_reached":33,"playtime":1579,"items_purged":["Strike_G","Strike_G","Defend_G"],"score":367,"play_id":"62a33abd-8eef-4561-91d8-53ac70f19648","local_time":"20190131111538","is_ascension_mode":true,"campfire_choices":[{"data":"Neutralize","floor":6,"key":"SMITH"},{"data":"Accuracy","floor":13,"key":"SMITH"},{"data":"Leg Sweep","floor":15,"key":"SMITH"},{"data":"Night Terror","floor":23,"key":"SMITH"},{"floor":29,"key":"REST"},{"data":"Cloak And Dagger","floor":32,"key":"SMITH"}],"neow_cost":"NONE","seed_source_timestamp":86434890554912,"circlet_count":0,"master_deck":["Defend_G","Defend_G","Defend_G","Defend_G","Strike_G+1","Strike_G+1","Strike_G","Survivor","Neutralize+1","Outmaneuver","Cloak And Dagger+1","Accuracy+1","Die Die Die","Finisher","Leg Sweep+1","Infinite Blades","Night Terror+1","Dagger Spray+1","Blade Dance","Backstab+1","Infinite Blades+1","Deflect+1","Cloak And Dagger+1","Cloak And Dagger","Cloak And Dagger"],"relics":["Ring of the Snake","NeowsBlessing","Art of War","Dodecahedron","The Courier","Spirit Poop","Philosopher\u0027s Stone","Dream Catcher","Whetstone","Boot"],"potions_floor_usage":[24,25,27,33],"damage_taken":[{"damage":0,"enemies":"Cultist","floor":1,"turns":1},{"damage":0,"enemies":"Small Slimes","floor":3,"turns":1},{"damage":0,"enemies":"Lagavulin","floor":7,"turns":1},{"damage":1,"enemies":"Jaw Worm","floor":8,"turns":2},{"damage":9,"enemies":"3 Louse","floor":10,"turns":3},{"damage":0,"enemies":"Red Slaver","floor":11,"turns":4},{"damage":21,"enemies":"The Guardian","floor":16,"turns":12},{"damage":32,"enemies":"2 Thieves","floor":18,"turns":4},{"damage":1,"enemies":"3 Byrds","floor":20,"turns":4},{"damage":15,"enemies":"Centurion and Healer","floor":22,"turns":5},{"damage":8,"enemies":"Sentry and Sphere","floor":24,"turns":4},{"damage":0,"enemies":"Snake Plant","floor":25,"turns":4},{"damage":0,"enemies":"3 Cultists","floor":27,"turns":3},{"damage":16,"enemies":"Chosen and Byrds","floor":31,"turns":5},{"damage":21,"enemies":"Champ","floor":33,"turns":2}],"seed_played":"4091059116693712456","potions_obtained":[{"floor":1,"key":"AttackPotion"},{"floor":3,"key":"LiquidBronze"},{"floor":10,"key":"SteroidPotion"},{"floor":20,"key":"GhostInAJar"},{"floor":31,"key":"Energy Potion"}],"is_trial":false,"path_per_floor":["M","$","M","$","?","R","E","M","T","M","M","?","R","?","R","B",null,"M","T","M","$","M","R","M","M","T","M","?","R","$","M","R","B"],"character_chosen":"THE_SILENT","items_purchased":["Accuracy","Whetstone"],"campfire_rested":1,"item_purchase_floors":[4,21],"current_hp_per_floor":[70,70,70,70,56,56,56,55,55,46,46,46,46,46,46,25,59,27,27,26,26,11,11,3,3,3,3,3,24,24,8,8,0],"gold":135,"neow_bonus":"THREE_ENEMY_KILL","is_prod":false,"is_daily":false,"chose_seed":false,"campfire_upgraded":5,"win_rate":0,"timestamp":1548900938,"path_taken":["M","$","?","$","?","R","E","M","T","M","M","?","R","?","R","BOSS","M","?","M","?","M","R","M","?","T","M","?","R","$","M","R","BOSS"],"build_version":"2019-01-23","purchased_purges":3,"victory":false,"max_hp_per_floor":[70,70,70,70,70,70,70,70,70,70,70,70,70,70,70,70,70,70,70,70,70,70,70,70,70,70,70,70,70,70,70,70,70],"card_choices":[{"not_picked":["Bouncing Flask","Flechettes"],"picked":"Outmaneuver","floor":1},{"not_picked":["Deflect","Backflip"],"picked":"Cloak And Dagger","floor":3},{"not_picked":["Riddle With Holes","Prepared"],"picked":"Die Die Die","floor":7},{"not_picked":["Sucker Punch","Underhanded Strike"],"picked":"Finisher","floor":8},{"not_picked":["Flying Knee","Backflip"],"picked":"Leg Sweep","floor":10},{"not_picked":["Blade Dance","Deflect"],"picked":"Infinite Blades","floor":11},{"not_picked":["Wraith Form v2","Envenom"],"picked":"Night Terror","floor":16},{"not_picked":["Deadly Poison","Poisoned Stab+1"],"picked":"Dagger Spray","floor":18},{"not_picked":["Prepared","Deadly Poison"],"picked":"Blade Dance","floor":20},{"not_picked":["Outmaneuver","Setup"],"picked":"Backstab+1","floor":22},{"not_picked":["Poisoned Stab","All Out Attack"],"picked":"Infinite Blades+1","floor":24},{"not_picked":["Noxious Fumes","Outmaneuver"],"picked":"Deflect+1","floor":25},{"not_picked":["Reflex","Blur"],"picked":"Cloak And Dagger","floor":27},{"not_picked":["Terror","All Out Attack"],"picked":"Cloak And Dagger","floor":29},{"not_picked":["Heel Hook","Sucker Punch"],"picked":"Cloak And Dagger","floor":31}],"player_experience":855299,"relics_obtained":[{"floor":7,"key":"Art of War"},{"floor":9,"key":"Dodecahedron"},{"floor":19,"key":"Dream Catcher"},{"floor":26,"key":"Boot"}],"event_choices":[{"damage_healed":0,"gold_gain":0,"player_choice":"Entered Light","damage_taken":14,"max_hp_gain":0,"max_hp_loss":0,"event_name":"Shining Light","floor":5,"gold_loss":0,"cards_upgraded":["Cloak And Dagger","Strike_G"]},{"damage_healed":0,"gold_gain":0,"player_choice":"Box","damage_taken":0,"relics_obtained":["The Courier"],"max_hp_gain":0,"max_hp_loss":0,"event_name":"Big Fish","floor":12,"gold_loss":0,"cards_obtained":["Regret"]},{"cards_removed":["Regret"],"damage_healed":0,"gold_gain":0,"player_choice":"Offered Curse","damage_taken":0,"relics_obtained":["Spirit Poop"],"max_hp_gain":0,"max_hp_loss":0,"event_name":"Bonfire Elementals","floor":14,"gold_loss":0},{"damage_healed":0,"gold_gain":99,"player_choice":"Stole From Cult","damage_taken":0,"max_hp_gain":0,"max_hp_loss":0,"event_name":"Nest","floor":28,"gold_loss":0}],"is_beta":false,"boss_relics":[{"not_picked":["Cursed Key","Tiny House"],"picked":"Philosopher\u0027s Stone"}],"items_purged_floors":[4,21,30],"is_endless":false,"potions_floor_spawned":[1,3,10,20,22,31],"killed_by":"Champ","ascension_level":5}