{"gold_per_floor":[367,380,2,18,18,48,48,48,123,148,166,166,199,219,219,219],"floor_reached":16,"playtime":856,"items_purged":["Writhe"],"score":151,"play_id":"51fae4c6-024c-4ed2-b162-76dee4a29416","local_time":"20190110164215","is_ascension_mode":true,"campfire_choices":[{"floor":8,"key":"REST"},{"data":"True Grit","floor":12,"key":"SMITH"},{"floor":15,"key":"REST"}],"neow_cost":"CURSE","seed_source_timestamp":825412695853203,"circlet_count":0,"master_deck":["Strike_R","Strike_R+1","Strike_R","Strike_R","Strike_R","Defend_R","Defend_R","Defend_R","Defend_R+1","Bash","Uppercut","Heavy Blade","Hemokinesis","Warcry","Reaper","Whirlwind","Havoc","True Grit+1","Headbutt"],"relics":["Burning Blood","Prayer Wheel","Regal Pillow","Strawberry","Pear","Pen Nib","Bird Faced Urn"],"potions_floor_usage":[],"damage_taken":[{"damage":1,"enemies":"Cultist","floor":1,"turns":3},{"damage":5,"enemies":"Jaw Worm","floor":2,"turns":4},{"damage":0,"enemies":"2 Louse","floor":4,"turns":3},{"damage":32,"enemies":"Lagavulin","floor":6,"turns":5},{"damage":27,"enemies":"Gremlin Nob","floor":10,"turns":4},{"damage":11,"enemies":"Looter","floor":11,"turns":4},{"damage":27,"enemies":"Lagavulin","floor":13,"turns":6},{"damage":12,"enemies":"Blue Slaver","floor":14,"turns":3},{"damage":90,"enemies":"Hexaghost","floor":16,"turns":10}],"seed_played":"-3265701202804596707","potions_obtained":[{"floor":1,"key":"AttackPotion"},{"floor":6,"key":"Fire Potion"},{"floor":14,"key":"Explosive Potion"}],"is_trial":false,"path_per_floor":["M","M","$","M","?","E","?","R","T","E","M","R","E","M","R","B"],"character_chosen":"IRONCLAD","items_purchased":["Prayer Wheel"],"campfire_rested":2,"item_purchase_floors":[3],"current_hp_per_floor":[80,80,80,80,73,54,37,78,88,67,66,66,45,39,83,0],"gold":219,"neow_bonus":"TWO_FIFTY_GOLD","is_prod":false,"is_daily":false,"chose_seed":false,"campfire_upgraded":1,"win_rate":0,"timestamp":1547134935,"path_taken":["M","M","$","M","?","E","?","R","T","E","M","R","E","M","R","BOSS"],"build_version":"2019-01-03v4","purchased_purges":1,"victory":false,"max_hp_per_floor":[80,80,80,80,80,87,87,87,97,97,97,97,97,97,97,97],"card_choices":[{"not_picked":["True Grit","Entrench"],"picked":"Uppercut","floor":1},{"not_picked":["Sword Boomerang","Rupture"],"picked":"Heavy Blade","floor":2},{"not_picked":["Intimidate","Warcry"],"picked":"Hemokinesis","floor":4},{"not_picked":["Cleave","Body Slam"],"picked":"Warcry","floor":4},{"not_picked":["Battle Trance","Thunderclap"],"picked":"Reaper","floor":6},{"not_picked":["Perfected Strike","Clash"],"picked":"Whirlwind","floor":10},{"not_picked":["Battle Trance","Twin Strike"],"picked":"Havoc","floor":11},{"not_picked":["Sever Soul","Double Tap"],"picked":"True Grit","floor":11},{"not_picked":["Armaments","Flex"],"picked":"Headbutt","floor":13},{"not_picked":["Cleave","Clash","Thunderclap"],"picked":"SKIP","floor":14},{"not_picked":["Thunderclap","Carnage","Body Slam"],"picked":"SKIP","floor":14}],"player_experience":145530,"relics_obtained":[{"floor":6,"key":"Strawberry"},{"floor":9,"key":"Pear"},{"floor":10,"key":"Pen Nib"},{"floor":13,"key":"Bird Faced Urn"}],"event_choices":[{"damage_healed":0,"gold_gain":0,"player_choice":"Success","damage_taken":7,"relics_obtained":["Regal Pillow"],"max_hp_gain":0,"max_hp_loss":0,"event_name":"Scrap Ooze","floor":5,"gold_loss":0},{"damage_healed":0,"gold_gain":0,"player_choice":"Entered Light","damage_taken":17,"max_hp_gain":0,"max_hp_loss":0,"event_name":"Shining Light","floor":7,"gold_loss":0,"cards_upgraded":["Strike_R","Defend_R"]}],"is_beta":false,"boss_relics":[],"items_purged_floors":[3],"is_endless":false,"potions_floor_spawned":[1,6,14],"killed_by":"Hexaghost","ascension_level":1}