{"gold_per_floor":[118,118,136,86,35,66,86,86,155,155,105,180,196,216,216,320,320,333,333,333,347,364,364,166,166,236,256,268,268,280,293,293,293],"floor_reached":33,"playtime":1634,"items_purged":["Strike_R","Strike_R"],"score":299,"play_id":"49d35d25-1af6-4042-99a1-23d14f864535","local_time":"20181224151440","is_ascension_mode":false,"campfire_choices":[{"data":"Uppercut","floor":8,"key":"SMITH"},{"data":"Armaments","floor":10,"key":"SMITH"},{"data":"Searing Blow","floor":15,"key":"SMITH"},{"data":"Searing Blow+1","floor":23,"key":"SMITH"},{"data":"Searing Blow+2","floor":25,"key":"SMITH"},{"data":"Searing Blow+3","floor":32,"key":"SMITH"}],"neow_cost":"NONE","seed_source_timestamp":597302821273515,"circlet_count":0,"master_deck":["Strike_R","Strike_R","Defend_R","Defend_R","Defend_R","Defend_R","Bash","Flame Barrier+1","Armaments+1","Uppercut+1","Cleave","Headbutt","Searing Blow+4","Reaper","Shrug It Off","Rage+1","Reaper","Ghostly","Ghostly","Ghostly","Ghostly","Ghostly","Disarm+1"],"relics":["Burning Blood","NeowsBlessing","Smiling Mask","Lizard Tail","Bag of Marbles","Letter Opener"],"potions_floor_usage":[22,22,22],"damage_taken":[{"damage":0,"enemies":"Small Slimes","floor":1,"turns":1},{"damage":0,"enemies":"Cultist","floor":3,"turns":1},{"damage":0,"enemies":"Gremlin Nob","floor":6,"turns":2},{"damage":0,"enemies":"2 Louse","floor":7,"turns":2},{"damage":0,"enemies":"Large Slime","floor":13,"turns":5},{"damage":4,"enemies":"Looter","floor":14,"turns":3},{"damage":55,"enemies":"The Guardian","floor":16,"turns":11},{"damage":27,"enemies":"Shell Parasite","floor":18,"turns":8},{"damage":45,"enemies":"Colosseum Slavers","floor":19,"turns":6},{"damage":17,"enemies":"Spheric Guardian","floor":21,"turns":5},{"damage":24,"enemies":"Cultist and Chosen","floor":22,"turns":10},{"damage":54,"enemies":"3 Cultists","floor":27,"turns":8},{"damage":2,"enemies":"Snecko","floor":28,"turns":5},{"damage":38,"enemies":"Centurion and Healer","floor":30,"turns":10},{"damage":1,"enemies":"Chosen and Byrds","floor":31,"turns":7},{"damage":27,"enemies":"Automaton","floor":33,"turns":8}],"seed_played":"-366222269763337963","potions_obtained":[{"floor":3,"key":"Poison Potion"},{"floor":6,"key":"Poison Potion"},{"floor":7,"key":"BloodPotion"},{"floor":20,"key":"Block Potion"},{"floor":20,"key":"Strength Potion"},{"floor":22,"key":"Block Potion"},{"floor":31,"key":"LiquidBronze"}],"is_trial":false,"path_per_floor":["M","?","M","?","$","E","M","R","T","R","$","?","M","M","R","B",null,"M","?","?","M","M","R","$","R","T","M","M","?","M","M","R","B"],"character_chosen":"IRONCLAD","items_purchased":["Armaments","Bag of Marbles"],"campfire_rested":0,"item_purchase_floors":[5,24],"current_hp_per_floor":[80,80,80,80,80,80,80,80,80,80,80,69,75,77,77,28,80,59,28,28,17,15,15,15,15,15,23,33,33,12,17,17,0],"gold":293,"neow_bonus":"THREE_ENEMY_KILL","is_prod":false,"is_daily":false,"chose_seed":false,"campfire_upgraded":6,"win_rate":0,"timestamp":1545632080,"path_taken":["M","?","?","?","$","E","M","R","T","R","$","?","M","M","R","BOSS","M","?","?","M","?","R","$","R","T","M","M","?","M","M","R","BOSS"],"build_version":"2018-12-20","purchased_purges":2,"victory":false,"max_hp_per_floor":[80,80,80,80,80,80,80,80,80,80,80,80,80,80,80,80,80,80,80,80,80,80,80,80,80,80,80,80,40,40,40,40,40],"card_choices":[{"not_picked":["Iron Wave","True Grit"],"picked":"Flame Barrier","floor":1},{"not_picked":["Clash","Perfected Strike","Fire Breathing"],"picked":"SKIP","floor":3},{"not_picked":["True Grit","Twin Strike"],"picked":"Uppercut","floor":6},{"not_picked":["Rampage","Armaments"],"picked":"Cleave","floor":7},{"not_picked":["Pommel Strike","Rupture"],"picked":"Headbutt","floor":13},{"not_picked":["Cleave","Burning Pact"],"picked":"Searing Blow","floor":14},{"not_picked":["Demon Form","Dark Embrace"],"picked":"Reaper","floor":16},{"not_picked":["Sword Boomerang","Combust"],"picked":"Shrug It Off","floor":18},{"not_picked":["Uppercut","Spot Weakness"],"picked":"Rage+1","floor":21},{"not_picked":["Perfected Strike","Flex","Reckless Charge"],"picked":"SKIP","floor":22},{"not_picked":["Flex","Body Slam+1","Thunderclap+1"],"picked":"SKIP","floor":27},{"not_picked":["Heavy Blade+1","Pommel Strike"],"picked":"Reaper","floor":28},{"not_picked":["Infernal Blade","Body Slam","Thunderclap"],"picked":"SKIP","floor":30},{"not_picked":["Wild Strike+1","Searing Blow"],"picked":"Disarm+1","floor":31}],"player_experience":660167,"relics_obtained":[{"floor":6,"key":"Smiling Mask"},{"floor":26,"key":"Letter Opener"}],"event_choices":[{"damage_healed":0,"gold_gain":0,"player_choice":"Forge","damage_taken":0,"max_hp_gain":0,"max_hp_loss":0,"event_name":"Accursed Blacksmith","floor":2,"gold_loss":0,"cards_upgraded":["Flame Barrier"]},{"cards_removed":["Strike_R"],"damage_healed":0,"gold_gain":0,"player_choice":"Card Removal","damage_taken":0,"max_hp_gain":0,"max_hp_loss":0,"event_name":"The Cleric","floor":4,"gold_loss":50},{"damage_healed":0,"gold_gain":75,"player_choice":"Gather Gold","damage_taken":11,"max_hp_gain":0,"max_hp_loss":0,"event_name":"World of Goop","floor":12,"gold_loss":0},{"damage_healed":0,"gold_gain":0,"player_choice":"Fight","damage_taken":0,"max_hp_gain":0,"max_hp_loss":0,"event_name":"Colosseum","floor":19,"gold_loss":0},{"damage_healed":0,"gold_gain":0,"player_choice":"Fled From Nobs","damage_taken":0,"max_hp_gain":0,"max_hp_loss":0,"event_name":"Colosseum","floor":19,"gold_loss":0},{"damage_healed":0,"gold_gain":0,"player_choice":"Got Potions","damage_taken":0,"max_hp_gain":0,"max_hp_loss":0,"event_name":"Lab","floor":20,"gold_loss":0},{"damage_healed":0,"gold_gain":0,"player_choice":"Became a Ghost","damage_taken":0,"max_hp_gain":0,"max_hp_loss":40,"event_name":"Ghosts","floor":29,"gold_loss":0,"cards_obtained":["Ghostly","Ghostly","Ghostly","Ghostly","Ghostly"]}],"is_beta":false,"boss_relics":[{"not_picked":["Philosopher\u0027s Stone","White Beast Statue"],"picked":"Lizard Tail"}],"items_purged_floors":[11,24],"is_endless":false,"potions_floor_spawned":[3,6,7,14,19,21,22,31],"killed_by":"Automaton","ascension_level":0}