{"gold_per_floor":[109,59,59,59,78,78,106,106,159,178,195,213,193,18,18,122,122,134,19,30,49,49,49,80,80,80,80],"floor_reached":27,"playtime":1557,"items_purged":["Strike_B"],"score":294,"play_id":"4e216804-82fc-4a3a-b964-e48af9a28ea9","local_time":"20190208140150","is_ascension_mode":true,"campfire_choices":[{"data":"Go for the Eyes","floor":6,"key":"SMITH"},{"data":"Zap","floor":8,"key":"SMITH"},{"data":"Dualcast","floor":15,"key":"SMITH"},{"floor":23,"key":"REST"},{"floor":25,"key":"REST"}],"neow_cost":"NONE","seed_source_timestamp":356597359966,"circlet_count":0,"master_deck":["Strike_B","Defend_B","Defend_B","Defend_B","Defend_B","Zap+1","Dualcast+1","Darkness","Go for the Eyes+1","Beam Cell","Compile Driver","Loop","FTL","Cold Snap","Loop","Redo","Machine Learning","Compile Driver","FTL","Conserve Battery","Capacitor+1","Coolheaded"],"relics":["Cracked Core","NeowsBlessing","Matryoshka","Dodecahedron","Strawberry","Happy Flower","Runic Pyramid","Art of War","Bag of Preparation","Bottled Flame"],"potions_floor_usage":[16,18,18,24,24,27],"damage_taken":[{"damage":0,"enemies":"2 Louse","floor":1,"turns":1},{"damage":0,"enemies":"Small Slimes","floor":5,"turns":1},{"damage":0,"enemies":"Lagavulin","floor":7,"turns":1},{"damage":0,"enemies":"Cultist","floor":10,"turns":3},{"damage":4,"enemies":"3 Louse","floor":11,"turns":4},{"damage":6,"enemies":"Exordium Wildlife","floor":12,"turns":4},{"damage":12,"enemies":"The Guardian","floor":16,"turns":9},{"damage":14,"enemies":"2 Thieves","floor":18,"turns":3},{"damage":6,"enemies":"3 Byrds","floor":20,"turns":4},{"damage":28,"enemies":"Centurion and Healer","floor":21,"turns":4},{"damage":47,"enemies":"Gremlin Leader","floor":24,"turns":7},{"damage":66,"enemies":"Slavers","floor":27,"turns":3}],"seed_played":"7325635852548234877","potions_obtained":[{"floor":10,"key":"Energy Potion"},{"floor":12,"key":"PowerPotion"},{"floor":13,"key":"EssenceOfSteel"},{"floor":16,"key":"Strength Potion"},{"floor":18,"key":"GamblersBrew"},{"floor":20,"key":"Energy Potion"}],"is_trial":false,"path_per_floor":["M","?","?","?","M","R","E","R","T","M","M","M","?","$","R","B",null,"M","$","M","M","?","R","E","R","T","E"],"character_chosen":"DEFECT","items_purchased":["Cold Snap","Loop","Redo","FTL"],"campfire_rested":2,"item_purchase_floors":[14,14,14,19],"current_hp_per_floor":[75,75,68,61,61,61,61,61,68,68,64,58,58,58,58,46,82,68,68,62,34,61,82,35,59,59,0],"gold":80,"neow_bonus":"THREE_ENEMY_KILL","is_prod":false,"is_daily":false,"chose_seed":false,"campfire_upgraded":3,"win_rate":0,"timestamp":1549652510,"path_taken":["M","?","?","?","M","R","E","R","T","M","M","M","?","$","R","BOSS","M","$","M","M","?","R","E","R","T","E"],"build_version":"2019-01-23","purchased_purges":1,"victory":false,"max_hp_per_floor":[75,75,75,75,75,75,75,75,82,82,82,82,82,82,82,82,82,82,82,82,82,82,82,82,82,82,82],"card_choices":[{"not_picked":["Redo","Stack"],"picked":"Darkness","floor":1},{"not_picked":["Undo","White Noise"],"picked":"Go for the Eyes","floor":5},{"not_picked":["Doom and Gloom","Aggregate"],"picked":"Beam Cell","floor":7},{"not_picked":["Capacitor","Steam"],"picked":"Compile Driver","floor":10},{"not_picked":["Gash","Static Discharge"],"picked":"Loop","floor":11},{"not_picked":["Barrage","Go for the Eyes"],"picked":"FTL","floor":12},{"not_picked":["Reboot","Fission"],"picked":"Machine Learning","floor":16},{"not_picked":["Undo","Stack"],"picked":"Compile Driver","floor":18},{"not_picked":["Skim","Leap"],"picked":"Conserve Battery","floor":20},{"not_picked":["Turbo","Gash"],"picked":"Capacitor+1","floor":21},{"not_picked":["Core Surge","Stack"],"picked":"Coolheaded","floor":24}],"player_experience":207799,"relics_obtained":[{"floor":7,"key":"Dodecahedron"},{"floor":9,"key":"Strawberry"},{"floor":9,"key":"Happy Flower"},{"floor":24,"key":"Art of War"},{"floor":26,"key":"Bag of Preparation"},{"floor":26,"key":"Bottled Flame"}],"event_choices":[{"cards_removed":["Strike_B"],"damage_healed":0,"gold_gain":0,"player_choice":"Card Removal","damage_taken":0,"max_hp_gain":0,"max_hp_loss":0,"event_name":"The Cleric","floor":2,"gold_loss":50},{"damage_healed":0,"gold_gain":0,"player_choice":"Success","damage_taken":7,"relics_obtained":["Matryoshka"],"max_hp_gain":0,"max_hp_loss":0,"event_name":"Scrap Ooze","floor":3,"gold_loss":0},{"cards_removed":["Strike_B"],"damage_healed":0,"gold_gain":0,"player_choice":"Card Removal","damage_taken":7,"max_hp_gain":0,"max_hp_loss":0,"event_name":"Golden Wing","floor":4,"gold_loss":0},{"damage_healed":0,"gold_gain":0,"player_choice":"Bought 1 Potion","damage_taken":0,"max_hp_gain":0,"max_hp_loss":0,"event_name":"The Woman in Blue","floor":13,"gold_loss":0},{"damage_healed":27,"gold_gain":0,"player_choice":"Heal","damage_taken":0,"max_hp_gain":0,"max_hp_loss":0,"event_name":"The Library","floor":22,"gold_loss":0}],"is_beta":false,"boss_relics":[{"not_picked":["Philosopher\u0027s Stone","Cursed Key"],"picked":"Runic Pyramid"}],"items_purged_floors":[19],"is_endless":false,"potions_floor_spawned":[10,12,16,18,20],"killed_by":"Slavers","ascension_level":3}