{"gold_per_floor":[99,99,99,99,99,99,99,99,99,99,99,99,99,99,99,99,99,59,59,59,59,59,59,59,59,59,59,59,59,59,59,59,59,59,59,59,59,59,59,59,0,0,0,0,0,0,0,0,0,0,0],"floor_reached":52,"playtime":3944,"items_purged":[],"score":1785,"play_id":"9096bdba-eb8b-47d6-8df9-b9b61b7e8f78","local_time":"20181208002006","is_ascension_mode":true,"campfire_choices":[{"data":"Neutralize","floor":6,"key":"SMITH"},{"floor":12,"key":"REST"},{"data":"Well Laid Plans","floor":15,"key":"SMITH"},{"floor":23,"key":"REST"},{"floor":25,"key":"REST"},{"data":"Corpse Explosion","floor":28,"key":"SMITH"},{"data":"Catalyst","floor":32,"key":"SMITH"},{"data":"Crippling Poison","floor":45,"key":"SMITH"},{"data":"Skewer","floor":47,"key":"SMITH"},{"data":"Backflip","floor":49,"key":"SMITH"}],"neow_cost":"NONE","seed_source_timestamp":500704070215300,"circlet_count":0,"master_deck":["AscendersBane","Defend_G","Defend_G","Defend_G+1","Defend_G","Defend_G","Survivor","Neutralize+1","Dagger Throw","Poisoned Stab+1","Footwork+1","Quick Slash","Backflip+1","Well Laid Plans+1","Corpse Explosion+1","Acrobatics+1","Dodge and Roll","RitualDagger","Crippling Poison+1","PiercingWail","Bite","Bite","Bite","Bite","Bite","Catalyst+1","Adrenaline","Skewer+1","Dodge and Roll","Dash","Acrobatics+1","Dodge and Roll+1"],"relics":["Ectoplasm","Lantern","Ninja Scroll","Letter Opener","Paper Crane","Mercury Hourglass","Sozu","Enchiridion","Lizard Tail","Turnip","War Paint","Red Mask","Blood Vial","Bottled Tornado"],"potions_floor_usage":[8,10,51,51],"damage_taken":[{"damage":1,"enemies":"Cultist","floor":1,"turns":5},{"damage":4,"enemies":"Small Slimes","floor":2,"turns":4},{"damage":2,"enemies":"Jaw Worm","floor":3,"turns":4},{"damage":5,"enemies":"Blue Slaver","floor":5,"turns":4},{"damage":6,"enemies":"2 Fungi Beasts","floor":7,"turns":3},{"damage":9,"enemies":"3 Sentries","floor":8,"turns":7},{"damage":1,"enemies":"Gremlin Nob","floor":10,"turns":3},{"damage":4,"enemies":"Lagavulin","floor":14,"turns":5},{"damage":2,"enemies":"The Guardian","floor":16,"turns":11},{"damage":7,"enemies":"2 Thieves","floor":18,"turns":2},{"damage":0,"enemies":"3 Byrds","floor":19,"turns":3},{"damage":16,"enemies":"Snake Plant","floor":27,"turns":4},{"damage":0,"enemies":"Snecko","floor":29,"turns":6},{"damage":0,"enemies":"Centurion and Healer","floor":31,"turns":4},{"damage":13,"enemies":"Collector","floor":33,"turns":8},{"damage":0,"enemies":"3 Shapes","floor":35,"turns":5},{"damage":4,"enemies":"Orb Walker","floor":36,"turns":3},{"damage":0,"enemies":"Mind Bloom Boss Battle","floor":37,"turns":4},{"damage":0,"enemies":"3 Darklings","floor":38,"turns":2},{"damage":87,"enemies":"Giant Head","floor":40,"turns":8},{"damage":0,"enemies":"Writhing Mass","floor":44,"turns":6},{"damage":1,"enemies":"Reptomancer","floor":46,"turns":7},{"damage":0,"enemies":"Jaw Worm Horde","floor":48,"turns":2},{"damage":34,"enemies":"Awakened One","floor":50,"turns":25},{"damage":40,"enemies":"Time Eater","floor":51,"turns":16}],"seed_played":"-5431270769671855711","potions_obtained":[{"floor":2,"key":"PowerPotion"},{"floor":3,"key":"GamblersBrew"},{"floor":7,"key":"Strength Potion"},{"floor":10,"key":"LiquidBronze"},{"floor":16,"key":"Ancient Potion"}],"is_trial":false,"path_per_floor":["M","M","M","?","M","R","M","E","T","E","?","R","T","E","R","B",null,"M","M","$","?","$","R","?","R","T","M","R","M","?","M","R","B",null,"M","M","?","M","$","E","?","?","T","M","R","E","R","M","R","B","B",null],"character_chosen":"THE_SILENT","items_purchased":[],"campfire_rested":3,"item_purchase_floors":[],"current_hp_per_floor":[58,54,52,57,52,52,46,37,37,36,15,36,36,32,32,30,61,54,54,54,33,33,54,48,69,69,53,53,53,49,49,49,49,49,49,47,49,49,49,28,28,28,28,42,42,49,49,49,49,47,18],"gold":0,"neow_bonus":"BOSS_RELIC","is_prod":false,"is_daily":false,"chose_seed":false,"campfire_upgraded":7,"win_rate":0,"timestamp":1544246406,"path_taken":["M","M","M","?","M","R","M","E","T","E","?","R","?","E","R","BOSS","M","M","$","?","$","R","?","R","T","M","R","M","?","M","R","BOSS","M","M","?","M","$","E","?","?","T","M","R","E","R","M","R","BOSS","BOSS"],"build_version":"2018-11-15","purchased_purges":0,"victory":true,"max_hp_per_floor":[66,66,66,71,71,71,71,71,71,71,71,71,71,71,71,71,71,71,71,71,71,71,71,71,71,71,71,71,71,49,49,49,49,49,49,49,49,49,49,49,49,49,49,49,49,49,49,49,49,49,49],"card_choices":[{"not_picked":["Endless Agony","Deadly Poison"],"picked":"Dagger Throw","floor":1},{"not_picked":["Bane","Bouncing Flask"],"picked":"Poisoned Stab","floor":2},{"not_picked":["Deadly Poison","Backstab"],"picked":"Footwork","floor":3},{"not_picked":["Flying Knee","Slice"],"picked":"Quick Slash","floor":5},{"not_picked":["Riddle With Holes","Prepared","Flying Knee"],"picked":"SKIP","floor":7},{"not_picked":["PiercingWail","Finisher"],"picked":"Backflip","floor":8},{"not_picked":["Accuracy","Sucker Punch","Distraction"],"picked":"SKIP","floor":10},{"not_picked":["Eviscerate","Flechettes"],"picked":"Well Laid Plans","floor":14},{"not_picked":["Unload","Bullet Time"],"picked":"Corpse Explosion","floor":16},{"not_picked":["Bane","Blade Dance"],"picked":"Acrobatics","floor":18},{"not_picked":["Slice","Calculated Gamble+1"],"picked":"Dodge and Roll","floor":19},{"not_picked":["Bane","Heel Hook"],"picked":"Crippling Poison","floor":27},{"not_picked":["Flying Knee","Quick Slash"],"picked":"PiercingWail","floor":29},{"not_picked":["Blur","Bane"],"picked":"Catalyst","floor":31},{"not_picked":["A Thousand Cuts","Tools of the Trade"],"picked":"Adrenaline","floor":33},{"not_picked":["Escape Plan+1","Tactician"],"picked":"Skewer","floor":35},{"not_picked":["Well Laid Plans+1","Slice"],"picked":"Dodge and Roll","floor":36},{"not_picked":["Quick Slash","Riddle With Holes"],"picked":"Dash","floor":37},{"not_picked":["Underhanded Strike","Setup","Heel Hook+1"],"picked":"SKIP","floor":38},{"not_picked":["Dodge and Roll+1","PiercingWail"],"picked":"Acrobatics","floor":40},{"not_picked":["Eviscerate","Prepared","Slice+1"],"picked":"SKIP","floor":44},{"not_picked":["Distraction","Quick Slash+1"],"picked":"Dodge and Roll+1","floor":46},{"not_picked":["Dagger Throw+1","Deflect+1","Grand Finale"],"picked":"SKIP","floor":48}],"player_experience":1774790,"relics_obtained":[{"floor":8,"key":"Lantern"},{"floor":9,"key":"Ninja Scroll"},{"floor":10,"key":"Letter Opener"},{"floor":13,"key":"Paper Crane"},{"floor":14,"key":"Mercury Hourglass"},{"floor":21,"key":"Enchiridion"},{"floor":37,"key":"Turnip"},{"floor":40,"key":"War Paint"},{"floor":43,"key":"Blood Vial"},{"floor":46,"key":"Bottled Tornado"}],"event_choices":[{"damage_healed":0,"gold_gain":0,"player_choice":"Donut","damage_taken":0,"max_hp_gain":5,"max_hp_loss":0,"event_name":"Big Fish","floor":4,"gold_loss":0},{"damage_healed":0,"gold_gain":0,"player_choice":"Entered Light","damage_taken":21,"max_hp_gain":0,"max_hp_loss":0,"event_name":"Shining Light","floor":11,"gold_loss":0,"cards_upgraded":["Poisoned Stab","Footwork"]},{"damage_healed":0,"gold_gain":0,"player_choice":"Obtained Book","damage_taken":21,"max_hp_gain":0,"max_hp_loss":0,"event_name":"Cursed Tome","floor":21,"gold_loss":0},{"damage_healed":0,"gold_gain":0,"player_choice":"Joined the Cult","damage_taken":6,"max_hp_gain":0,"max_hp_loss":0,"event_name":"Nest","floor":24,"gold_loss":0,"cards_obtained":["RitualDagger"]},{"damage_healed":0,"gold_gain":0,"player_choice":"Became a vampire","damage_taken":0,"max_hp_gain":0,"max_hp_loss":22,"event_name":"Vampires","floor":30,"gold_loss":0,"cards_obtained":["Bite","Bite","Bite","Bite","Bite"]},{"damage_healed":0,"gold_gain":0,"player_choice":"Fight","damage_taken":0,"max_hp_gain":0,"max_hp_loss":0,"event_name":"MindBloom","floor":37,"gold_loss":0},{"damage_healed":0,"gold_gain":0,"player_choice":"Paid","damage_taken":0,"relics_obtained":["Red Mask"],"max_hp_gain":0,"max_hp_loss":0,"event_name":"Tomb of Lord Red Mask","floor":41,"gold_loss":59},{"damage_healed":0,"gold_gain":0,"player_choice":"Forge","damage_taken":0,"max_hp_gain":0,"max_hp_loss":0,"event_name":"Accursed Blacksmith","floor":42,"gold_loss":0,"cards_upgraded":["Acrobatics"]}],"is_beta":true,"boss_relics":[{"not_picked":["Eternal Feather","Astrolabe"],"picked":"Sozu"},{"not_picked":["Pandora\u0027s Box","Cursed Key"],"picked":"Lizard Tail"}],"items_purged_floors":[],"is_endless":false,"potions_floor_spawned":[2,3,7,10,16,19,27,29,38,40],"ascension_level":20}