{"gold_per_floor":[114,114,134,148,158,187,187,216,240,257,313,331,38,38,38,139,139,149,149,33,46,46,80,90,116,116,133,159,119,119,69,69,173,173,187,87,87,187,198,198,224,224,224,224,224,256,311,322,322,322,322,322,170,205,205],"floor_reached":55,"playtime":5040,"items_purged":["Strike_R","Twin Strike","Parasite"],"score":1017,"play_id":"e5580476-54d5-4415-8e55-2f68ddb3b66e","local_time":"20190206195342","is_ascension_mode":true,"campfire_choices":[{"data":"Clothesline","floor":7.0,"key":"SMITH"},{"floor":15.0,"key":"REST"},{"data":"Fiend Fire","floor":30.0,"key":"SMITH"},{"floor":32.0,"key":"REST"},{"floor":40.0,"key":"DIG"},{"floor":42.0,"key":"RECALL"},{"floor":44.0,"key":"DIG"},{"floor":49.0,"key":"DIG"},{"data":"True Grit","floor":52.0,"key":"SMITH"}],"neow_cost":"NONE","seed_source_timestamp":0,"circlet_count":0,"master_deck":["Strike_R","Defend_R","Defend_R","Defend_R","Defend_R","Bash+1","Anger+1","Clothesline+1","Entrench","Disarm","Shrug It Off","True Grit+1","Shrug It Off","Limit Break","Flex","Sentinel","Corruption+1","True Grit+1","Berserk","Fiend Fire+1","Demon Form","Armaments+1","Body Slam+1","Rupture+1","Juggernaut","Feel No Pain","Havoc+1"],"special_seed":0,"relics":["Burning Blood","NeowsBlessing","WingedGreaves","Anchor","Vajra","Smiling Mask","Dead Branch","Sozu","Nilry\u0027s Codex","Singing Bowl","Ancient Tea Set","Toxic Egg 2","Orichalcum","Snecko Eye","Shovel","Oddly Smooth Stone","Pocketwatch","Juzu Bracelet","Pear","Gambling Chip","Whetstone","Strawberry"],"potions_floor_usage":[],"damage_taken":[{"damage":0.0,"enemies":"Jaw Worm","floor":1.0,"turns":1.0},{"damage":0.0,"enemies":"Small Slimes","floor":3.0,"turns":1.0},{"damage":0.0,"enemies":"Cultist","floor":4.0,"turns":1.0},{"damage":8.0,"enemies":"3 Louse","floor":5.0,"turns":4.0},{"damage":8.0,"enemies":"Gremlin Nob","floor":6.0,"turns":3.0},{"damage":35.0,"enemies":"3 Sentries","floor":8.0,"turns":7.0},{"damage":6.0,"enemies":"Looter","floor":10.0,"turns":3.0},{"damage":14.0,"enemies":"3 Sentries","floor":11.0,"turns":5.0},{"damage":5.0,"enemies":"Exordium Thugs","floor":12.0,"turns":5.0},{"damage":26.0,"enemies":"Hexaghost","floor":16.0,"turns":8.0},{"damage":19.0,"enemies":"Spheric Guardian","floor":18.0,"turns":4.0},{"damage":3.0,"enemies":"3 Byrds","floor":21.0,"turns":2.0},{"damage":24.0,"enemies":"Slavers","floor":23.0,"turns":4.0},{"damage":6.0,"enemies":"Cultist and Chosen","floor":24.0,"turns":4.0},{"damage":2.0,"enemies":"Book of Stabbing","floor":25.0,"turns":3.0},{"damage":9.0,"enemies":"3 Cultists","floor":27.0,"turns":2.0},{"damage":18.0,"enemies":"Gremlin Leader","floor":28.0,"turns":5.0},{"damage":48.0,"enemies":"Collector","floor":33.0,"turns":9.0},{"damage":0.0,"enemies":"Orb Walker","floor":35.0,"turns":1.0},{"damage":0.0,"enemies":"Mind Bloom Boss Battle","floor":38.0,"turns":2.0},{"damage":0.0,"enemies":"3 Darklings","floor":39.0,"turns":3.0},{"damage":5.0,"enemies":"Giant Head","floor":41.0,"turns":3.0},{"damage":4.0,"enemies":"Nemesis","floor":46.0,"turns":3.0},{"damage":46.0,"enemies":"2 Orb Walkers","floor":47.0,"turns":5.0},{"damage":0.0,"enemies":"Writhing Mass","floor":48.0,"turns":2.0},{"damage":44.0,"enemies":"Time Eater","floor":50.0,"turns":6.0},{"damage":83,"enemies":"Shield and Spear","floor":54,"turns":5},{"damage":51,"enemies":"The Heart","floor":55,"turns":2}],"seed_played":"1162399507595134560","potions_obtained":[{"floor":4.0,"key":"Fire Potion"},{"floor":5.0,"key":"Explosive Potion"},{"floor":8.0,"key":"PowerPotion"},{"floor":11.0,"key":"PowerPotion"},{"floor":16.0,"key":"LiquidBronze"}],"is_trial":false,"path_per_floor":["M","?","M","M","M","E","R","E","T","M","?","M","$","?","R","B",null,"M","?","$","M","?","E","M","E","T","M","E","?","R","$","R","B",null,"M","$","?","?","M","R","E","R","T","R","?","E","?","M","R","B",null,"R","$","E","B"],"character_chosen":"IRONCLAD","items_purchased":["Dead Branch","Corruption","True Grit","Armaments+1","Feel No Pain","Havoc+1"],"campfire_rested":2,"item_purchase_floors":[13,20,20,36,53,53],"current_hp_per_floor":[80,80,80,80,78,76,76,47,47,47,39,40,40,40,64,44,80,67,67,67,70,54,36,38,42,42,41,31,31,31,31,56,14,86,88,88,88,88,90,90,90,90,90,90,90,102,62,70,70,32,104,104,101,33,0],"gold":205,"neow_bonus":"THREE_ENEMY_KILL","is_prod":false,"is_daily":false,"chose_seed":false,"campfire_upgraded":3,"win_rate":0,"timestamp":1549500822,"path_taken":["M","?","M","M","M","E","R","E","T","M","?","M","$","?","R","BOSS","M","?","$","M","?","E","M","E","T","M","E","?","R","$","R","BOSS","M","$","?","?","M","R","E","R","T","R","?","E","?","M","R","BOSS","R","$","E","BOSS"],"build_version":"2019-01-23","purchased_purges":3,"victory":false,"max_hp_per_floor":[80,80,80,80,80,80,80,80,80,80,80,80,80,80,80,80,80,80,80,80,80,80,80,82,82,82,84,86,86,86,86,86,86,86,88,88,88,88,90,90,90,90,90,90,90,102,102,104,104,104,104,104,101,110,110],"card_choices":[{"not_picked":["Cleave","Sever Soul"],"picked":"Twin Strike","floor":1.0},{"not_picked":["Pommel Strike","Entrench"],"picked":"Anger","floor":3.0},{"not_picked":["Shrug It Off","Heavy Blade"],"picked":"Clothesline","floor":4.0},{"not_picked":["Dropkick","Bloodletting"],"picked":"Entrench","floor":5.0},{"not_picked":["Sever Soul","Pummel"],"picked":"Disarm","floor":6.0},{"not_picked":["Thunderclap","Cleave"],"picked":"Shrug It Off","floor":8.0},{"not_picked":["Shrug It Off","Pommel Strike"],"picked":"True Grit","floor":10.0},{"not_picked":["Pommel Strike","Disarm"],"picked":"Shrug It Off","floor":12.0},{"not_picked":["Offering","Impervious"],"picked":"Limit Break","floor":16.0},{"not_picked":["Seeing Red","Headbutt","Clash+1"],"picked":"SKIP","floor":18.0},{"not_picked":["Headbutt+1","Reckless Charge+1","Twin Strike"],"picked":"SKIP","floor":21.0},{"not_picked":["Headbutt","Warcry"],"picked":"Berserk","floor":23.0},{"not_picked":["Anger","Second Wind","Carnage"],"picked":"Singing Bowl","floor":24.0},{"not_picked":["Corruption+1","Pommel Strike"],"picked":"Fiend Fire","floor":25.0},{"not_picked":["Spot Weakness+1","Flex+1","True Grit+1"],"picked":"Singing Bowl","floor":27.0},{"not_picked":["Pommel Strike","Havoc+1","Searing Blow"],"picked":"Singing Bowl","floor":28.0},{"not_picked":["Offering+1","Double Tap+1"],"picked":"Demon Form","floor":33.0},{"not_picked":["Cleave+1","Sentinel+1","Disarm+1"],"picked":"Singing Bowl","floor":35.0},{"not_picked":["Armaments+1","Heavy Blade+1"],"picked":"Body Slam+1","floor":38.0},{"not_picked":["Dual Wield+1","Clothesline","Heavy Blade+1"],"picked":"Singing Bowl","floor":39.0},{"not_picked":["Armaments+1","True Grit+1"],"picked":"Rupture+1","floor":41.0},{"not_picked":["Twin Strike+1","Iron Wave+1","Uppercut"],"picked":"Singing Bowl","floor":46.0},{"not_picked":["Thunderclap","Clash"],"picked":"Juggernaut","floor":47.0},{"not_picked":["Burning Pact+1","Cleave+1","Headbutt"],"picked":"Singing Bowl","floor":48.0},{"not_picked":["Shrug It Off+1","Ghostly Armor+1","Pummel+1"],"picked":"Singing Bowl","floor":54}],"player_experience":199117,"relics_obtained":[{"floor":6.0,"key":"WingedGreaves"},{"floor":8.0,"key":"Anchor"},{"floor":9.0,"key":"Vajra"},{"floor":11.0,"key":"Smiling Mask"},{"floor":22.0,"key":"Nilry\u0027s Codex"},{"floor":23.0,"key":"Singing Bowl"},{"floor":25.0,"key":"Ancient Tea Set"},{"floor":26.0,"key":"Toxic Egg 2"},{"floor":28.0,"key":"Orichalcum"},{"floor":38.0,"key":"Shovel"},{"floor":40.0,"key":"Oddly Smooth Stone"},{"floor":41.0,"key":"Pocketwatch"},{"floor":44.0,"key":"Juzu Bracelet"},{"floor":46.0,"key":"Pear"},{"floor":47.0,"key":"Gambling Chip"},{"floor":49.0,"key":"Whetstone"},{"floor":54,"key":"Strawberry"}],"event_choices":[{"damage_healed":0.0,"max_hp_gain":0.0,"max_hp_loss":0.0,"gold_gain":0.0,"event_name":"The Cleric","player_choice":"Leave","floor":2.0,"gold_loss":0.0,"damage_taken":0.0},{"damage_healed":0.0,"max_hp_gain":0.0,"max_hp_loss":0.0,"gold_gain":30.0,"event_name":"Dead Adventurer","player_choice":"Searched \u00272\u0027 times","floor":11.0,"gold_loss":0.0,"damage_taken":0.0},{"damage_healed":0.0,"max_hp_gain":0.0,"max_hp_loss":0.0,"gold_gain":0.0,"event_name":"Upgrade Shrine","player_choice":"Upgraded","floor":14.0,"gold_loss":0.0,"damage_taken":0.0,"cards_upgraded":["True Grit"]},{"damage_healed":0.0,"max_hp_gain":0.0,"max_hp_loss":0.0,"gold_gain":0.0,"cards_transformed":["Strike_R","Strike_R"],"event_name":"Drug Dealer","player_choice":"Became Test Subject","floor":19.0,"gold_loss":0.0,"damage_taken":0.0,"cards_obtained":["Flex","Sentinel"]},{"damage_healed":0.0,"max_hp_gain":0.0,"max_hp_loss":0.0,"gold_gain":0.0,"event_name":"Cursed Tome","player_choice":"Obtained Book","floor":22.0,"gold_loss":0.0,"damage_taken":16.0},{"damage_healed":0.0,"max_hp_gain":0.0,"max_hp_loss":0.0,"gold_gain":0.0,"event_name":"Designer","player_choice":"Upgrade","floor":29.0,"gold_loss":40.0,"damage_taken":0.0,"cards_upgraded":["Corruption"]},{"cards_removed":["Strike_R"],"damage_healed":0.0,"max_hp_gain":0.0,"max_hp_loss":0.0,"gold_gain":0.0,"event_name":"Falling","player_choice":"Removed Attack","floor":37.0,"gold_loss":0.0,"damage_taken":0.0},{"damage_healed":0.0,"max_hp_gain":0.0,"max_hp_loss":0.0,"gold_gain":0.0,"event_name":"MindBloom","player_choice":"Fight","floor":38.0,"gold_loss":0.0,"damage_taken":0.0},{"damage_healed":0.0,"max_hp_gain":0.0,"max_hp_loss":0.0,"gold_gain":0.0,"event_name":"Tomb of Lord Red Mask","player_choice":"Ignored","floor":45.0,"gold_loss":0.0,"damage_taken":0.0},{"damage_healed":0.0,"max_hp_gain":0.0,"max_hp_loss":0.0,"gold_gain":0.0,"event_name":"Mysterious Sphere","player_choice":"Fight","floor":47.0,"gold_loss":0.0,"damage_taken":0.0}],"is_beta":false,"boss_relics":[{"not_picked":["Lizard Tail","Runic Dome"],"picked":"Sozu"},{"not_picked":["Tiny House","Pandora\u0027s Box"],"picked":"Snecko Eye"}],"items_purged_floors":[31,36,53],"is_endless":false,"potions_floor_spawned":[4,5,8,11,16,18,23,24,27,28,38,41,46,54],"killed_by":"The Heart","ascension_level":3}