{"gold_per_floor":[113,38,50,64,64,92,109,124,148,148,148,171,171,190,190,292,292,309,309,259,234,247,247,247],"floor_reached":24,"playtime":965,"items_purged":["Defend_R","Strike_R"],"score":198,"play_id":"465ad8cf-4e63-40ca-8cda-41ba0a30109b","local_time":"20181217224430","is_ascension_mode":false,"campfire_choices":[{"data":"Uppercut","floor":13,"key":"SMITH"},{"floor":15,"key":"REST"},{"data":"Dark Embrace","floor":23,"key":"SMITH"}],"neow_cost":"PERCENT_DAMAGE","seed_source_timestamp":20171566787136,"circlet_count":0,"master_deck":["Strike_R+1","Defend_R+1","Defend_R","Bash","Shrug It Off","Corruption","Metallicize","Uppercut+1","Shrug It Off","Whirlwind","Battle Trance","Dark Embrace+1","Iron Wave+1","Clash","Feel No Pain+1"],"relics":["Burning Blood","Smiling Mask","Blood Vial","Bag of Preparation","Empty Cage"],"potions_floor_usage":[8,24],"damage_taken":[{"damage":1,"enemies":"Cultist","floor":1,"turns":3},{"damage":5,"enemies":"Small Slimes","floor":3,"turns":3},{"damage":0,"enemies":"2 Louse","floor":4,"turns":4},{"damage":38,"enemies":"Gremlin Nob","floor":6,"turns":8},{"damage":0,"enemies":"Looter","floor":7,"turns":4},{"damage":22,"enemies":"Large Slime","floor":8,"turns":10},{"damage":9,"enemies":"Gremlin Gang","floor":14,"turns":3},{"damage":31,"enemies":"Slime Boss","floor":16,"turns":12},{"damage":35,"enemies":"Spheric Guardian","floor":18,"turns":10},{"damage":20,"enemies":"2 Thieves","floor":21,"turns":5},{"damage":21,"enemies":"Snake Plant","floor":22,"turns":7},{"damage":39,"enemies":"3 Cultists","floor":24,"turns":3}],"seed_played":"-3256709880600208195","potions_obtained":[{"floor":3,"key":"Swift Potion"},{"floor":7,"key":"SteroidPotion"},{"floor":14,"key":"Ancient Potion"},{"floor":19,"key":"AttackPotion"},{"floor":19,"key":"Weak Potion"},{"floor":21,"key":"BloodPotion"}],"is_trial":false,"path_per_floor":["M","$","M","M","?","E","M","M","T","?","?","T","R","M","R","B",null,"M","?","$","M","M","R","M"],"character_chosen":"IRONCLAD","items_purchased":[],"campfire_rested":1,"item_purchase_floors":[],"current_hp_per_floor":[61,61,62,68,68,36,42,26,26,26,10,10,10,9,33,10,80,51,51,51,39,26,26,0],"gold":247,"neow_bonus":"REMOVE_TWO","is_prod":false,"is_daily":false,"chose_seed":false,"campfire_upgraded":2,"win_rate":0,"timestamp":1545054270,"path_taken":["M","$","M","M","?","E","M","M","T","?","?","?","R","M","R","BOSS","M","?","$","M","?","R","?"],"build_version":"2018-12-13","purchased_purges":2,"victory":false,"max_hp_per_floor":[80,80,80,80,80,80,80,80,80,80,80,80,80,80,80,80,80,80,80,80,80,80,80,80],"card_choices":[{"not_picked":["Pummel","Body Slam"],"picked":"Shrug It Off","floor":1},{"not_picked":["True Grit","Anger"],"picked":"Corruption","floor":3},{"not_picked":["Wild Strike","Clothesline"],"picked":"Metallicize","floor":4},{"not_picked":["Hemokinesis","Seeing Red"],"picked":"Uppercut","floor":6},{"not_picked":["Hemokinesis","Warcry"],"picked":"Shrug It Off","floor":7},{"not_picked":["Ghostly Armor","Flex"],"picked":"Whirlwind","floor":8},{"not_picked":["Evolve","Twin Strike"],"picked":"Battle Trance","floor":14},{"not_picked":["Brutality","Demon Form"],"picked":"Dark Embrace","floor":16},{"not_picked":["Wild Strike+1","Heavy Blade"],"picked":"Iron Wave+1","floor":18},{"not_picked":["Havoc","Entrench+1"],"picked":"Clash","floor":21},{"not_picked":["Dropkick","Inflame"],"picked":"Feel No Pain+1","floor":22}],"player_experience":637385,"relics_obtained":[{"floor":6,"key":"Smiling Mask"},{"floor":12,"key":"Bag of Preparation"}],"event_choices":[{"damage_healed":0,"gold_gain":0,"player_choice":"Ignored","damage_taken":0,"max_hp_gain":0,"max_hp_loss":0,"event_name":"Golden Idol","floor":5,"gold_loss":0},{"damage_healed":0,"gold_gain":0,"player_choice":"Searched \u00271\u0027 times","damage_taken":0,"relics_obtained":["Blood Vial"],"max_hp_gain":0,"max_hp_loss":0,"event_name":"Dead Adventurer","floor":10,"gold_loss":0},{"damage_healed":0,"gold_gain":0,"player_choice":"Entered Light","damage_taken":16,"max_hp_gain":0,"max_hp_loss":0,"event_name":"Shining Light","floor":11,"gold_loss":0,"cards_upgraded":["Strike_R","Defend_R"]},{"damage_healed":0,"gold_gain":0,"player_choice":"Got Potions","damage_taken":0,"max_hp_gain":0,"max_hp_loss":0,"event_name":"Lab","floor":19,"gold_loss":0}],"is_beta":false,"boss_relics":[{"not_picked":["Astrolabe","Velvet Choker"],"picked":"Empty Cage"}],"items_purged_floors":[2,20],"is_endless":false,"potions_floor_spawned":[3,7,14,21],"killed_by":"3 Cultists","ascension_level":0}