{"gold_per_floor":[119,119,119,139,154,154,168,182,264,264,284,284,301,326,326,401,401,416,432,432,452,140,159,159,172,243,260,260,310,310,324,324,400,400,417,517,532,532,556,556,106,133,133,133,147,147,147,166,166,166],"floor_reached":51,"playtime":10648,"items_purged":["Strike_B"],"score":1321,"play_id":"ca59e6c1-3de0-499a-be6f-ba71a1e12a66","local_time":"20190110161709","is_ascension_mode":true,"campfire_choices":[{"data":"Defragment","floor":6,"key":"SMITH"},{"data":"Defragment","floor":10,"key":"SMITH"},{"floor":15,"key":"REST"},{"data":"Defragment","floor":28,"key":"SMITH"},{"data":"Fission","floor":30,"key":"SMITH"},{"floor":32,"key":"REST"},{"floor":40,"key":"REST"},{"data":"Defend_B","floor":46,"key":"PURGE"},{"data":"Strike_B","floor":49,"key":"PURGE"}],"neow_cost":"TEN_PERCENT_HP_LOSS","seed_source_timestamp":2060722749307019,"circlet_count":0,"master_deck":["AscendersBane","Defend_B+1","Zap","Dualcast+1","Melter","Fission+1","Go for the Eyes","FTL","Defragment+1","Coolheaded","Defragment+1","Electrodynamics","Conserve Battery+1","Conserve Battery+1","Echo Form","Coolheaded+1","Chill+1","Go for the Eyes","Defragment+1","Self Repair","Capacitor","Storm","Static Discharge","Ball Lightning+1","Electrodynamics","Cold Snap","Echo Form","Hologram+1","Storm","Coolheaded+1","Madness+1","Madness+1","Apotheosis+1","Defragment+1","Buffer"],"relics":["Cracked Core","The Courier","Toxic Egg 2","Bottled Lightning","Velvet Choker","Question Card","Fusion Hammer","Bird Faced Urn","Happy Flower","DollysMirror","Regal Pillow","Unceasing Top","Peace Pipe"],"potions_floor_usage":[11,14,25,50,50],"damage_taken":[{"damage":0,"enemies":"Small Slimes","floor":1,"turns":2},{"damage":0,"enemies":"Jaw Worm","floor":4,"turns":3},{"damage":0,"enemies":"Cultist","floor":5,"turns":3},{"damage":6,"enemies":"3 Louse","floor":7,"turns":3},{"damage":18,"enemies":"Exordium Thugs","floor":8,"turns":4},{"damage":17,"enemies":"Lots of Slimes","floor":11,"turns":4},{"damage":0,"enemies":"3 Louse","floor":13,"turns":2},{"damage":1,"enemies":"Lagavulin","floor":14,"turns":5},{"damage":18,"enemies":"The Guardian","floor":16,"turns":11},{"damage":0,"enemies":"Spheric Guardian","floor":18,"turns":3},{"damage":18,"enemies":"2 Thieves","floor":19,"turns":2},{"damage":23,"enemies":"Chosen and Byrds","floor":21,"turns":6},{"damage":0,"enemies":"Centurion and Healer","floor":23,"turns":3},{"damage":0,"enemies":"Sentry and Sphere","floor":25,"turns":4},{"damage":5,"enemies":"Snecko","floor":27,"turns":5},{"damage":16,"enemies":"Shelled Parasite and Fungi","floor":31,"turns":4},{"damage":12,"enemies":"Champ","floor":33,"turns":9},{"damage":12,"enemies":"3 Darklings","floor":35,"turns":3},{"damage":29,"enemies":"Mind Bloom Boss Battle","floor":36,"turns":6},{"damage":8,"enemies":"Orb Walker","floor":37,"turns":4},{"damage":0,"enemies":"Nemesis","floor":42,"turns":7},{"damage":17,"enemies":"Sphere and 2 Shapes","floor":45,"turns":3},{"damage":0,"enemies":"Maw","floor":48,"turns":7},{"damage":29,"enemies":"Awakened One","floor":50,"turns":17}],"seed_played":"3300013601968291868","potions_obtained":[{"floor":5,"key":"Energy Potion"},{"floor":13,"key":"SpeedPotion"},{"floor":14,"key":"FocusPotion"},{"floor":18,"key":"Regen Potion"},{"floor":27,"key":"FocusPotion"}],"is_trial":false,"path_per_floor":["M","?","T","M","M","R","M","M","T","R","M","?","M","E","R","B",null,"M","M","?","M","$","M","?","M","T","M","R","?","R","M","R","B",null,"M","?","M","?","T","R","$","E","T","$","M","R","?","M","R","B",null],"character_chosen":"DEFECT","items_purchased":["Defragment","Self Repair","Capacitor","Storm","Static Discharge","Apotheosis+1","DollysMirror","Regal Pillow"],"campfire_rested":3,"item_purchase_floors":[22,22,22,22,22,41,41,41],"current_hp_per_floor":[64,45,45,45,45,45,39,21,21,21,4,4,4,3,22,4,49,49,31,31,8,8,8,8,27,27,29,29,29,29,20,39,27,55,43,28,37,25,25,44,44,64,64,64,60,60,60,64,64,51],"gold":166,"neow_bonus":"TRANSFORM_TWO_CARDS","is_prod":false,"is_daily":false,"chose_seed":false,"campfire_upgraded":4,"win_rate":0,"timestamp":1547104629,"path_taken":["M","?","?","M","M","R","?","M","T","R","M","?","M","E","R","BOSS","M","M","?","M","$","?","?","?","T","?","R","?","R","M","R","BOSS","M","?","M","?","?","R","$","E","T","$","?","R","?","M","R","BOSS"],"build_version":"2019-01-03v4","purchased_purges":1,"victory":true,"max_hp_per_floor":[64,64,64,64,64,64,64,64,64,64,64,64,64,64,64,64,64,64,64,64,64,64,64,64,64,64,64,64,64,64,64,64,64,64,64,64,64,64,64,64,64,64,64,64,64,64,64,64,64,64],"card_choices":[{"not_picked":["Steam","Streamline"],"picked":"Go for the Eyes","floor":1},{"not_picked":["Turbo","Reinforced Body"],"picked":"FTL","floor":4},{"not_picked":["Gash","Conserve Battery"],"picked":"Defragment","floor":5},{"not_picked":["Streamline","Redo"],"picked":"Coolheaded","floor":7},{"not_picked":["Conserve Battery","Go for the Eyes"],"picked":"Defragment","floor":8},{"not_picked":["Static Discharge","Compile Driver"],"picked":"Electrodynamics","floor":11},{"not_picked":["Barrage","Aggregate+1"],"picked":"Conserve Battery+1","floor":13},{"not_picked":["FTL","Heatsinks"],"picked":"Conserve Battery+1","floor":14},{"not_picked":["Thunder Strike","Hyperbeam"],"picked":"Echo Form","floor":16},{"not_picked":["Streamline","Steam+1"],"picked":"Coolheaded+1","floor":18},{"not_picked":["Redo+1","Ball Lightning"],"picked":"Chill+1","floor":19},{"not_picked":["Streamline","Redo+1"],"picked":"Go for the Eyes","floor":21},{"not_picked":["Compile Driver","Redo+1"],"picked":"Ball Lightning+1","floor":23},{"not_picked":["Steam Power+1","Stack+1"],"picked":"Electrodynamics","floor":25},{"not_picked":["Turbo+1","Double Energy+1","Gash","Beam Cell"],"picked":"SKIP","floor":27},{"not_picked":["Streamline","Redo+1","Reinforced Body+1"],"picked":"Cold Snap","floor":31},{"not_picked":["Hyperbeam","Electrodynamics","Thunder Strike"],"picked":"Echo Form","floor":33},{"not_picked":["Recycle+1","Streamline","Cold Snap"],"picked":"Hologram+1","floor":35},{"not_picked":["Gash","Fusion+1","Hologram+1"],"picked":"Storm","floor":36},{"not_picked":["Skim+1","Leap+1","Conserve Battery+1"],"picked":"Coolheaded+1","floor":37},{"not_picked":["Redo+1","Cold Snap","Sweeping Beam"],"picked":"Buffer","floor":42},{"not_picked":["Hologram+1","Compile Driver","Stack+1","Beam Cell"],"picked":"SKIP","floor":45},{"not_picked":["Self Repair","Hologram+1","Scrape+1","Redo+1"],"picked":"SKIP","floor":48}],"player_experience":814736,"relics_obtained":[{"floor":3,"key":"The Courier"},{"floor":9,"key":"Toxic Egg 2"},{"floor":14,"key":"Bottled Lightning"},{"floor":26,"key":"Question Card"},{"floor":36,"key":"Bird Faced Urn"},{"floor":39,"key":"Happy Flower"},{"floor":42,"key":"Unceasing Top"},{"floor":43,"key":"Peace Pipe"}],"event_choices":[{"damage_healed":0,"gold_gain":0,"player_choice":"Entered Light","damage_taken":19,"max_hp_gain":0,"max_hp_loss":0,"event_name":"Shining Light","floor":2,"gold_loss":0,"cards_upgraded":["Dualcast","Defend_B"]},{"damage_healed":0,"gold_gain":0,"player_choice":"Searched \u00270\u0027 times","damage_taken":0,"max_hp_gain":0,"max_hp_loss":0,"event_name":"Dead Adventurer","floor":12,"gold_loss":0},{"cards_removed":["Defend_B"],"damage_healed":0,"gold_gain":0,"player_choice":"Offered Basic","damage_taken":0,"max_hp_gain":0,"max_hp_loss":0,"event_name":"Bonfire Elementals","floor":20,"gold_loss":0},{"cards_removed":["Defend_B"],"damage_healed":0,"gold_gain":0,"player_choice":"Purged","damage_taken":0,"max_hp_gain":0,"max_hp_loss":0,"event_name":"Purifier","floor":24,"gold_loss":0},{"damage_healed":0,"gold_gain":50,"player_choice":"Stole From Cult","damage_taken":0,"max_hp_gain":0,"max_hp_loss":0,"event_name":"Nest","floor":29,"gold_loss":0},{"damage_healed":0,"gold_gain":0,"player_choice":"Fight","damage_taken":0,"max_hp_gain":0,"max_hp_loss":0,"event_name":"MindBloom","floor":36,"gold_loss":0},{"damage_healed":0,"gold_gain":0,"player_choice":"Embrace Madness","damage_taken":12,"max_hp_gain":0,"max_hp_loss":0,"event_name":"Winding Halls","floor":38,"gold_loss":0,"cards_obtained":["Madness","Madness"]},{"damage_healed":0,"gold_gain":0,"player_choice":"Ignored","damage_taken":0,"max_hp_gain":0,"max_hp_loss":0,"event_name":"Mysterious Sphere","floor":47,"gold_loss":0}],"is_beta":false,"boss_relics":[{"not_picked":["Black Star","Snecko Eye"],"picked":"Velvet Choker"},{"not_picked":["Nuclear Battery","Pandora\u0027s Box"],"picked":"Fusion Hammer"}],"items_purged_floors":[22],"is_endless":false,"potions_floor_spawned":[5,13,14,18,27,31,35,42],"ascension_level":18}