{"gold_per_floor":[113,127,127,52,72,72,102,102,102,115,133,156,156,17,17,113,113,123,84,54,67,82,82,94,94,143,157,157,89,14,26,26,128,128,139,139,186,186,202,231,231,104,104,104,104,123,140,8,8,8],"floor_reached":51,"playtime":7277,"items_purged":["Strike_G","Strike_G","Venomology","Defend_G"],"score":865,"play_id":"a0c5cf53-21e6-4f65-9e22-1aeb7acf22bd","local_time":"20181026081101","is_ascension_mode":true,"campfire_choices":[{"data":"Bouncing Flask","floor":6.0,"key":"SMITH"},{"data":"Neutralize","floor":8.0,"key":"SMITH"},{"floor":13.0,"key":"REST"},{"data":"Footwork","floor":15.0,"key":"SMITH"},{"floor":23.0,"key":"REST"},{"data":"A Thousand Cuts","floor":25.0,"key":"SMITH"},{"data":"Footwork","floor":28.0,"key":"SMITH"},{"floor":32.0,"key":"REST"},{"data":"Noxious Fumes","floor":41,"key":"SMITH"},{"data":"Noxious Fumes","floor":44,"key":"SMITH"},{"floor":49,"key":"REST"}],"neow_cost":"TEN_PERCENT_HP_LOSS","seed_source_timestamp":0,"circlet_count":0,"master_deck":["Defend_G","Defend_G","Strike_G","Survivor","Neutralize+1","Adrenaline","Bouncing Flask+1","Cloak And Dagger","PiercingWail","Blur","Tools of the Trade","Backflip","Footwork+1","A Thousand Cuts+1","Sucker Punch+1","Dodge and Roll+1","Slice+1","Blur","Crippling Poison","Footwork+1","Escape Plan+1","Cloak And Dagger","Predator+1","Noxious Fumes+1","Caltrops+1","Glass Knife","Backflip+1","Neutralize","Noxious Fumes+1","Footwork+1","Backstab","Noxious Fumes+1","Madness","Madness","Footwork"],"special_seed":0,"relics":["Ring of the Snake","Mummified Hand","Strawberry","Odd Mushroom","Astrolabe","Pen Nib","Sozu","WingedGreaves","Smiling Mask","Pantograph"],"potions_floor_usage":[37,37],"damage_taken":[{"damage":0.0,"enemies":"Cultist","floor":1.0,"turns":4.0},{"damage":1.0,"enemies":"Small Slimes","floor":2.0,"turns":3.0},{"damage":8.0,"enemies":"2 Louse","floor":5.0,"turns":3.0},{"damage":2.0,"enemies":"Lagavulin","floor":7.0,"turns":6.0},{"damage":7.0,"enemies":"Exordium Wildlife","floor":10.0,"turns":8.0},{"damage":0.0,"enemies":"Blue Slaver","floor":11.0,"turns":4.0},{"damage":11.0,"enemies":"The Mushroom Lair","floor":12.0,"turns":6.0},{"damage":20.0,"enemies":"The Guardian","floor":16.0,"turns":9.0},{"damage":2.0,"enemies":"Chosen","floor":18.0,"turns":4.0},{"damage":0.0,"enemies":"2 Thieves","floor":20.0,"turns":5.0},{"damage":0.0,"enemies":"Snecko","floor":21.0,"turns":6.0},{"damage":31.0,"enemies":"Cultist and Chosen","floor":22.0,"turns":8.0},{"damage":1.0,"enemies":"3 Cultists","floor":24.0,"turns":6.0},{"damage":4.0,"enemies":"Sentry and Sphere","floor":27.0,"turns":5.0},{"damage":0.0,"enemies":"Centurion and Healer","floor":31.0,"turns":5.0},{"damage":8.0,"enemies":"Champ","floor":33.0,"turns":12.0},{"damage":0.0,"enemies":"Orb Walker","floor":35.0,"turns":4.0},{"damage":0,"enemies":"2 Orb Walkers","floor":37,"turns":4},{"damage":0,"enemies":"3 Shapes","floor":39,"turns":3},{"damage":0,"enemies":"Giant Head","floor":40,"turns":9},{"damage":18,"enemies":"Transient","floor":46,"turns":5},{"damage":26,"enemies":"Spire Growth","floor":47,"turns":6},{"damage":43,"enemies":"Donu and Deca","floor":50,"turns":9}],"seed_played":"-2544577809276051031","potions_obtained":[{"floor":2.0,"key":"AttackPotion"},{"floor":7.0,"key":"GamblersBrew"},{"floor":12.0,"key":"EssenceOfSteel"},{"floor":16.0,"key":"GamblersBrew"},{"floor":20.0,"key":"Energy Potion"},{"floor":22.0,"key":"Block Potion"},{"floor":27.0,"key":"Fire Potion"},{"floor":31.0,"key":"Fruit Juice"},{"floor":33.0,"key":"Energy Potion"}],"is_trial":false,"path_per_floor":["M","M","?","$","M","R","E","R","T","M","M","?","R","$","R","B",null,"M","$","M","M","M","R","M","R","T","M","R","$","?","M","R","B",null,"M","?","?","?","M","E","R","$","T","R","?","M","M","$","R","B"],"character_chosen":"THE_SILENT","items_purchased":["Footwork","Crippling Poison","Noxious Fumes","Noxious Fumes","Footwork"],"campfire_rested":4,"item_purchase_floors":[14,19,29,42,48],"current_hp_per_floor":[63,62,67,67,59,59,57,57,64,57,57,46,68,68,68,48,68,66,66,66,66,35,57,56,56,56,52,52,52,52,57,80,72,78,78,78,78,78,78,78,78,78,78,78,68,50,24,24,48,30],"gold":8,"neow_bonus":"THREE_RARE_CARDS","is_prod":false,"is_daily":false,"chose_seed":false,"campfire_upgraded":7,"win_rate":0,"timestamp":1540555861,"path_taken":["M","M","?","$","M","R","E","R","T","M","M","?","R","$","R","BOSS","M","$","M","M","?","R","M","R","T","M","R","$","?","M","R","BOSS","M","?","?","?","M","E","R","$","T","R","?","?","M","$","R","BOSS"],"build_version":"2018-10-25v2","purchased_purges":4,"victory":true,"max_hp_per_floor":[63,63,68,68,68,68,68,68,75,75,75,75,75,75,75,75,75,75,75,75,75,75,75,75,75,75,75,75,75,75,80,80,80,80,80,80,80,80,80,80,80,80,80,80,80,80,80,80,80,80],"card_choices":[{"not_picked":["Grand Finale","Corpse Explosion"],"picked":"Adrenaline","floor":0.0},{"not_picked":["Underhanded Strike","Dagger Throw"],"picked":"Bouncing Flask","floor":1.0},{"not_picked":["Outmaneuver","Quick Slash"],"picked":"Cloak And Dagger","floor":2.0},{"not_picked":["Outmaneuver","Underhanded Strike"],"picked":"PiercingWail","floor":5.0},{"not_picked":["Blade Dance","PiercingWail"],"picked":"Blur","floor":7.0},{"not_picked":["Bane","Distraction","Quick Slash"],"picked":"SKIP","floor":10.0},{"not_picked":["Dagger Throw","Expertise"],"picked":"Tools of the Trade","floor":11.0},{"not_picked":["Underhanded Strike","Deadly Poison"],"picked":"Backflip","floor":12.0},{"not_picked":["Unload","Tools of the Trade"],"picked":"A Thousand Cuts","floor":16.0},{"not_picked":["Backflip","Distraction+1"],"picked":"Blur","floor":18.0},{"not_picked":["Flying Knee+1","Riddle With Holes"],"picked":"Footwork","floor":20.0},{"not_picked":["Deflect","Sucker Punch+1","Finisher"],"picked":"SKIP","floor":21.0},{"not_picked":["Cloak And Dagger","Dagger Spray"],"picked":"Escape Plan+1","floor":22.0},{"not_picked":["Acrobatics","Flying Knee+1"],"picked":"Cloak And Dagger","floor":24.0},{"not_picked":["Riddle With Holes+1","PiercingWail"],"picked":"Predator+1","floor":27.0},{"not_picked":["Riddle With Holes+1","PiercingWail"],"picked":"Caltrops+1","floor":31.0},{"not_picked":["Die Die Die","Night Terror"],"picked":"Glass Knife","floor":33.0},{"not_picked":["Acrobatics+1","Sucker Punch"],"picked":"Backflip+1","floor":35.0},{"not_picked":["Underhanded Strike","Quick Slash"],"picked":"Noxious Fumes+1","floor":37},{"not_picked":["Prepared","Concentrate+1"],"picked":"Backstab","floor":39},{"not_picked":["Concentrate","Riddle With Holes+1"],"picked":"Venomology","floor":40},{"not_picked":["Prepared+1","Slice+1","Cloak And Dagger"],"picked":"SKIP","floor":46},{"not_picked":["Blade Dance+1","Prepared+1","All Out Attack"],"picked":"SKIP","floor":47}],"player_experience":383259,"relics_obtained":[{"floor":7.0,"key":"Mummified Hand"},{"floor":9.0,"key":"Strawberry"},{"floor":12.0,"key":"Odd Mushroom"},{"floor":26.0,"key":"Pen Nib"},{"floor":37,"key":"WingedGreaves"},{"floor":40,"key":"Smiling Mask"},{"floor":43,"key":"Pantograph"}],"event_choices":[{"damage_healed":0.0,"max_hp_gain":5.0,"max_hp_loss":0.0,"gold_gain":0.0,"event_name":"Big Fish","player_choice":"Donut","floor":3.0,"gold_loss":0.0,"damage_taken":0.0},{"damage_healed":0.0,"max_hp_gain":0.0,"max_hp_loss":0.0,"gold_gain":0.0,"event_name":"Mushrooms","player_choice":"Fought Mushrooms","floor":12.0,"gold_loss":0.0,"damage_taken":0.0},{"cards_removed":["Defend_G"],"damage_healed":0.0,"max_hp_gain":0.0,"max_hp_loss":0.0,"gold_gain":0.0,"event_name":"Beggar","player_choice":"Gave Gold","floor":30.0,"gold_loss":75.0,"damage_taken":0.0},{"damage_healed":0.0,"max_hp_gain":0.0,"max_hp_loss":0.0,"gold_gain":0.0,"event_name":"Match and Keep!","player_choice":"1 cards matched","floor":36.0,"gold_loss":0.0,"damage_taken":0.0,"cards_obtained":["Neutralize"]},{"damage_healed":0,"gold_gain":0,"player_choice":"Fight","damage_taken":0,"max_hp_gain":0,"max_hp_loss":0,"event_name":"Mysterious Sphere","floor":37,"gold_loss":0},{"damage_healed":0,"gold_gain":0,"player_choice":"Copied","damage_taken":0,"max_hp_gain":0,"max_hp_loss":0,"event_name":"Duplicator","floor":38,"gold_loss":0,"cards_obtained":["Footwork"]},{"damage_healed":0,"gold_gain":0,"player_choice":"Embrace Madness","damage_taken":10,"max_hp_gain":0,"max_hp_loss":0,"event_name":"Winding Halls","floor":45,"gold_loss":0,"cards_obtained":["Madness","Madness"]}],"is_beta":false,"boss_relics":[{"not_picked":["Empty Cage","Philosopher\u0027s Stone"],"picked":"Astrolabe"},{"not_picked":["Calling Bell","Eternal Feather"],"picked":"Sozu"}],"items_purged_floors":[4,14,42,48],"is_endless":false,"potions_floor_spawned":[2,7,12,16,20,22,27,31,33,35,40,46,47],"ascension_level":5}