{"gold_per_floor":[19,36,36,53,2,31,31,42,65,65,65,80,91,42,42,145,145,164,89,101,101,114,128,161,161,214,214,234,245,199,219,219,219],"floor_reached":33,"playtime":5425,"items_purged":[],"score":271,"play_id":"6059db06-974b-491a-b4f2-079f888ad832","local_time":"20190106160740","is_ascension_mode":false,"campfire_choices":[{"floor":7.0,"key":"REST"},{"data":"Hologram","floor":11.0,"key":"SMITH"},{"floor":15.0,"key":"REST"},{"floor":25.0,"key":"REST"},{"data":"Machine Learning","floor":27.0,"key":"SMITH"},{"floor":32,"key":"REST"}],"neow_cost":"NO_GOLD","seed_source_timestamp":0,"circlet_count":0,"master_deck":["Strike_B+1","Strike_B+1","Strike_B+1","Strike_B+1","Defend_B+1","Defend_B+1","Defend_B+1","Zap+1","Dualcast","All For One","Hologram+1","Conserve Battery","Reinforced Body","Conserve Battery","Go for the Eyes","Defragment+1","Conserve Battery","Self Repair","Machine Learning+1","Auto Shields","Fusion+1","Doom and Gloom+1","Creative AI","Defragment","Hologram","Machine Learning"],"special_seed":0,"relics":["Cracked Core","Lantern","War Paint","Velvet Choker","Pen Nib","Bag of Marbles"],"potions_floor_usage":[],"damage_taken":[{"damage":1.0,"enemies":"Cultist","floor":1.0,"turns":3.0},{"damage":0.0,"enemies":"Small Slimes","floor":2.0,"turns":3.0},{"damage":0.0,"enemies":"2 Louse","floor":4.0,"turns":3.0},{"damage":62.0,"enemies":"Gremlin Nob","floor":6.0,"turns":6.0},{"damage":0.0,"enemies":"Large Slime","floor":8.0,"turns":5.0},{"damage":3.0,"enemies":"Looter","floor":12.0,"turns":4.0},{"damage":0.0,"enemies":"Exordium Wildlife","floor":13.0,"turns":2.0},{"damage":28.0,"enemies":"Hexaghost","floor":16.0,"turns":15.0},{"damage":4.0,"enemies":"Shell Parasite","floor":18.0,"turns":6.0},{"damage":7.0,"enemies":"Chosen","floor":20.0,"turns":6.0},{"damage":10.0,"enemies":"Centurion and Healer","floor":22.0,"turns":8.0},{"damage":22.0,"enemies":"Chosen and Byrds","floor":23.0,"turns":7.0},{"damage":29.0,"enemies":"Book of Stabbing","floor":24.0,"turns":7.0},{"damage":22.0,"enemies":"Shelled Parasite and Fungi","floor":28.0,"turns":4.0},{"damage":18,"enemies":"3 Cultists","floor":29,"turns":4},{"damage":19,"enemies":"Centurion and Healer","floor":31,"turns":8},{"damage":44,"enemies":"Automaton","floor":33,"turns":6}],"seed_played":"-7400404974643767685","potions_obtained":[{"floor":2.0,"key":"Strength Potion"},{"floor":4.0,"key":"SpeedPotion"},{"floor":8.0,"key":"SkillPotion"},{"floor":13.0,"key":"FocusPotion"}],"is_trial":false,"path_per_floor":["M","M","?","M","$","E","R","M","T","?","R","M","M","?","R","B",null,"M","?","M","?","M","M","E","R","T","R","M","M","$","M","R","B"],"character_chosen":"DEFECT","items_purchased":["Conserve Battery","Hologram"],"campfire_rested":4,"item_purchase_floors":[5,30],"current_hp_per_floor":[74,74,74,74,74,12,34,34,34,34,34,31,31,31,53,32,75,75,75,75,75,72,57,35,57,57,57,42,31,31,19,41,0],"gold":219,"neow_bonus":"THREE_RARE_CARDS","is_prod":false,"is_daily":false,"chose_seed":false,"campfire_upgraded":2,"win_rate":0.0,"timestamp":1546808860,"path_taken":["M","M","?","M","$","E","R","M","T","?","R","M","M","?","R","BOSS","M","?","M","?","M","M","E","R","T","R","M","M","$","M","R","BOSS"],"build_version":"2019-01-03v4","purchased_purges":0,"victory":false,"max_hp_per_floor":[75,75,75,75,75,75,75,75,75,75,75,75,75,75,75,75,75,75,75,75,75,75,75,75,75,75,75,75,75,75,75,75,75],"card_choices":[{"not_picked":["Amplify","Reboot"],"picked":"All For One","floor":0.0},{"not_picked":["Lockon","Skim"],"picked":"Hologram","floor":1.0},{"not_picked":["Ball Lightning","Reprogram"],"picked":"Conserve Battery","floor":2.0},{"not_picked":["Go for the Eyes","Hello World"],"picked":"Reinforced Body","floor":4.0},{"not_picked":["Force Field","Leap"],"picked":"Go for the Eyes","floor":6.0},{"not_picked":["Conserve Battery","Steam"],"picked":"Defragment","floor":8.0},{"not_picked":["Leap","Barrage"],"picked":"Conserve Battery","floor":12.0},{"not_picked":["Beam Cell","Stack"],"picked":"Self Repair","floor":13.0},{"not_picked":["Thunder Strike","Amplify"],"picked":"Machine Learning","floor":16.0},{"not_picked":["Double Energy","Barrage","Conserve Battery"],"picked":"SKIP","floor":18.0},{"not_picked":["Stack","Redo"],"picked":"Auto Shields","floor":20.0},{"not_picked":["Compile Driver","Go for the Eyes"],"picked":"Fusion+1","floor":22.0},{"not_picked":["Steam Power","Genetic Algorithm"],"picked":"Doom and Gloom+1","floor":23.0},{"not_picked":["Hologram","Gash"],"picked":"Creative AI","floor":24.0},{"not_picked":["Compile Driver","Sweeping Beam"],"picked":"Defragment","floor":28},{"not_picked":["Gash","Ball Lightning","Redo"],"picked":"SKIP","floor":29},{"not_picked":["Gash","Leap"],"picked":"Machine Learning","floor":31}],"player_experience":25740,"relics_obtained":[{"floor":6.0,"key":"Lantern"},{"floor":9.0,"key":"War Paint"},{"floor":24.0,"key":"Pen Nib"},{"floor":26.0,"key":"Bag of Marbles"}],"event_choices":[{"damage_healed":0.0,"max_hp_gain":0.0,"max_hp_loss":0.0,"gold_gain":0.0,"event_name":"Liars Game","player_choice":"Ignored","floor":3.0,"gold_loss":0.0,"damage_taken":0.0},{"damage_healed":0.0,"max_hp_gain":0.0,"max_hp_loss":0.0,"gold_gain":0.0,"event_name":"Living Wall","player_choice":"Grow","floor":10.0,"gold_loss":0.0,"damage_taken":0.0,"cards_upgraded":["Defragment"]},{"damage_healed":0.0,"max_hp_gain":0.0,"max_hp_loss":0.0,"gold_gain":0.0,"event_name":"World of Goop","player_choice":"Left Gold","floor":14.0,"gold_loss":49.0,"damage_taken":0.0},{"cards_removed":["Defend_B"],"damage_healed":0.0,"max_hp_gain":0.0,"max_hp_loss":0.0,"gold_gain":0.0,"event_name":"Beggar","player_choice":"Gave Gold","floor":19.0,"gold_loss":75.0,"damage_taken":0.0},{"damage_healed":0.0,"max_hp_gain":0.0,"max_hp_loss":0.0,"gold_gain":0.0,"event_name":"Back to Basics","player_choice":"Simplicity","floor":21.0,"gold_loss":0.0,"damage_taken":0.0,"cards_upgraded":["Strike_B","Strike_B","Strike_B","Strike_B","Defend_B","Defend_B"]}],"is_beta":false,"boss_relics":[{"not_picked":["Empty Cage","Calling Bell"],"picked":"Velvet Choker"}],"items_purged_floors":[],"is_endless":false,"potions_floor_spawned":[2,4,8,13,20,23,24],"killed_by":"Automaton","ascension_level":0}