{"gold_per_floor":[111,111,111,129,129,163,163,188,188,222,236,236,255,284,284,382,382,400,419,419,443,460,460,491,491,538,538,538,538,573,589,589,589],"floor_reached":33,"playtime":1592,"items_purged":[],"score":397,"play_id":"db7691c8-3516-49bd-ae52-aa91aa7ec64f","local_time":"20181118213206","is_ascension_mode":true,"campfire_choices":[{"data":"Core Surge","floor":7,"key":"SMITH"},{"floor":12,"key":"REST"},{"data":"Streamline","floor":15,"key":"SMITH"},{"data":"Amplify","floor":23,"key":"SMITH"},{"data":"Core Surge","floor":32,"key":"SMITH"}],"neow_cost":"NONE","seed_source_timestamp":364063280368761,"circlet_count":0,"master_deck":["Strike_B","Strike_B","Strike_B","Defend_B","Defend_B+1","Defend_B+1","Defend_B","Zap","Dualcast","Scrape+1","Steam","Core Surge+1","Glacier","Gash","Streamline+1","Core Surge+1","Seek","Sweeping Beam+1","White Noise","Necronomicurse","Amplify+1","Streamline+1","Self Repair","Static Discharge","Glacier"],"relics":["Cracked Core","NeowsBlessing","Mercury Hourglass","Gambling Chip","Bottled Flame","Regal Pillow","Letter Opener","Snecko Eye","Necronomicon","Juzu Bracelet","Meat on the Bone","Centennial Puzzle"],"potions_floor_usage":[16,30,30,33],"damage_taken":[{"damage":0,"enemies":"2 Louse","floor":1,"turns":1},{"damage":0,"enemies":"Cultist","floor":4,"turns":1},{"damage":0,"enemies":"3 Sentries","floor":6,"turns":1},{"damage":16,"enemies":"Gremlin Nob","floor":8,"turns":3},{"damage":22,"enemies":"Lagavulin","floor":10,"turns":5},{"damage":6,"enemies":"Jaw Worm","floor":11,"turns":2},{"damage":8,"enemies":"Exordium Wildlife","floor":13,"turns":2},{"damage":18,"enemies":"Gremlin Nob","floor":14,"turns":4},{"damage":13,"enemies":"The Guardian","floor":16,"turns":9},{"damage":7,"enemies":"Spheric Guardian","floor":18,"turns":3},{"damage":9,"enemies":"2 Thieves","floor":19,"turns":4},{"damage":0,"enemies":"3 Cultists","floor":22,"turns":3},{"damage":0,"enemies":"Gremlin Leader","floor":24,"turns":4},{"damage":23,"enemies":"Slavers","floor":30,"turns":3},{"damage":0,"enemies":"Snecko","floor":31,"turns":2},{"damage":46,"enemies":"Automaton","floor":33,"turns":6}],"seed_played":"-4083891681987425770","potions_obtained":[{"floor":1,"key":"Ancient Potion"},{"floor":6,"key":"Explosive Potion"},{"floor":8,"key":"Block Potion"},{"floor":13,"key":"GamblersBrew"},{"floor":19,"key":"Block Potion"},{"floor":24,"key":"SneckoOil"}],"is_trial":false,"path_per_floor":["M","?","$","M","?","E","R","E","T","E","M","R","M","E","R","B",null,"M","M","?","T","M","R","E","?","T","?","?","?","E","M","R","B"],"character_chosen":"DEFECT","items_purchased":[],"campfire_rested":1,"item_purchase_floors":[],"current_hp_per_floor":[75,60,60,60,60,60,60,44,44,22,16,53,45,27,27,14,75,68,59,43,43,43,43,43,43,43,43,36,36,39,39,39,0],"gold":589,"neow_bonus":"THREE_ENEMY_KILL","is_prod":false,"is_daily":false,"chose_seed":false,"campfire_upgraded":4,"win_rate":0,"timestamp":1542594726,"path_taken":["M","?","$","M","?","E","R","E","T","E","M","R","M","E","R","BOSS","M","?","?","?","M","R","E","?","T","?","?","?","E","M","R","BOSS"],"build_version":"2018-11-15","purchased_purges":0,"victory":false,"max_hp_per_floor":[75,75,75,75,75,75,75,75,75,75,75,75,75,75,75,75,75,75,75,75,75,75,75,75,75,75,75,75,75,75,75,75,75],"card_choices":[{"not_picked":["Lockon","Sunder"],"picked":"Scrape","floor":1},{"not_picked":["Cold Snap","Doom and Gloom"],"picked":"Steam","floor":4},{"not_picked":["Steam","Barrage"],"picked":"Core Surge","floor":6},{"not_picked":["Hello World","Reinforced Body","Barrage"],"picked":"SKIP","floor":8},{"not_picked":["Redo","Undo"],"picked":"Glacier","floor":10},{"not_picked":["Turbo","Go for the Eyes"],"picked":"Gash","floor":11},{"not_picked":["Cold Snap","Redo"],"picked":"Streamline","floor":13},{"not_picked":["Glacier","Aggregate"],"picked":"Core Surge","floor":14},{"not_picked":["Amplify","Echo Form"],"picked":"Seek","floor":16},{"not_picked":["Auto Shields+1","Leap"],"picked":"Sweeping Beam+1","floor":18},{"not_picked":["Cold Snap","Barrage+1"],"picked":"White Noise","floor":19},{"not_picked":["Rebound","Reprogram"],"picked":"Amplify","floor":22},{"not_picked":["Reprogram+1","Lockon","Ball Lightning"],"picked":"SKIP","floor":24},{"not_picked":["Steam","Coolheaded"],"picked":"Static Discharge","floor":30},{"not_picked":["Redo","Stack"],"picked":"Glacier","floor":31}],"player_experience":163426,"relics_obtained":[{"floor":6,"key":"Mercury Hourglass"},{"floor":8,"key":"Gambling Chip"},{"floor":9,"key":"Bottled Flame"},{"floor":10,"key":"Regal Pillow"},{"floor":14,"key":"Letter Opener"},{"floor":20,"key":"Necronomicon"},{"floor":21,"key":"Juzu Bracelet"},{"floor":24,"key":"Meat on the Bone"},{"floor":30,"key":"Centennial Puzzle"}],"event_choices":[{"damage_healed":0,"gold_gain":0,"player_choice":"Entered Light","damage_taken":15,"max_hp_gain":0,"max_hp_loss":0,"event_name":"Shining Light","floor":2,"gold_loss":0,"cards_upgraded":["Defend_B","Defend_B"]},{"damage_healed":0,"gold_gain":0,"player_choice":"Upgraded","damage_taken":0,"max_hp_gain":0,"max_hp_loss":0,"event_name":"Upgrade Shrine","floor":5,"gold_loss":0,"cards_upgraded":["Scrape"]},{"damage_healed":0,"gold_gain":0,"player_choice":"Obtained Book","damage_taken":16,"max_hp_gain":0,"max_hp_loss":0,"event_name":"Cursed Tome","floor":20,"gold_loss":0},{"damage_healed":0,"gold_gain":0,"player_choice":"Copied","damage_taken":0,"max_hp_gain":0,"max_hp_loss":0,"event_name":"Duplicator","floor":25,"gold_loss":0,"cards_obtained":["Streamline"]},{"cards_removed":["Strike_B"],"damage_healed":0,"gold_gain":0,"player_choice":"Elegance","damage_taken":0,"max_hp_gain":0,"max_hp_loss":0,"event_name":"Back to Basics","floor":27,"gold_loss":0},{"damage_healed":0,"gold_gain":0,"player_choice":"","damage_taken":7,"max_hp_gain":0,"max_hp_loss":0,"event_name":"Knowing Skull","floor":28,"potions_obtained":[],"gold_loss":0,"cards_obtained":[]},{"damage_healed":0,"gold_gain":0,"player_choice":"Read","damage_taken":0,"max_hp_gain":0,"max_hp_loss":0,"event_name":"The Library","floor":29,"gold_loss":0,"cards_obtained":["Self Repair"]}],"is_beta":false,"boss_relics":[{"not_picked":["Empty Cage","Eternal Feather"],"picked":"Snecko Eye"}],"items_purged_floors":[],"is_endless":false,"potions_floor_spawned":[1,6,8,13,19,22,24],"killed_by":"Automaton","ascension_level":2}