{"path_per_floor":["M","M","?","$","?","E","R","M","T","E","M","?","M","?","R","B",null,"M","?","?","M","M","R","E","?","T","R","$","R","E","$","R","B",null,"M","?","$","?","M","R","M","R","T","M","M"],"character_chosen":"THE_SILENT","items_purchased":["Well Laid Plans","Backstab","Snake Skull","Flying Knee"],"gold_per_floor":[111,121,221,31,31,65,65,76,101,135,153,118,132,132,132,235,235,245,160,160,177,193,193,222,222,222,222,122,122,150,150,150,248,248,264,264,91,139,150,150,170,170,238,255,274],"floor_reached":46,"campfire_rested":2,"playtime":4661,"current_hp_per_floor":[70,66,66,66,66,51,51,45,45,38,25,42,40,22,43,35,70,58,58,49,49,49,49,46,46,46,46,46,46,32,32,49,44,59,45,38,38,39,39,39,34,34,34,34,22],"items_purged":["Defend_G","Expertise"],"gold":274,"score":467,"play_id":"647eb38c-d352-4201-936b-79f1eb5983f2","is_prod":false,"is_daily":false,"is_ascension_mode":false,"campfire_upgraded":6,"path_taken":["M","M","?","?","?","E","R","M","T","E","M","?","?","?","R","BOSS","M","?","?","M","M","R","E","?","T","R","$","R","E","$","R","BOSS","M","?","$","?","M","R","M","R","T","M","M","M"],"build_version":"2018-02-08-PROD1","purchased_purges":3,"victory":false,"master_deck":["Defend_G","Defend_G","Survivor","Neutralize","After Image+1","Backflip","Dagger Throw","Well Laid Plans+1","Backstab","Dash","Quick Slash","Flying Knee+1","Noxious Fumes+1","Venomology","Distraction+1","Blur+1","Deadly Poison","Bite","Bite","Bite","Bite","Bite","Infinite Blades+1","Blur","Noxious Fumes+1","Bouncing Flask","Riddle With Holes","After Image","Distraction+1","Madness","Madness","Flying Knee","Poisoned Stab+1","Predator+1","Dash+1","Riddle With Holes+1","Outmaneuver+1"],"max_hp_per_floor":[70,70,70,70,70,70,70,70,70,70,70,70,70,70,70,70,70,70,70,49,49,49,49,59,59,59,59,59,59,59,59,59,59,59,59,59,59,59,59,59,59,59,59,59,59],"relics":["Ring of the Snake","Bag of Marbles","Happy Flower","Bag of Preparation","Tough Bandages","Astrolabe","Juzu Bracelet","Pear","Thread and Needle","Centennial Puzzle","The Specimen","Snake Skull","Tingsha","Toolbox"],"card_choices":[{"not_picked":["Doppelganger","Die Die Die"],"picked":"After Image"},{"not_picked":["Skewer","Prepared"],"picked":"Backflip"},{"not_picked":["Dagger Spray","Distraction"],"picked":"Dagger Throw"},{"not_picked":["Deadly Poison","Expertise"],"picked":"Dash"},{"not_picked":["Deadly Poison","PiercingWail"],"picked":"Quick Slash"},{"not_picked":["Dagger Throw","Backstab"],"picked":"Envenom"},{"not_picked":["Flechettes","Deadly Poison"],"picked":"Flying Knee"},{"not_picked":["Footwork","Blur"],"picked":"Noxious Fumes"},{"not_picked":["Unload","After Image"],"picked":"Venomology"},{"not_picked":["Sucker Punch","Prepared"],"picked":"Deadly Poison"},{"not_picked":["Poisoned Stab","Blade Dance"],"picked":"Infinite Blades"},{"not_picked":["Sucker Punch","Deflect"],"picked":"Blur"},{"not_picked":["Outmaneuver","Crippling Poison"],"picked":"Noxious Fumes"},{"not_picked":["Blade Dance","Dash"],"picked":"Riddle With Holes"},{"not_picked":["Venomology","Phantasmal Killer"],"picked":"After Image"},{"not_picked":["Dodge and Roll","PiercingWail"],"picked":"Distraction"},{"not_picked":["Flying Knee","PiercingWail"],"picked":"Poisoned Stab"},{"not_picked":["Deflect","Escape Plan"],"picked":"Predator"},{"not_picked":["Masterful Stab","Deflect"],"picked":"Dash"},{"not_picked":["Masterful Stab","Eviscerate"],"picked":"Riddle With Holes"},{"not_picked":["Eviscerate","Well Laid Plans"],"picked":"Outmaneuver"}],"player_experience":10737,"potions_floor_usage":[16,16,16,21,22,24,30,30,33,33,38,38,41,45],"damage_taken":[{"damage":0,"enemies":"Cultist","floor":1,"turns":5},{"damage":4,"enemies":"Blue Slaver","floor":2,"turns":7},{"damage":15,"enemies":"Gremlin Nob","floor":6,"turns":5},{"damage":6,"enemies":"Small Slimes","floor":8,"turns":3},{"damage":7,"enemies":"Lagavulin","floor":10,"turns":6},{"damage":13,"enemies":"Red Slaver","floor":11,"turns":2},{"damage":2,"enemies":"2 Fungi Beasts","floor":13,"turns":2},{"damage":8,"enemies":"Slime Boss","floor":16,"turns":8},{"damage":12,"enemies":"Chosen","floor":18,"turns":6},{"damage":5,"enemies":"3 Byrds","floor":21,"turns":5},{"damage":27,"enemies":"Snake Plant","floor":22,"turns":6},{"damage":23,"enemies":"Book of Stabbing","floor":24,"turns":6},{"damage":20,"enemies":"Slavers","floor":30,"turns":5},{"damage":5,"enemies":"Champ","floor":33,"turns":11},{"damage":16,"enemies":"3 Shapes","floor":35,"turns":5},{"damage":3,"enemies":"Mysterious Sphere","floor":38,"turns":6},{"damage":4,"enemies":"Orb Walker","floor":39,"turns":3},{"damage":9,"enemies":"Sphere and 2 Shapes","floor":41,"turns":5},{"damage":0,"enemies":"4 Shapes","floor":44,"turns":5},{"damage":16,"enemies":"3 Darklings","floor":45,"turns":5},{"damage":39,"enemies":"Maw","floor":46,"turns":8}],"event_choices":[{"event_name":"Golden Shrine","player_choice":"Pray","floor":3,"damage_taken":0},{"event_name":"Purifier","player_choice":"One Purge","floor":5,"damage_taken":0},{"event_name":"The Cleric","player_choice":"Healed","floor":12,"damage_taken":0},{"event_name":"Scrap Ooze","player_choice":"success","floor":14,"damage_taken":18},{"event_name":"Addict","player_choice":"Obtained Relic","floor":19,"damage_taken":0},{"event_name":"Vampires","player_choice":"Became a vampire","floor":20,"damage_taken":0},{"event_name":"The Library","player_choice":"Read","floor":25,"damage_taken":0},{"event_name":"Winding Halls","player_choice":"Embrace Madness","floor":36,"damage_taken":0},{"event_name":"Mysterious Sphere","player_choice":"Fight","floor":38,"damage_taken":0}],"boss_relics":[{"not_picked":["Tiny House","Runic Dome"],"picked":"Astrolabe"},{"not_picked":["Cursed Key","Lizard Tail"],"picked":"The Specimen"}],"potions_floor_spawned":[1,6,8,13,21,22,24,30,39,44,45],"seed_played":"-4594217381649833198","killed_by":"Maw","ascension_level":0,"is_trial":false}