{"gold_per_floor":[109,9,9,27,27,27,52,52,52,8,23,23,59,59,59,155,155,168,218,234,234],"floor_reached":21,"playtime":971,"items_purged":["Strike_G"],"score":404,"play_id":"2831bf92-7f82-45f7-aaec-19172b924770","local_time":"20181028021902","is_ascension_mode":true,"campfire_choices":[{"data":"Neutralize","floor":6,"key":"SMITH"},{"data":"Deadly Poison","floor":8,"key":"SMITH"},{"data":"Dagger Spray","floor":12,"key":"SMITH"},{"data":"Deadly Poison","floor":15,"key":"SMITH"}],"neow_cost":"NONE","seed_source_timestamp":752147282810400,"circlet_count":0,"master_deck":["Defend_G","Defend_G","Defend_G","Defend_G","Defend_G","Strike_G","Strike_G","Strike_G","Survivor","Neutralize+1","AscendersBane","Cloak And Dagger","Deadly Poison+1","Dagger Spray+1","Cloak And Dagger","Expertise","Deadly Poison+1","Predator","Night Terror","Catalyst","Catalyst","Backflip","Flechettes","Dodge and Roll","Dodge and Roll"],"relics":["Runic Dome","Golden Idol","Blood Vial","Art of War","Orrery"],"potions_floor_usage":[16],"damage_taken":[{"damage":4,"enemies":"Small Slimes","floor":1,"turns":4},{"damage":2,"enemies":"Jaw Worm","floor":4,"turns":4},{"damage":0,"enemies":"Cultist","floor":7,"turns":4},{"damage":4,"enemies":"Red Slaver","floor":11,"turns":4},{"damage":20,"enemies":"Gremlin Nob","floor":13,"turns":4},{"damage":9,"enemies":"Hexaghost","floor":16,"turns":9},{"damage":7,"enemies":"Chosen","floor":18,"turns":4},{"damage":19,"enemies":"Shell Parasite","floor":20,"turns":4},{"damage":33,"enemies":"Cultist and Chosen","floor":21,"turns":5}],"seed_played":"8553708031720043693","potions_obtained":[{"floor":4,"key":"LiquidBronze"},{"floor":11,"key":"Energy Potion"},{"floor":13,"key":"Strength Potion"}],"is_trial":false,"path_per_floor":["M","$","?","M","?","R","M","R","T","$","M","R","E","?","R","B",null,"M","?","M"],"character_chosen":"THE_SILENT","items_purchased":["Deadly Poison","Expertise"],"campfire_rested":0,"item_purchase_floors":[2,10],"current_hp_per_floor":[55,55,55,53,46,46,46,46,46,46,44,44,26,26,26,19,50,45,45,28,0],"gold":234,"neow_bonus":"BOSS_RELIC","is_prod":false,"is_daily":false,"chose_seed":false,"campfire_upgraded":4,"win_rate":0,"timestamp":1540707542,"path_taken":["M","$","?","?","?","R","M","R","T","?","?","R","E","?","R","BOSS","M","?","M","M"],"build_version":"2018-10-19","purchased_purges":1,"victory":false,"max_hp_per_floor":[66,66,60,60,60,60,60,60,60,60,60,60,60,60,60,60,60,60,60,60,60],"card_choices":[{"not_picked":["Blur","Dodge and Roll"],"picked":"Cloak And Dagger","floor":1},{"not_picked":["Setup","Heel Hook"],"picked":"Dagger Spray","floor":4},{"not_picked":["Deadly Poison","Poisoned Stab"],"picked":"Cloak And Dagger","floor":7},{"not_picked":["Deflect","Backstab"],"picked":"Deadly Poison","floor":11},{"not_picked":["Masterful Stab","Slice"],"picked":"Predator","floor":13},{"not_picked":["Venomology","Grand Finale"],"picked":"Night Terror","floor":16},{"not_picked":["Caltrops","All Out Attack"],"picked":"Catalyst","floor":17},{"not_picked":["Acrobatics","Outmaneuver"],"picked":"Catalyst","floor":17},{"not_picked":["Prepared","Bane"],"picked":"Backflip","floor":17},{"not_picked":["Blade Dance","Endless Agony"],"picked":"Flechettes","floor":17},{"not_picked":["Deflect","Bane"],"picked":"Dodge and Roll","floor":17},{"not_picked":["Quick Slash","Bane","Deadly Poison"],"picked":"SKIP","floor":18},{"not_picked":["Underhanded Strike","Quick Slash"],"picked":"Dodge and Roll","floor":20}],"player_experience":1530902,"relics_obtained":[{"floor":9,"key":"Blood Vial"},{"floor":13,"key":"Art of War"}],"event_choices":[{"damage_healed":0,"gold_gain":0,"player_choice":"Lose Max HP","damage_taken":0,"relics_obtained":["Golden Idol"],"max_hp_gain":0,"max_hp_loss":6,"event_name":"Golden Idol","floor":3,"gold_loss":0},{"cards_removed":["Strike_G"],"damage_healed":0,"gold_gain":0,"player_choice":"Card Removal","damage_taken":7,"max_hp_gain":0,"max_hp_loss":0,"event_name":"Golden Wing","floor":5,"gold_loss":0},{"damage_healed":0,"gold_gain":0,"player_choice":"Ignored","damage_taken":0,"max_hp_gain":0,"max_hp_loss":0,"event_name":"Liars Game","floor":14,"gold_loss":0},{"damage_healed":0,"gold_gain":50,"player_choice":"Stole From Cult","damage_taken":0,"max_hp_gain":0,"max_hp_loss":0,"event_name":"Nest","floor":19,"gold_loss":0}],"is_beta":true,"boss_relics":[{"not_picked":["WristBlade","Lizard Tail"],"picked":"Orrery"}],"items_purged_floors":[2],"is_endless":false,"potions_floor_spawned":[4,11,13],"killed_by":"Cultist and Chosen","ascension_level":20}