{"gold_per_floor":[114,114,129,129,18,78,108,123,148,148,163,193,193],"floor_reached":13,"playtime":871,"items_purged":["Wraith Form v2"],"score":128,"play_id":"ac17aa82-819a-47bc-b055-26cee0e3d8fe","local_time":"20190205020032","daily_mods":["Specialized","ControlledChaos","DeadlyEvents"],"is_ascension_mode":false,"campfire_choices":[{"floor":10,"key":"REST"}],"neow_cost":"","seed_source_timestamp":0,"circlet_count":0,"master_deck":["Defend_G","Defend_G","Defend_G","Defend_G","Defend_G","Strike_G","Strike_G","Strike_G","Strike_G","Strike_G","Survivor","Neutralize","Wraith Form v2","Wraith Form v2","Wraith Form v2","Wraith Form v2","Terror","Prepared","Pain","Footwork","Accuracy","Bouncing Flask","Caltrops","Burst","Backstab"],"special_seed":17932,"relics":["Ring of the Snake","Frozen Eye","WarpedTongs","Tiny Chest","Prayer Wheel","PreservedInsect","Unceasing Top"],"potions_floor_usage":[6,7,12,12,13,13],"damage_taken":[{"damage":2.0,"enemies":"2 Louse","floor":1.0,"turns":5.0},{"damage":6.0,"enemies":"Cultist","floor":3.0,"turns":5.0},{"damage":17,"enemies":"3 Sentries","floor":6,"turns":8},{"damage":7,"enemies":"Lagavulin","floor":7,"turns":6},{"damage":13,"enemies":"Jaw Worm","floor":8,"turns":5},{"damage":6,"enemies":"Exordium Wildlife","floor":11,"turns":4},{"damage":23,"enemies":"Gremlin Nob","floor":12,"turns":5},{"damage":19,"enemies":"3 Sentries","floor":13,"turns":2}],"seed_played":"-4750178062839727014","potions_obtained":[{"floor":1.0,"key":"Weak Potion"},{"floor":2.0,"key":"Ancient Potion"},{"floor":2.0,"key":"SteroidPotion"},{"floor":7,"key":"Energy Potion"},{"floor":11,"key":"Weak Potion"},{"floor":12,"key":"GamblersBrew"}],"is_trial":false,"path_per_floor":["M","?","M","?","$","E","E","M","T","R","M","E","E"],"character_chosen":"THE_SILENT","items_purchased":["Footwork"],"campfire_rested":1,"item_purchase_floors":[5],"current_hp_per_floor":[68,68,62,62,62,45,38,25,25,46,40,17,0],"gold":193,"neow_bonus":"","is_prod":false,"is_daily":true,"chose_seed":false,"campfire_upgraded":0,"win_rate":0,"timestamp":1549350032,"path_taken":["M","?","?","?","$","E","?","?","T","R","M","E","?"],"build_version":"2019-01-23","purchased_purges":1,"victory":false,"max_hp_per_floor":[70,70,70,70,70,70,70,70,70,70,70,70,70],"card_choices":[{"not_picked":["Distraction","Dash"],"picked":"Terror","floor":1.0},{"not_picked":["Flechettes","Dagger Spray"],"picked":"Prepared","floor":3.0},{"not_picked":["PiercingWail","Deflect","Poisoned Stab"],"picked":"SKIP","floor":6},{"not_picked":["Predator","Sucker Punch"],"picked":"Accuracy","floor":7},{"not_picked":["Catalyst","Underhanded Strike"],"picked":"Bouncing Flask","floor":8},{"not_picked":["Dagger Throw","Calculated Gamble"],"picked":"Caltrops","floor":8},{"not_picked":["Underhanded Strike","Deflect"],"picked":"Burst","floor":11},{"not_picked":["Bane","Catalyst","PiercingWail"],"picked":"SKIP","floor":11},{"not_picked":["Dodge and Roll","Terror"],"picked":"Backstab","floor":12}],"player_experience":859702,"relics_obtained":[{"floor":6,"key":"Tiny Chest"},{"floor":7,"key":"Prayer Wheel"},{"floor":9,"key":"PreservedInsect"},{"floor":12,"key":"Unceasing Top"}],"event_choices":[{"damage_healed":0.0,"max_hp_gain":0.0,"max_hp_loss":0.0,"gold_gain":0.0,"event_name":"Lab","player_choice":"Got Potions","floor":2.0,"gold_loss":0.0,"damage_taken":0.0},{"damage_healed":0,"gold_gain":0,"player_choice":"Rummage","damage_taken":0,"relics_obtained":["WarpedTongs"],"max_hp_gain":0,"max_hp_loss":0,"event_name":"Accursed Blacksmith","floor":4,"gold_loss":0,"cards_obtained":["Pain"]}],"is_beta":false,"boss_relics":[],"items_purged_floors":[5],"is_endless":false,"potions_floor_spawned":[1,7,11,12],"killed_by":"3 Sentries","ascension_level":0}