{"gold_per_floor":[114,129,129,129,154,184,199,199,274,289,289,304,4,34,34,134,134,134,134,134,134,134,134,134,104,104,104,104,54,54,54,54,54,54,54,4,4,4,4,4,4,4,4,4,4,4,4,4,4,4],"floor_reached":50,"playtime":2581,"items_purged":["Rampage","Blood for Blood"],"score":671,"play_id":"91cc6a50-7c34-4009-85d3-f4b0d94586a0","local_time":"20181001184158","daily_mods":["Insanity","Time Dilation","Night Terrors"],"is_ascension_mode":false,"campfire_choices":[{"data":"Flame Barrier","floor":8,"key":"SMITH"},{"data":"Heavy Blade","floor":15,"key":"SMITH"},{"data":"Immolate","floor":27,"key":"SMITH"},{"data":"Infernal Blade","floor":32,"key":"SMITH"},{"data":"Rupture","floor":40,"key":"SMITH"},{"data":"Whirlwind","floor":42,"key":"SMITH"},{"data":"Intimidate","floor":44,"key":"SMITH"},{"data":"Infernal Blade","floor":49,"key":"SMITH"}],"neow_cost":"","seed_source_timestamp":0,"circlet_count":0,"master_deck":["Rupture+1","True Grit","Cleave","Demon Form","Fiend Fire","Whirlwind+1","Bludgeon+1","Wild Strike","Heavy Blade+1","Clothesline","Sword Boomerang","Twin Strike","Immolate+1","Infernal Blade+1","Entrench","Pummel+1","Juggernaut","Reckless Charge","Heavy Blade","Anger","Wild Strike","Wild Strike","Infernal Blade+1","Havoc+1","Burning Pact","Dual Wield","Clash","Flame Barrier+1","Heavy Blade","Blood for Blood","Havoc","Flex","Burning Pact","Power Through","Double Tap+1","Cleave","Juggernaut","Perfected Strike","Bloodletting","Flex","Intimidate+1","Spot Weakness","Immolate+1","Twin Strike+1","Inflame+1","Cleave+1","Anger+1","Warcry+1","Carnage"],"special_seed":17805,"relics":["Burning Blood","Ancient Tea Set","Strawberry","Mummified Hand","Mango","PreservedInsect","Ectoplasm","Smiling Mask","Vajra","Red Skull","War Paint","Magic Flower","Astrolabe","The Courier","Oddly Smooth Stone","Self Forming Clay"],"potions_floor_usage":[6,16,22,23,30,31,33,45,48,48],"damage_taken":[{"damage":7,"enemies":"2 Louse","floor":1,"turns":2},{"damage":6,"enemies":"Cultist","floor":2,"turns":3},{"damage":30,"enemies":"3 Sentries","floor":6,"turns":5},{"damage":7,"enemies":"Small Slimes","floor":7,"turns":3},{"damage":0,"enemies":"Looter","floor":10,"turns":1},{"damage":7,"enemies":"Blue Slaver","floor":12,"turns":2},{"damage":0,"enemies":"Gremlin Nob","floor":14,"turns":2},{"damage":36,"enemies":"Hexaghost","floor":16,"turns":6},{"damage":10,"enemies":"3 Byrds","floor":18,"turns":4},{"damage":10,"enemies":"Chosen","floor":20,"turns":3},{"damage":37,"enemies":"Centurion and Healer","floor":22,"turns":4},{"damage":7,"enemies":"Slavers","floor":23,"turns":2},{"damage":4,"enemies":"Shelled Parasite and Fungi","floor":30,"turns":2},{"damage":0,"enemies":"Gremlin Leader","floor":31,"turns":3},{"damage":71,"enemies":"Champ","floor":33,"turns":9},{"damage":18,"enemies":"Orb Walker","floor":35,"turns":3},{"damage":0,"enemies":"3 Darklings","floor":38,"turns":2},{"damage":32,"enemies":"Spire Growth","floor":41,"turns":3},{"damage":5,"enemies":"Maw","floor":45,"turns":6},{"damage":25,"enemies":"2 Orb Walkers","floor":46,"turns":2},{"damage":6,"enemies":"Nemesis","floor":48,"turns":3},{"damage":97,"enemies":"Awakened One","floor":50,"turns":6}],"seed_played":"-408315225933563274","potions_obtained":[{"floor":1,"key":"Fire Potion"},{"floor":2,"key":"AttackPotion"},{"floor":7,"key":"Weak Potion"},{"floor":16,"key":"Ancient Potion"},{"floor":20,"key":"Regen Potion"},{"floor":23,"key":"Block Potion"},{"floor":25,"key":"Weak Potion"},{"floor":25,"key":"PowerPotion"},{"floor":33,"key":"Energy Potion"},{"floor":38,"key":"Block Potion"},{"floor":45,"key":"SkillPotion"},{"floor":46,"key":"AttackPotion"}],"is_trial":false,"path_per_floor":["M","M","?","?","T","E","M","R","T","M","?","M","$","E","R","B",null,"M","?","M","?","M","E","?","?","T","R","T","$","M","E","R","B",null,"M","$","?","M","?","R","M","R","T","R","M","E","$","E","R"],"character_chosen":"IRONCLAD","items_purchased":["Mango"],"campfire_rested":0,"item_purchase_floors":[13],"current_hp_per_floor":[79,79,63,63,63,58,57,57,57,63,68,67,81,87,87,57,106,102,102,98,98,76,75,75,75,75,75,75,75,77,83,83,21,106,97,97,97,106,106,106,83,83,83,83,87,90,90,93,93,0],"gold":4,"neow_bonus":"","is_prod":false,"is_daily":true,"chose_seed":false,"campfire_upgraded":8,"win_rate":0,"timestamp":1538433718,"path_taken":["M","M","?","?","?","E","M","R","T","?","?","?","$","E","R","BOSS","M","?","?","?","M","E","?","?","T","R","?","?","M","E","R","BOSS","M","$","?","M","?","R","M","R","T","R","M","E","?","E","R","BOSS"],"build_version":"2018-09-27","purchased_purges":2,"victory":false,"max_hp_per_floor":[80,80,80,80,80,87,87,87,87,87,92,92,106,106,106,106,106,106,106,106,106,106,106,106,106,106,106,106,106,106,106,106,106,106,106,106,106,106,106,106,106,106,106,106,106,106,106,106,106,106],"card_choices":[{"not_picked":["Thunderclap","Clash","Perfected Strike"],"picked":"SKIP","floor":1},{"not_picked":["Heavy Blade","Armaments","Twin Strike"],"picked":"SKIP","floor":2},{"not_picked":["Battle Trance","Flex","Seeing Red"],"picked":"SKIP","floor":6},{"not_picked":["Cleave","Second Wind","Warcry"],"picked":"SKIP","floor":7},{"not_picked":["Bloodletting","Armaments","Flex"],"picked":"SKIP","floor":10},{"not_picked":["Armaments","Spot Weakness","Anger"],"picked":"SKIP","floor":12},{"not_picked":["Exhume","Evolve"],"picked":"Spot Weakness","floor":14},{"not_picked":["Juggernaut","Demon Form"],"picked":"Immolate","floor":16},{"not_picked":["Heavy Blade","Wild Strike","Anger+1"],"picked":"SKIP","floor":18},{"not_picked":["Thunderclap","Bloodletting","Ghostly Armor"],"picked":"SKIP","floor":20},{"not_picked":["Clothesline+1","Uppercut","Iron Wave"],"picked":"SKIP","floor":22},{"not_picked":["Twin Strike+1","Disarm+1","Wild Strike"],"picked":"SKIP","floor":23},{"not_picked":["Heavy Blade","Reaper","True Grit"],"picked":"SKIP","floor":30},{"not_picked":["Clash+1","Battle Trance","Wild Strike"],"picked":"SKIP","floor":31},{"not_picked":["Clothesline","Havoc","Clash"],"picked":"SKIP","floor":35},{"not_picked":["Warcry","Clash","Pommel Strike"],"picked":"SKIP","floor":38},{"not_picked":["Dropkick+1","Perfected Strike","Disarm"],"picked":"SKIP","floor":41},{"not_picked":["Rage","Blood for Blood"],"picked":"Anger+1","floor":45},{"not_picked":["Whirlwind","Offering"],"picked":"Warcry+1","floor":46},{"not_picked":["Clash+1","Sever Soul+1"],"picked":"Carnage","floor":48}],"player_experience":143893,"relics_obtained":[{"floor":5,"key":"Ancient Tea Set"},{"floor":6,"key":"Strawberry"},{"floor":9,"key":"Mummified Hand"},{"floor":14,"key":"PreservedInsect"},{"floor":23,"key":"Vajra"},{"floor":26,"key":"Red Skull"},{"floor":28,"key":"War Paint"},{"floor":31,"key":"Magic Flower"},{"floor":43,"key":"The Courier"},{"floor":46,"key":"Oddly Smooth Stone"},{"floor":48,"key":"Self Forming Clay"}],"event_choices":[{"event_name":"Shining Light","player_choice":"Entered Light","floor":3,"damage_taken":0},{"event_name":"Living Wall","player_choice":"Forget","floor":4,"damage_taken":0},{"event_name":"Big Fish","player_choice":"Donut","floor":11,"damage_taken":0},{"event_name":"WeMeetAgain","player_choice":"Card","floor":19,"damage_taken":0},{"event_name":"Vampires","player_choice":"Ignored","floor":21,"damage_taken":0},{"event_name":"Back to Basics","player_choice":"Elegance","floor":24,"damage_taken":0},{"event_name":"The Woman in Blue","player_choice":"Bought 2 Potions","floor":25,"damage_taken":0},{"event_name":"Falling","player_choice":"Removed Attack","floor":37,"damage_taken":0},{"event_name":"Accursed Blacksmith","player_choice":"Forge","floor":39,"damage_taken":0}],"is_beta":false,"boss_relics":[{"not_picked":["Runic Pyramid","Black Blood"],"picked":"Ectoplasm"},{"not_picked":["Pandora\u0027s Box","Black Star"],"picked":"Astrolabe"}],"items_purged_floors":[29,36],"is_endless":false,"potions_floor_spawned":[1,2,7,16,20,23,33,38,45,46],"killed_by":"Awakened One","ascension_level":0}