{"gold_per_floor":[367,385,398,89,164,164,184,134,134,134,134,146,174,191,191,191],"floor_reached":16,"playtime":1026,"items_purged":["Strike_R"],"score":107,"play_id":"45b38b43-b634-4b27-b227-83ee103391b3","local_time":"20190103152241","is_ascension_mode":true,"campfire_choices":[{"data":"Entrench","floor":6,"key":"SMITH"},{"data":"Bash","floor":11,"key":"SMITH"},{"data":"Metallicize","floor":15,"key":"SMITH"}],"neow_cost":"CURSE","seed_source_timestamp":741324194351648,"circlet_count":0,"master_deck":["Strike_R","Strike_R","Strike_R","Strike_R","Defend_R","Defend_R","Defend_R","Defend_R","Bash+1","Shrug It Off","Second Wind","Entrench+1","Metallicize+1","Bandage Up","Body Slam","Ghostly Armor"],"relics":["Burning Blood","NlothsMask","Ice Cream"],"potions_floor_usage":[7,13,14],"damage_taken":[{"damage":6,"enemies":"Cultist","floor":1,"turns":3},{"damage":5,"enemies":"Small Slimes","floor":2,"turns":4},{"damage":1,"enemies":"2 Louse","floor":3,"turns":4},{"damage":19,"enemies":"Exordium Thugs","floor":7,"turns":7},{"damage":2,"enemies":"Exordium Wildlife","floor":12,"turns":5},{"damage":24,"enemies":"3 Sentries","floor":13,"turns":13},{"damage":7,"enemies":"Large Slime","floor":14,"turns":7},{"damage":71,"enemies":"The Guardian","floor":16,"turns":13}],"seed_played":"-2795370419150163757","potions_obtained":[{"floor":1,"key":"Poison Potion"},{"floor":7,"key":"Ancient Potion"},{"floor":12,"key":"PowerPotion"},{"floor":13,"key":"FearPotion"}],"is_trial":false,"path_per_floor":["M","M","M","$","?","R","M","?","T","?","R","M","E","M","R","B"],"character_chosen":"IRONCLAD","items_purchased":["Entrench","Metallicize","Bandage Up"],"campfire_rested":0,"item_purchase_floors":[4,4,4],"current_hp_per_floor":[80,80,80,80,69,69,60,60,60,60,60,68,54,57,57,0],"gold":191,"neow_bonus":"TWO_FIFTY_GOLD","is_prod":false,"is_daily":false,"chose_seed":false,"campfire_upgraded":3,"win_rate":0,"timestamp":1546546961,"path_taken":["M","M","M","$","?","R","M","?","T","?","R","M","E","M","R","BOSS"],"build_version":"2018-12-20","purchased_purges":1,"victory":false,"max_hp_per_floor":[80,80,80,80,80,80,80,77,77,77,77,77,77,77,77,77],"card_choices":[{"not_picked":["Rage","Clash","Thunderclap"],"picked":"SKIP","floor":1},{"not_picked":["True Grit","Flex"],"picked":"Shrug It Off","floor":2},{"not_picked":["Pummel","Flex"],"picked":"Second Wind","floor":3},{"not_picked":["Spot Weakness","Infernal Blade"],"picked":"Body Slam","floor":7},{"not_picked":["Anger","Iron Wave","Clothesline"],"picked":"SKIP","floor":12},{"not_picked":["Cleave","Anger","Heavy Blade"],"picked":"SKIP","floor":13},{"not_picked":["Heavy Blade","Shrug It Off"],"picked":"Ghostly Armor","floor":14}],"player_experience":753121,"relics_obtained":[{"floor":13,"key":"Ice Cream"}],"event_choices":[{"damage_healed":0,"gold_gain":75,"player_choice":"Gather Gold","damage_taken":11,"max_hp_gain":0,"max_hp_loss":0,"event_name":"World of Goop","floor":5,"gold_loss":0},{"cards_removed":["Parasite"],"damage_healed":0,"gold_gain":0,"player_choice":"Card Removal","damage_taken":0,"max_hp_gain":0,"max_hp_loss":0,"event_name":"The Cleric","floor":8,"gold_loss":50},{"damage_healed":0,"gold_gain":0,"player_choice":"Trade","damage_taken":0,"relics_obtained":["NlothsMask"],"max_hp_gain":0,"max_hp_loss":0,"event_name":"FaceTrader","floor":10,"gold_loss":0}],"is_beta":false,"boss_relics":[],"items_purged_floors":[4],"is_endless":false,"potions_floor_spawned":[1,7,12,13],"killed_by":"The Guardian","ascension_level":1}