{"gold_per_floor":[117,132,132,132,132,132,161,161,184,184,184,184,196,225,225,328,328,347,272,284,47,59,86,86],"floor_reached":24,"playtime":627,"items_purged":["Strike_B"],"score":420,"play_id":"b309ed6c-6828-4c53-92c7-8e723272adae","local_time":"20181223070643","is_ascension_mode":true,"campfire_choices":[{"data":"Zap","floor":6,"key":"SMITH"},{"data":"Coolheaded","floor":8,"key":"SMITH"},{"data":"Capacitor","floor":12,"key":"SMITH"},{"floor":15,"key":"REST"}],"neow_cost":"NONE","seed_source_timestamp":224894290872841,"circlet_count":0,"master_deck":["AscendersBane","Strike_B","Strike_B","Defend_B","Defend_B","Defend_B","Defend_B","Zap+1","Dualcast","Consume+1","Capacitor+1","Coolheaded+1","Conserve Battery","White Noise","Multi-Cast","Defragment","Loop","Glacier+1"],"relics":["Cracked Core","NeowsBlessing","Kunai","Bronze Scales","Gremlin Horn","Pear","Vajra","Cursed Key","Art of War","Calipers"],"potions_floor_usage":[23,24,24],"damage_taken":[{"damage":0,"enemies":"Jaw Worm","floor":1,"turns":1},{"damage":0,"enemies":"Small Slimes","floor":2,"turns":1},{"damage":0,"enemies":"Gremlin Nob","floor":7,"turns":1},{"damage":2,"enemies":"2 Louse","floor":13,"turns":2},{"damage":22,"enemies":"3 Sentries","floor":14,"turns":6},{"damage":28,"enemies":"The Guardian","floor":16,"turns":9},{"damage":7,"enemies":"Chosen","floor":18,"turns":4},{"damage":11,"enemies":"Shell Parasite","floor":20,"turns":4},{"damage":7,"enemies":"Snecko","floor":22,"turns":5},{"damage":43,"enemies":"Slavers","floor":23,"turns":6},{"damage":14,"enemies":"Masked Bandits","floor":24,"turns":3}],"seed_played":"-3824811197781322206","potions_obtained":[{"floor":1,"key":"AttackPotion"},{"floor":2,"key":"LiquidBronze"},{"floor":18,"key":"FocusPotion"},{"floor":23,"key":"GamblersBrew"}],"is_trial":false,"path_per_floor":["M","M","?","?","?","R","E","R","T","?","T","R","M","E","R","B",null,"M","$","M","$","M","E","?"],"character_chosen":"DEFECT","items_purchased":["Defragment","Art of War"],"campfire_rested":1,"item_purchase_floors":[21,21],"current_hp_per_floor":[68,68,61,66,66,66,66,66,66,54,64,64,62,40,67,39,77,70,70,59,59,52,9,0],"gold":86,"neow_bonus":"THREE_ENEMY_KILL","is_prod":false,"is_daily":false,"chose_seed":false,"campfire_upgraded":3,"win_rate":0,"timestamp":1545566803,"path_taken":["M","M","?","?","?","R","E","R","T","?","?","R","?","E","R","BOSS","M","$","M","$","M","E","?"],"build_version":"2018-12-20","purchased_purges":1,"victory":false,"max_hp_per_floor":[75,75,75,80,80,80,80,80,80,80,90,90,90,90,90,90,90,90,90,90,90,90,90,90],"card_choices":[{"not_picked":["Fusion","Static Discharge"],"picked":"Consume","floor":1},{"not_picked":["Genetic Algorithm","Hologram"],"picked":"Capacitor","floor":2},{"not_picked":["Doom and Gloom","Barrage"],"picked":"Coolheaded","floor":7},{"not_picked":["Streamline","Barrage"],"picked":"Conserve Battery","floor":13},{"not_picked":["Melter","Leap"],"picked":"White Noise","floor":14},{"not_picked":["Meteor Strike","Creative AI"],"picked":"Multi-Cast","floor":16},{"not_picked":["Melter","Barrage","Cold Snap"],"picked":"SKIP","floor":18},{"not_picked":["Cold Snap","Reinforced Body","Gash"],"picked":"SKIP","floor":20},{"not_picked":["Rebound+1","Gash"],"picked":"Loop","floor":22},{"not_picked":["Redo","Tempest"],"picked":"Glacier+1","floor":23}],"player_experience":399503,"relics_obtained":[{"floor":7,"key":"Kunai"},{"floor":9,"key":"Bronze Scales"},{"floor":11,"key":"Pear"},{"floor":14,"key":"Vajra"},{"floor":23,"key":"Calipers"}],"event_choices":[{"cards_removed":["Strike_B"],"damage_healed":0,"gold_gain":0,"player_choice":"Card Removal","damage_taken":7,"max_hp_gain":0,"max_hp_loss":0,"event_name":"Golden Wing","floor":3,"gold_loss":0},{"damage_healed":0,"gold_gain":0,"player_choice":"Donut","damage_taken":0,"max_hp_gain":5,"max_hp_loss":0,"event_name":"Big Fish","floor":4,"gold_loss":0},{"damage_healed":0,"gold_gain":0,"player_choice":"Grow","damage_taken":0,"max_hp_gain":0,"max_hp_loss":0,"event_name":"Living Wall","floor":5,"gold_loss":0,"cards_upgraded":["Consume"]},{"damage_healed":0,"gold_gain":0,"player_choice":"Success","damage_taken":12,"relics_obtained":["Gremlin Horn"],"max_hp_gain":0,"max_hp_loss":0,"event_name":"Scrap Ooze","floor":10,"gold_loss":0},{"damage_healed":0,"gold_gain":0,"player_choice":"Fought Bandits","damage_taken":0,"max_hp_gain":0,"max_hp_loss":0,"event_name":"Masked Bandits","floor":24,"gold_loss":0}],"is_beta":false,"boss_relics":[{"not_picked":["Snecko Eye","FrozenCore"],"picked":"Cursed Key"}],"items_purged_floors":[19],"is_endless":false,"potions_floor_spawned":[1,2,14,18,23],"killed_by":"Masked Bandits","ascension_level":12}