{"gold_per_floor":[360,360,21,33,49,49,382,382,382,408,408,428,442,200,200,200],"floor_reached":16,"playtime":650,"items_purged":[],"score":110,"play_id":"87c361d0-7299-4bda-96d1-9c8132cdf832","local_time":"20190202192716","is_ascension_mode":false,"campfire_choices":[{"floor":6,"key":"REST"},{"data":"Defragment","floor":8,"key":"SMITH"},{"floor":15,"key":"REST"}],"neow_cost":"PERCENT_DAMAGE","seed_source_timestamp":2142051620019314,"circlet_count":0,"master_deck":["Strike_B","Strike_B","Strike_B","Strike_B","Defend_B","Defend_B","Defend_B","Defend_B","Zap","Dualcast","Beam Cell","FTL","Defragment+1","Barrage","Genetic Algorithm","Barrage","Streamline","Ball Lightning","Defragment","Go for the Eyes","White Noise"],"relics":["Cracked Core","Sling","Old Coin","Bottled Tornado","Kunai","Blue Candle","Membership Card"],"potions_floor_usage":[7,13],"damage_taken":[{"damage":5,"enemies":"Small Slimes","floor":1,"turns":3},{"damage":1,"enemies":"Jaw Worm","floor":4,"turns":2},{"damage":13,"enemies":"2 Louse","floor":5,"turns":3},{"damage":8,"enemies":"Gremlin Nob","floor":7,"turns":3},{"damage":27,"enemies":"3 Sentries","floor":10,"turns":6},{"damage":14,"enemies":"Lots of Slimes","floor":12,"turns":5},{"damage":5,"enemies":"Looter","floor":13,"turns":2},{"damage":26,"enemies":"The Guardian","floor":16,"turns":4}],"seed_played":"8570525850178510367","potions_obtained":[{"floor":5,"key":"Fire Potion"},{"floor":7,"key":"Strength Potion"},{"floor":13,"key":"Swift Potion"}],"is_trial":false,"path_per_floor":["M","?","$","M","M","R","E","R","T","E","T","M","M","$","R","B"],"character_chosen":"DEFECT","items_purchased":["FTL","Defragment","Sling","Membership Card","Go for the Eyes","White Noise"],"campfire_rested":2,"item_purchase_floors":[3,3,3,14,14,14],"current_hp_per_floor":[49,49,49,48,35,57,49,49,49,22,22,8,3,3,25,0],"gold":200,"neow_bonus":"TWO_FIFTY_GOLD","is_prod":false,"is_daily":false,"chose_seed":false,"campfire_upgraded":1,"win_rate":0.0,"timestamp":1549171636,"path_taken":["M","?","$","M","M","R","E","R","T","E","?","?","M","$","R","BOSS"],"build_version":"2019-01-23","purchased_purges":0,"victory":false,"max_hp_per_floor":[75,75,75,75,75,75,75,75,75,75,75,75,75,75,75,75],"card_choices":[{"not_picked":["Sunder","Barrage"],"picked":"Beam Cell","floor":1},{"not_picked":["Sweeping Beam","Force Field"],"picked":"Barrage","floor":4},{"not_picked":["White Noise","Stack"],"picked":"Genetic Algorithm","floor":5},{"not_picked":["Undo","All For One"],"picked":"Barrage","floor":7},{"not_picked":["Redo","Skim"],"picked":"Streamline","floor":10},{"not_picked":["Conserve Battery","Beam Cell"],"picked":"Ball Lightning","floor":12},{"not_picked":["Skim","White Noise"],"picked":"Defragment","floor":13}],"player_experience":67643,"relics_obtained":[{"floor":7,"key":"Old Coin"},{"floor":9,"key":"Bottled Tornado"},{"floor":10,"key":"Kunai"},{"floor":11,"key":"Blue Candle"}],"event_choices":[{"damage_healed":0,"gold_gain":0,"player_choice":"Ignored","damage_taken":0,"max_hp_gain":0,"max_hp_loss":0,"event_name":"Golden Wing","floor":2,"gold_loss":0}],"is_beta":false,"boss_relics":[],"items_purged_floors":[],"is_endless":false,"potions_floor_spawned":[5,7,13],"killed_by":"The Guardian","ascension_level":0}