{"gold_per_floor":[112,132,144,144,73,73,89,119,119,130,141,166,184,184,184,279,279,291,206,206,177,177,177,190,190,190,190,120,139,139,154,154,154],"floor_reached":33,"playtime":1312,"items_purged":[],"score":284,"play_id":"6460847c-3ba4-4ebe-aaf4-21d9d304ea2b","local_time":"20190127161552","is_ascension_mode":false,"campfire_choices":[{"data":"Defend_R","floor":6,"key":"SMITH"},{"floor":15,"key":"REST"},{"data":"Shrug It Off","floor":23,"key":"SMITH"},{"data":"Armaments","floor":27,"key":"SMITH"},{"floor":32,"key":"REST"}],"neow_cost":"NONE","seed_source_timestamp":85028866071424,"circlet_count":0,"master_deck":["Strike_R","Strike_R","Strike_R","Strike_R","Strike_R","Defend_R+1","Defend_R","Defend_R","Defend_R","Bash","Cleave","Anger","Pummel","Cleave","Ghostly Armor","Shrug It Off+1","Feed","Armaments+1","Rampage","Shrug It Off+1","Cleave","Metallicize"],"relics":["Burning Blood","Champion Belt","Magic Flower","FossilizedHelix","Darkstone Periapt","Prayer Wheel","Black Star","Letter Opener","Kunai","GremlinMask"],"potions_floor_usage":[18,18,33,33],"damage_taken":[{"damage":1,"enemies":"Cultist","floor":1,"turns":4},{"damage":4,"enemies":"Jaw Worm","floor":2,"turns":4},{"damage":0,"enemies":"Small Slimes","floor":3,"turns":4},{"damage":5,"enemies":"Looter","floor":7,"turns":3},{"damage":27,"enemies":"Gremlin Nob","floor":8,"turns":4},{"damage":6,"enemies":"3 Louse","floor":10,"turns":2},{"damage":8,"enemies":"Exordium Thugs","floor":11,"turns":6},{"damage":19,"enemies":"Lagavulin","floor":12,"turns":6},{"damage":0,"enemies":"2 Fungi Beasts","floor":13,"turns":2},{"damage":31,"enemies":"Slime Boss","floor":16,"turns":13},{"damage":1,"enemies":"Shell Parasite","floor":18,"turns":9},{"damage":26,"enemies":"2 Thieves","floor":21,"turns":5},{"damage":16,"enemies":"Colosseum Slavers","floor":22,"turns":8},{"damage":6,"enemies":"Chosen and Byrds","floor":24,"turns":8},{"damage":36,"enemies":"3 Cultists","floor":29,"turns":7},{"damage":14,"enemies":"Snecko","floor":31,"turns":10},{"damage":84,"enemies":"Collector","floor":33,"turns":8}],"seed_played":"1178876474353713249","potions_obtained":[{"floor":2,"key":"BloodPotion"},{"floor":8,"key":"Strength Potion"},{"floor":13,"key":"FearPotion"},{"floor":16,"key":"Swift Potion"},{"floor":18,"key":"BloodPotion"},{"floor":31,"key":"Poison Potion"}],"is_trial":false,"path_per_floor":["M","M","M","?","$","R","M","E","T","M","M","E","M","?","R","B",null,"M","?","$","M","?","R","M","$","T","R","$","M","?","M","R","B"],"character_chosen":"IRONCLAD","items_purchased":["Pummel","Metallicize"],"campfire_rested":2,"item_purchase_floors":[5,28],"current_hp_per_floor":[88,88,88,88,88,88,88,67,67,70,71,61,70,58,84,62,88,91,91,91,79,72,72,75,75,75,75,75,53,53,54,84,0],"gold":154,"neow_bonus":"TEN_PERCENT_HP_BONUS","is_prod":false,"is_daily":false,"chose_seed":false,"campfire_upgraded":3,"win_rate":0,"timestamp":1548623752,"path_taken":["M","M","?","?","?","R","?","E","T","M","M","E","M","?","R","BOSS","M","?","$","M","?","R","M","$","T","R","$","M","?","M","R","BOSS"],"build_version":"2019-01-23","purchased_purges":0,"victory":false,"max_hp_per_floor":[88,88,88,88,88,88,88,88,88,88,88,88,88,88,88,88,88,91,91,91,94,94,94,94,94,94,94,94,97,97,101,101,101],"card_choices":[{"not_picked":["Body Slam","Heavy Blade"],"picked":"Cleave","floor":1},{"not_picked":["Clash","Flex","Headbutt"],"picked":"SKIP","floor":2},{"not_picked":["Flex","Warcry"],"picked":"Anger","floor":3},{"not_picked":["Power Through","Brutality","Sever Soul"],"picked":"SKIP","floor":7},{"not_picked":["Hemokinesis","Clothesline"],"picked":"Cleave","floor":8},{"not_picked":["Rupture","Flame Barrier","Warcry"],"picked":"SKIP","floor":10},{"not_picked":["True Grit","Combust"],"picked":"Ghostly Armor","floor":11},{"not_picked":["Wild Strike","Bloodletting","Body Slam"],"picked":"SKIP","floor":12},{"not_picked":["Perfected Strike","Headbutt"],"picked":"Shrug It Off","floor":13},{"not_picked":["Offering","Immolate"],"picked":"Feed","floor":16},{"not_picked":["Heavy Blade+1","Shockwave"],"picked":"Armaments","floor":18},{"not_picked":["Sword Boomerang","Rampage","Perfected Strike"],"picked":"SKIP","floor":18},{"not_picked":["Sword Boomerang","Perfected Strike"],"picked":"Rampage","floor":18},{"not_picked":["Seeing Red","Headbutt"],"picked":"Shrug It Off+1","floor":21},{"not_picked":["Heavy Blade","Immolate","Perfected Strike"],"picked":"SKIP","floor":21},{"not_picked":["Entrench","Burning Pact"],"picked":"Cleave","floor":24},{"not_picked":["Clothesline+1","Carnage+1","Sentinel"],"picked":"SKIP","floor":24},{"not_picked":["Perfected Strike","Offering","Hemokinesis"],"picked":"SKIP","floor":29},{"not_picked":["Corruption","Body Slam","Pommel Strike+1"],"picked":"SKIP","floor":29},{"not_picked":["Shockwave+1","Body Slam","Combust+1"],"picked":"SKIP","floor":31},{"not_picked":["Perfected Strike","Dual Wield","Hemokinesis"],"picked":"SKIP","floor":31}],"player_experience":127551,"relics_obtained":[{"floor":8,"key":"Magic Flower"},{"floor":9,"key":"FossilizedHelix"},{"floor":12,"key":"Darkstone Periapt"},{"floor":26,"key":"Kunai"}],"event_choices":[{"damage_healed":0,"gold_gain":0,"player_choice":"Gave Potion","damage_taken":0,"relics_obtained":["Champion Belt"],"max_hp_gain":0,"max_hp_loss":0,"event_name":"WeMeetAgain","floor":4,"gold_loss":0},{"damage_healed":0,"gold_gain":0,"player_choice":"Success","damage_taken":12,"relics_obtained":["Prayer Wheel"],"max_hp_gain":0,"max_hp_loss":0,"event_name":"Scrap Ooze","floor":14,"gold_loss":0},{"damage_healed":0,"gold_gain":0,"player_choice":"Obtained Relic","damage_taken":0,"relics_obtained":["Letter Opener"],"max_hp_gain":0,"max_hp_loss":0,"event_name":"Addict","floor":19,"gold_loss":85},{"damage_healed":0,"gold_gain":0,"player_choice":"Fight","damage_taken":0,"max_hp_gain":0,"max_hp_loss":0,"event_name":"Colosseum","floor":22,"gold_loss":0},{"damage_healed":0,"gold_gain":0,"player_choice":"Fled From Nobs","damage_taken":0,"max_hp_gain":0,"max_hp_loss":0,"event_name":"Colosseum","floor":22,"gold_loss":0},{"damage_healed":0,"gold_gain":0,"player_choice":"Trade","damage_taken":0,"relics_obtained":["GremlinMask"],"max_hp_gain":0,"max_hp_loss":0,"event_name":"FaceTrader","floor":30,"gold_loss":0}],"is_beta":false,"boss_relics":[{"not_picked":["Runic Cube","Empty Cage"],"picked":"Black Star"}],"items_purged_floors":[],"is_endless":false,"potions_floor_spawned":[2,8,13,16,18,22,31],"killed_by":"Collector","ascension_level":0}