{"gold_per_floor":[112,132,146,221,221,221,255,255,255,275,32,42,61,76,76,174,174,184,200,235,215,234,234],"floor_reached":23,"playtime":979,"items_purged":[],"score":234,"play_id":"619d4b08-6ee7-452e-98cb-78328a79eeba","local_time":"20190206191740","is_ascension_mode":true,"campfire_choices":[{"data":"Zap","floor":6,"key":"SMITH"},{"data":"Dualcast","floor":8,"key":"SMITH"},{"floor":15,"key":"REST"}],"neow_cost":"NONE","seed_source_timestamp":2785342215761148,"circlet_count":0,"master_deck":["Strike_B","Strike_B","Strike_B","Strike_B","Defend_B","Defend_B","Defend_B","Defend_B","Zap+1","Dualcast+1","Cold Snap","Coolheaded","Coolheaded","Compile Driver+1","Consume","Melter+1","Blizzard+1","Rainbow","Turbo","Chill+1","Leap+1"],"relics":["Cracked Core","Centennial Puzzle","Mercury Hourglass","Incense Burner","Molten Egg 2","Matryoshka","Philosopher\u0027s Stone","Red Mask"],"potions_floor_usage":[18,22,23,23],"damage_taken":[{"damage":2,"enemies":"Jaw Worm","floor":1,"turns":3},{"damage":2,"enemies":"2 Louse","floor":2,"turns":2},{"damage":0,"enemies":"Cultist","floor":3,"turns":2},{"damage":24,"enemies":"Lagavulin","floor":7,"turns":5},{"damage":16,"enemies":"Large Slime","floor":10,"turns":3},{"damage":0,"enemies":"2 Fungi Beasts","floor":12,"turns":2},{"damage":0,"enemies":"Gremlin Gang","floor":13,"turns":3},{"damage":0,"enemies":"3 Louse","floor":14,"turns":2},{"damage":34,"enemies":"Hexaghost","floor":16,"turns":12},{"damage":4,"enemies":"Shell Parasite","floor":18,"turns":3},{"damage":34,"enemies":"2 Thieves","floor":19,"turns":3},{"damage":7,"enemies":"Masked Bandits","floor":20,"turns":4},{"damage":10,"enemies":"Shelled Parasite and Fungi","floor":22,"turns":4},{"damage":24,"enemies":"Book of Stabbing","floor":23,"turns":5}],"seed_played":"-4468210371587406273","potions_obtained":[{"floor":2,"key":"FairyPotion"},{"floor":14,"key":"Dexterity Potion"},{"floor":16,"key":"Fire Potion"},{"floor":21,"key":"SteroidPotion"},{"floor":22,"key":"SteroidPotion"}],"is_trial":false,"path_per_floor":["M","M","M","?","?","R","E","R","T","M","$","M","M","M","R","B",null,"M","M","?","?","M","E"],"character_chosen":"DEFECT","items_purchased":["Matryoshka"],"campfire_rested":1,"item_purchase_floors":[11],"current_hp_per_floor":[73,71,71,60,60,60,36,36,36,20,20,20,20,20,42,8,75,71,37,30,30,20,7],"gold":234,"neow_bonus":"RANDOM_COMMON_RELIC","is_prod":false,"is_daily":false,"chose_seed":false,"campfire_upgraded":2,"win_rate":0,"timestamp":1549477060,"path_taken":["M","M","M","?","?","R","E","R","T","?","$","M","M","M","R","BOSS","M","M","?","?","M","E"],"build_version":"2019-01-23","purchased_purges":0,"victory":false,"max_hp_per_floor":[75,75,75,75,75,75,75,75,75,75,75,75,75,75,75,75,75,75,75,75,75,75,75],"card_choices":[{"not_picked":["Streamline","Rebound"],"picked":"Cold Snap","floor":1},{"not_picked":["Rebound","Conserve Battery"],"picked":"Biased Cognition","floor":2},{"not_picked":["Gash","Redo"],"picked":"Coolheaded","floor":3},{"not_picked":["Go for the Eyes","Self Repair"],"picked":"Coolheaded","floor":7},{"not_picked":["Beam Cell+1","Gash+1"],"picked":"Compile Driver+1","floor":10},{"not_picked":["Force Field","Go for the Eyes+1"],"picked":"Consume","floor":12},{"not_picked":["Steam","Ball Lightning+1"],"picked":"Melter+1","floor":13},{"not_picked":["Streamline+1","Go for the Eyes+1"],"picked":"Blizzard+1","floor":14},{"not_picked":["Fission","Echo Form"],"picked":"Rainbow","floor":16},{"not_picked":["Gash+1","Heatsinks"],"picked":"Turbo","floor":18},{"not_picked":["Compile Driver+1","Gash+1"],"picked":"Chill+1","floor":19},{"not_picked":["Turbo+1","Auto Shields"],"picked":"Leap+1","floor":22}],"player_experience":289290,"relics_obtained":[{"floor":7,"key":"Incense Burner"},{"floor":9,"key":"Molten Egg 2"},{"floor":20,"key":"Red Mask"}],"event_choices":[{"damage_healed":0,"gold_gain":75,"player_choice":"Gather Gold","damage_taken":11,"max_hp_gain":0,"max_hp_loss":0,"event_name":"World of Goop","floor":4,"gold_loss":0},{"cards_removed":["Biased Cognition"],"damage_healed":0,"gold_gain":0,"player_choice":"Gave Card","damage_taken":0,"relics_obtained":["Mercury Hourglass"],"max_hp_gain":0,"max_hp_loss":0,"event_name":"WeMeetAgain","floor":5,"gold_loss":0},{"damage_healed":0,"gold_gain":0,"player_choice":"Fought Bandits","damage_taken":0,"max_hp_gain":0,"max_hp_loss":0,"event_name":"Masked Bandits","floor":20,"gold_loss":0},{"damage_healed":0,"gold_gain":0,"player_choice":"Bought 1 Potion","damage_taken":0,"max_hp_gain":0,"max_hp_loss":0,"event_name":"The Woman in Blue","floor":21,"gold_loss":0}],"is_beta":false,"boss_relics":[{"not_picked":["Velvet Choker","FrozenCore"],"picked":"Philosopher\u0027s Stone"}],"items_purged_floors":[],"is_endless":false,"potions_floor_spawned":[2,14,16,22],"killed_by":"Book of Stabbing","ascension_level":4}