{"path_per_floor":["M","M","M","?","M","R","?","R","T","M","T","R","?","E","R","B",null,"M","M","$","M","$","R","E","R","T","R","$","R","E","M","R"],"character_chosen":"DEFECT","items_purchased":["Static Discharge","Loop","Redo+1"],"gold_per_floor":[110,129,149,149,166,166,241,241,241,256,256,256,256,289,289,384,384,394,411,262,276,98,98,131,131,161,161,115,115,142,161,161,161],"floor_reached":33,"campfire_rested":1,"playtime":1982,"item_purchase_floors":[20,22,28],"current_hp_per_floor":[74,71,71,77,75,75,64,64,64,50,50,50,50,30,30,18,111,109,83,83,83,83,83,83,83,83,83,83,111,82,53,53,0],"items_purged":["Normality","Decay"],"gold":161,"score":358,"play_id":"5eb1f41d-bf20-47e2-92db-bb2d9d3a59aa","local_time":"20180528184525","is_prod":false,"is_daily":false,"chose_seed":false,"is_ascension_mode":false,"campfire_upgraded":8,"win_rate":0,"timestamp":1527500725,"campfire_choices":[{"data":"Loop","floor":6.0,"key":"SMITH"},{"data":"Zap","floor":8.0,"key":"SMITH"},{"data":"Dualcast","floor":12.0,"key":"SMITH"},{"data":"Redo","floor":15.0,"key":"SMITH"},{"data":"Loop","floor":23,"key":"SMITH"},{"data":"Static Discharge","floor":25,"key":"SMITH"},{"data":"Go for the Eyes","floor":27,"key":"SMITH"},{"floor":29,"key":"REST"},{"data":"Creative AI","floor":32,"key":"SMITH"}],"path_taken":["M","M","?","?","M","R","?","R","T","M","?","R","?","E","R","BOSS","M","M","$","?","?","R","E","R","T","R","$","R","E","?","R","BOSS"],"build_version":"2018-05-25","seed_source_timestamp":0,"purchased_purges":2,"victory":false,"master_deck":["Strike_B","Strike_B","Strike_B","Defend_B","Defend_B","Defend_B","Defend_B","Zap+1","Dualcast+1","Go for the Eyes+1","Redo+1","Loop+1","BootSequence","BootSequence+1","White Noise+1","Amplify+1","Clumsy","Writhe","Reprogram+1","Go for the Eyes+1","Static Discharge+1","Loop+1","Chaos+1","Redo+1","Creative AI+1","Doom and Gloom+1"],"max_hp_per_floor":[75,75,75,81,81,81,81,81,81,81,81,81,81,86,86,86,111,111,111,111,111,111,111,111,111,111,111,111,111,111,111,111,111],"relics":["Cracked Core","Darkstone Periapt","Toxic Egg 2","Molten Egg 2","Dead Branch","Calling Bell","Strawberry","Cables","Sundial","Ancient Tea Set","Tiny Chest","Unceasing Top"],"card_choices":[{"not_picked":["Sweeping Beam","Rebound"],"picked":"Go for the Eyes","floor":1.0},{"not_picked":["Melter","Steam"],"picked":"Redo","floor":2.0},{"not_picked":["Heatsinks","Steam Power"],"picked":"Loop","floor":3.0},{"not_picked":["Coolheaded","Auto Shields"],"picked":"BootSequence","floor":5.0},{"not_picked":["Compile Driver","Gash"],"picked":"BootSequence+1","floor":10.0},{"not_picked":["Sweeping Beam+1","Streamline+1"],"picked":"White Noise+1","floor":14.0},{"not_picked":["Biased Cognition","Meteor Strike+1"],"picked":"Amplify+1","floor":16.0},{"not_picked":["Streamline+1","Heatsinks"],"picked":"Reprogram+1","floor":18},{"not_picked":["Steam+1","Barrage+1"],"picked":"Go for the Eyes+1","floor":19},{"not_picked":["Rebound+1","Conserve Battery+1","BootSequence+1"],"picked":"SKIP","floor":21},{"not_picked":["Ball Lightning+1","Steam Power+1"],"picked":"Chaos+1","floor":24},{"not_picked":["Aggregate+1","Hologram+1"],"picked":"Creative AI","floor":30},{"not_picked":["Go for the Eyes+1","Stack+1"],"picked":"Doom and Gloom+1","floor":31}],"player_experience":175887,"potions_floor_usage":[24,31],"damage_taken":[{"damage":1.0,"enemies":"Cultist","floor":1.0,"turns":4.0},{"damage":3.0,"enemies":"Jaw Worm","floor":2.0,"turns":2.0},{"damage":0.0,"enemies":"2 Louse","floor":3.0,"turns":3.0},{"damage":2.0,"enemies":"Large Slime","floor":5.0,"turns":5.0},{"damage":14.0,"enemies":"Gremlin Gang","floor":10.0,"turns":5.0},{"damage":25.0,"enemies":"Lagavulin","floor":14.0,"turns":6.0},{"damage":12.0,"enemies":"Slime Boss","floor":16.0,"turns":9.0},{"damage":2,"enemies":"2 Thieves","floor":18,"turns":5},{"damage":26,"enemies":"Spheric Guardian","floor":19,"turns":5},{"damage":0,"enemies":"Chosen and Byrds","floor":21,"turns":7},{"damage":0,"enemies":"Gremlin Leader","floor":24,"turns":6},{"damage":29,"enemies":"Slavers","floor":30,"turns":5},{"damage":36,"enemies":"3 Cultists","floor":31,"turns":6},{"damage":67,"enemies":"Automaton","floor":33,"turns":6}],"relics_obtained":[{"floor":9.0,"key":"Toxic Egg 2"},{"floor":11.0,"key":"Molten Egg 2"},{"floor":14.0,"key":"Dead Branch"},{"floor":17,"key":"Strawberry"},{"floor":17,"key":"Cables"},{"floor":17,"key":"Sundial"},{"floor":24,"key":"Ancient Tea Set"},{"floor":26,"key":"Tiny Chest"},{"floor":30,"key":"Unceasing Top"}],"event_choices":[{"event_name":"Accursed Blacksmith","player_choice":"Rummage","floor":4.0,"damage_taken":0.0},{"event_name":"World of Goop","player_choice":"Gather Gold","floor":7.0,"damage_taken":0.0},{"event_name":"Purifier","player_choice":"One Purge","floor":13.0,"damage_taken":0.0}],"boss_relics":[{"not_picked":["Cursed Key","Runic Pyramid"],"picked":"Calling Bell"}],"items_purged_floors":[20,22],"potions_floor_spawned":[1,10,14,18,21,31],"seed_played":"4852689361704485559","killed_by":"Automaton","ascension_level":0,"potions_obtained":[{"floor":1.0,"key":"FearPotion"},{"floor":10.0,"key":"Fruit Juice"},{"floor":14.0,"key":"Swift Potion"},{"floor":18,"key":"Swift Potion"},{"floor":21,"key":"Explosive Potion"},{"floor":31,"key":"LiquidBronze"}],"is_trial":false}