{"gold_per_floor":[137,10,48,86,8,46,84,84,109,147,185,185,17,92,92,342,342,380,380,201,239,289,364,289,327,377,377,377,452,452,490,490,740,865,903,122,122,122,72,0,0,0,0,115,115,115,415,453,453,453],"floor_reached":51,"playtime":4675,"items_purged":["Strike_G","Defend_G","Defend_G","Strike_G"],"score":731,"play_id":"dab97b66-d94a-43b2-a385-f96b73cc7b37","local_time":"20181013130159","daily_mods":["Heirloom","Vintage","MonsterHunter"],"is_ascension_mode":false,"campfire_choices":[{"floor":15,"key":"REST"},{"data":"Cloak And Dagger","floor":27,"key":"SMITH"},{"floor":30,"key":"REST"},{"data":"Blade Dance","floor":32,"key":"SMITH"},{"data":"Bandage Up","floor":41,"key":"SMITH"},{"data":"Metamorphosis","floor":46,"key":"SMITH"},{"data":"Cloak And Dagger","floor":49,"key":"SMITH"}],"neow_cost":"","seed_source_timestamp":290403111172872,"circlet_count":0,"master_deck":["Defend_G","Defend_G","Defend_G","Strike_G","Survivor","Cloak And Dagger+1","Infinite Blades+1","Quick Slash","Backflip","Quick Slash","Blade Dance+1","Poisoned Stab","Infinite Blades+1","Poisoned Stab","Die Die Die","Ghostly","Ghostly+1","Ghostly","Ghostly","Ghostly","Accuracy+1","Quick Slash","Dodge and Roll","Dagger Spray+1","PiercingWail+1","Tools of the Trade+1","Dash","Bandage Up+1","Panache+1","Cloak And Dagger+1","Metamorphosis+1","Poisoned Stab+1"],"special_seed":17817,"relics":["Ring of the Snake","Turnip","Frozen Egg 2","Paper Crane","Juzu Bracelet","Smiling Mask","Happy Flower","Lantern","Oddly Smooth Stone","Anchor","Dream Catcher","Bird Faced Urn","WristBlade","Mango","Snake Skull","Bottled Lightning","Bronze Scales","Vajra","Enchiridion","Kunai","Regal Pillow","Du-Vu Doll","Tiny House","Boot","Sling","Sundial","Ginger","Red Mask","Toxic Egg 2","Prayer Wheel","Dead Branch"],"potions_floor_usage":[4,11,14,14,23,33,33,35],"damage_taken":[{"damage":0,"enemies":"2 Louse","floor":1,"turns":4},{"damage":1,"enemies":"Cultist","floor":3,"turns":5},{"damage":1,"enemies":"Jaw Worm","floor":4,"turns":5},{"damage":0,"enemies":"Large Slime","floor":6,"turns":8},{"damage":10,"enemies":"2 Fungi Beasts","floor":7,"turns":5},{"damage":5,"enemies":"3 Louse","floor":10,"turns":5},{"damage":1,"enemies":"Blue Slaver","floor":11,"turns":4},{"damage":21,"enemies":"Gremlin Nob","floor":14,"turns":6},{"damage":27,"enemies":"Hexaghost","floor":16,"turns":14},{"damage":5,"enemies":"Shell Parasite","floor":18,"turns":5},{"damage":1,"enemies":"Chosen","floor":21,"turns":6},{"damage":11,"enemies":"Book of Stabbing","floor":23,"turns":7},{"damage":2,"enemies":"Centurion and Healer","floor":25,"turns":7},{"damage":5,"enemies":"Slavers","floor":29,"turns":4},{"damage":0,"enemies":"3 Cultists","floor":31,"turns":4},{"damage":3,"enemies":"Champ","floor":33,"turns":9},{"damage":1,"enemies":"Orb Walker","floor":35,"turns":3},{"damage":11,"enemies":"Mind Bloom Boss Battle","floor":38,"turns":5},{"damage":3,"enemies":"Mysterious Sphere","floor":44,"turns":6},{"damage":5,"enemies":"3 Darklings","floor":48,"turns":4},{"damage":29,"enemies":"Donu and Deca","floor":50,"turns":8}],"seed_played":"646402910628373304","potions_obtained":[{"floor":1,"key":"Explosive Potion"},{"floor":4,"key":"Poison Potion"},{"floor":7,"key":"SteroidPotion"},{"floor":10,"key":"EssenceOfSteel"},{"floor":16,"key":"EssenceOfSteel"},{"floor":25,"key":"FearPotion"},{"floor":31,"key":"AttackPotion"},{"floor":34,"key":"Fruit Juice"},{"floor":35,"key":"Block Potion"},{"floor":48,"key":"Dexterity Potion"}],"is_trial":false,"path_per_floor":["M","$","M","M","$","M","M","?","T","M","M","?","$","E","R","B",null,"M","?","$","M","?","E","?","M","T","R","?","E","R","M","R","B",null,"M","$","?","?","$","?","R","?","T","?","?","R","?","M","R","B"],"character_chosen":"THE_SILENT","items_purchased":["Cloak And Dagger","Infinite Blades+1","Quick Slash","Backflip","Quick Slash","Blade Dance","Poisoned Stab","Accuracy+1","Quick Slash","Bandage Up","Panache+1","Sling","Sundial"],"campfire_rested":2,"item_purchase_floors":[2,2,5,5,13,13,13,20,20,36,36,36,36],"current_hp_per_floor":[70,70,69,68,68,68,58,58,58,53,52,52,52,31,52,25,70,79,42,42,42,42,31,31,35,35,35,19,22,34,42,42,39,47,51,51,51,41,41,41,41,41,41,51,49,49,49,46,46,24],"gold":453,"neow_bonus":"","is_prod":false,"is_daily":true,"chose_seed":false,"campfire_upgraded":5,"win_rate":0,"timestamp":1539450119,"path_taken":["M","$","M","M","$","M","M","?","T","M","M","?","$","E","R","BOSS","M","?","$","M","?","E","?","M","T","R","?","E","R","M","R","BOSS","M","$","?","?","$","?","R","?","T","?","?","R","?","M","R","BOSS"],"build_version":"2018-10-11","purchased_purges":4,"victory":true,"max_hp_per_floor":[70,70,70,70,70,70,70,70,70,70,70,70,70,70,70,70,70,84,42,42,42,42,42,42,42,42,42,42,42,42,42,42,42,47,52,52,52,52,52,52,52,52,52,52,49,49,49,49,49,49],"card_choices":[{"not_picked":["Dagger Spray","Deadly Poison"],"picked":"Infinite Blades+1","floor":14},{"not_picked":["Leg Sweep","Bane"],"picked":"Poisoned Stab","floor":15},{"not_picked":["Doppelganger","Glass Knife"],"picked":"Die Die Die","floor":16},{"not_picked":["Burst","Concentrate"],"picked":"Dodge and Roll","floor":23},{"not_picked":["Underhanded Strike","Quick Slash"],"picked":"Dagger Spray+1","floor":29},{"not_picked":["Quick Slash","Finisher"],"picked":"PiercingWail+1","floor":30},{"not_picked":["Doppelganger","Unload"],"picked":"Tools of the Trade+1","floor":33},{"not_picked":["Deadly Poison","Reflex"],"picked":"Dash","floor":34},{"not_picked":["Well Laid Plans+1","Sucker Punch"],"picked":"Cloak And Dagger","floor":38},{"not_picked":["Dark Shackles","Discovery"],"picked":"Metamorphosis","floor":42},{"not_picked":["Backflip+1","Concentrate+1"],"picked":"Poisoned Stab+1","floor":44}],"player_experience":299327,"relics_obtained":[{"floor":1,"key":"Frozen Egg 2"},{"floor":3,"key":"Paper Crane"},{"floor":4,"key":"Juzu Bracelet"},{"floor":6,"key":"Smiling Mask"},{"floor":7,"key":"Happy Flower"},{"floor":9,"key":"Lantern"},{"floor":10,"key":"Oddly Smooth Stone"},{"floor":11,"key":"Anchor"},{"floor":14,"key":"Dream Catcher"},{"floor":16,"key":"Bird Faced Urn"},{"floor":18,"key":"Mango"},{"floor":21,"key":"Snake Skull"},{"floor":23,"key":"Bottled Lightning"},{"floor":25,"key":"Bronze Scales"},{"floor":26,"key":"Vajra"},{"floor":28,"key":"Enchiridion"},{"floor":29,"key":"Kunai"},{"floor":31,"key":"Regal Pillow"},{"floor":33,"key":"Du-Vu Doll"},{"floor":35,"key":"Boot"},{"floor":38,"key":"Ginger"},{"floor":43,"key":"Toxic Egg 2"},{"floor":44,"key":"Prayer Wheel"},{"floor":48,"key":"Dead Branch"}],"event_choices":[{"event_name":"Bonfire Elementals","player_choice":"BASIC","floor":8,"damage_taken":0},{"event_name":"Living Wall","player_choice":"Grow","floor":12,"damage_taken":0},{"event_name":"Ghosts","player_choice":"Became a Ghost","floor":19,"damage_taken":0},{"event_name":"The Joust","player_choice":"Bet on Murderer","floor":22,"damage_taken":0},{"event_name":"Beggar","player_choice":"Gave Gold","floor":24,"damage_taken":0},{"event_name":"Cursed Tome","player_choice":"Obtained Book","floor":28,"damage_taken":0},{"event_name":"Falling","player_choice":"Removed Attack","floor":37,"damage_taken":0},{"event_name":"MindBloom","player_choice":"Fight","floor":38,"damage_taken":0},{"event_name":"Tomb of Lord Red Mask","player_choice":"Paid","floor":40,"damage_taken":0},{"event_name":"SensoryStone","player_choice":"Memory 1","floor":42,"damage_taken":0},{"event_name":"Mysterious Sphere","player_choice":"Fight","floor":44,"damage_taken":0},{"event_name":"Winding Halls","player_choice":"Max HP","floor":45,"damage_taken":0},{"event_name":"Wheel of Change","player_choice":"Gold","floor":47,"damage_taken":0}],"is_beta":false,"boss_relics":[{"not_picked":["Runic Dome","Fusion Hammer"],"picked":"WristBlade"},{"not_picked":["Sozu","White Beast Statue"],"picked":"Tiny House"}],"items_purged_floors":[13,20,36,39],"is_endless":false,"potions_floor_spawned":[1,4,7,10,16,25,31,35,48],"ascension_level":0}