{"gold_per_floor":[113,113,125,300,21,46,46,73,141,41,56,56,68,102,102,198,198,153,28,28,28,28,28,28,28,28,28,28,28,28,28,28,28],"floor_reached":33,"playtime":2137,"items_purged":["Strike_B","Doubt","Strike_B"],"score":375,"play_id":"5cafd416-a344-4bd4-83b9-2082305f7e7b","local_time":"20190123203622","is_ascension_mode":true,"campfire_choices":[{"data":"Conserve Battery","floor":7,"key":"SMITH"},{"data":"Zap","floor":12,"key":"SMITH"},{"floor":15,"key":"REST"},{"data":"Seek","floor":23,"key":"SMITH"},{"data":"Doom and Gloom","floor":28,"key":"SMITH"},{"data":"Go for the Eyes","floor":32,"key":"SMITH"}],"neow_cost":"PERCENT_DAMAGE","seed_source_timestamp":503575316732517,"circlet_count":0,"master_deck":["Defend_B","Defend_B","Defend_B","Defend_B","Zap+1","Dualcast","Streamline","Compile Driver","Go for the Eyes+1","Conserve Battery+1","Darkness","Cold Snap","Seek+1","Electrodynamics","Rebound+1","Go for the Eyes","Doom and Gloom+1","Steam+1","Coolheaded+1","Undo","Rainbow","Coolheaded"],"relics":["Cracked Core","Unceasing Top","Bag of Preparation","PreservedInsect","Symbiotic Virus","Darkstone Periapt","Potion Belt","Ectoplasm","Anchor","Pen Nib","Omamori"],"potions_floor_usage":[6,8,13,16,33,33],"damage_taken":[{"damage":2,"enemies":"Jaw Worm","floor":1,"turns":3},{"damage":0,"enemies":"Small Slimes","floor":3,"turns":2},{"damage":26,"enemies":"Gremlin Nob","floor":6,"turns":4},{"damage":15,"enemies":"Lagavulin","floor":8,"turns":7},{"damage":2,"enemies":"2 Louse","floor":11,"turns":2},{"damage":12,"enemies":"Exordium Wildlife","floor":13,"turns":2},{"damage":5,"enemies":"3 Sentries","floor":14,"turns":4},{"damage":15,"enemies":"Slime Boss","floor":16,"turns":5},{"damage":12,"enemies":"2 Thieves","floor":18,"turns":3},{"damage":0,"enemies":"Shell Parasite","floor":24,"turns":3},{"damage":5,"enemies":"Centurion and Healer","floor":25,"turns":5},{"damage":7,"enemies":"Book of Stabbing","floor":27,"turns":5},{"damage":0,"enemies":"Gremlin Leader","floor":30,"turns":3},{"damage":0,"enemies":"Snecko","floor":31,"turns":3},{"damage":38,"enemies":"Collector","floor":33,"turns":7}],"seed_played":"-8010158148362505168","potions_obtained":[{"floor":1,"key":"Strength Potion"},{"floor":3,"key":"FocusPotion"},{"floor":8,"key":"SteroidPotion"},{"floor":11,"key":"AttackPotion"},{"floor":27,"key":"Explosive Potion"},{"floor":31,"key":"Weak Potion"}],"is_trial":false,"path_per_floor":["M","?","M","?","$","E","R","E","T","$","M","R","M","E","R","B",null,"M","$","?","?","$","R","M","M","T","E","R","$","E","M","R","B"],"character_chosen":"DEFECT","items_purchased":["Bag of Preparation","Go for the Eyes"],"campfire_rested":1,"item_purchase_floors":[5,5],"current_hp_per_floor":[52,75,75,75,75,49,49,34,34,34,32,32,20,15,37,22,75,63,63,63,49,49,49,49,44,44,37,37,37,37,37,37,0],"gold":28,"neow_bonus":"ONE_RARE_RELIC","is_prod":false,"is_daily":false,"chose_seed":false,"campfire_upgraded":5,"win_rate":0,"timestamp":1548304582,"path_taken":["M","?","M","?","$","E","R","E","T","$","M","R","?","E","R","BOSS","M","$","?","?","?","R","M","M","T","E","R","$","E","M","R","BOSS"],"build_version":"2019-01-23","purchased_purges":3,"victory":false,"max_hp_per_floor":[75,75,75,75,75,75,75,75,75,75,75,75,75,75,75,75,75,75,75,75,80,80,80,80,80,80,80,80,80,80,80,80,80],"card_choices":[{"not_picked":["Static Discharge","Stack"],"picked":"Streamline","floor":1},{"not_picked":["Aggregate","Stack"],"picked":"Compile Driver","floor":3},{"not_picked":["Steam Power","Barrage"],"picked":"Conserve Battery","floor":6},{"not_picked":["Hologram","Chill"],"picked":"Darkness","floor":8},{"not_picked":["Heatsinks","Steam"],"picked":"Cold Snap","floor":11},{"not_picked":["Cold Snap","Go for the Eyes"],"picked":"Seek","floor":13},{"not_picked":["Streamline","Cold Snap","Go for the Eyes"],"picked":"SKIP","floor":14},{"not_picked":["Rainbow","Multi-Cast"],"picked":"Electrodynamics","floor":16},{"not_picked":["Steam","Gash"],"picked":"Rebound+1","floor":18},{"not_picked":["Barrage","Auto Shields"],"picked":"Steam+1","floor":24},{"not_picked":["Tempest","Rebound"],"picked":"Coolheaded+1","floor":25},{"not_picked":["Turbo","Go for the Eyes"],"picked":"Undo","floor":27},{"not_picked":["Go for the Eyes+1","Rebound"],"picked":"Rainbow","floor":30},{"not_picked":["Turbo","Melter"],"picked":"Coolheaded","floor":31}],"player_experience":337281,"relics_obtained":[{"floor":6,"key":"PreservedInsect"},{"floor":8,"key":"Symbiotic Virus"},{"floor":9,"key":"Darkstone Periapt"},{"floor":14,"key":"Potion Belt"},{"floor":26,"key":"Anchor"},{"floor":27,"key":"Pen Nib"},{"floor":30,"key":"Omamori"}],"event_choices":[{"damage_healed":25,"gold_gain":0,"player_choice":"Banana","damage_taken":0,"max_hp_gain":0,"max_hp_loss":0,"event_name":"Big Fish","floor":2,"gold_loss":0},{"damage_healed":0,"gold_gain":175,"player_choice":"AGREE","damage_taken":0,"max_hp_gain":0,"max_hp_loss":0,"event_name":"Liars Game","floor":4,"gold_loss":0,"cards_obtained":["Doubt"]},{"damage_healed":0,"gold_gain":0,"cards_transformed":["Strike_B","Strike_B"],"player_choice":"Became Test Subject","damage_taken":0,"max_hp_gain":0,"max_hp_loss":0,"event_name":"Drug Dealer","floor":20,"gold_loss":0,"cards_obtained":["Go for the Eyes","Doom and Gloom"]},{"damage_healed":0,"gold_gain":0,"player_choice":"Shed Blood","damage_taken":19,"max_hp_gain":5,"max_hp_loss":0,"event_name":"Forgotten Altar","floor":21,"gold_loss":0}],"is_beta":false,"boss_relics":[{"not_picked":["Astrolabe","FrozenCore"],"picked":"Ectoplasm"}],"items_purged_floors":[5,10,19],"is_endless":false,"potions_floor_spawned":[1,3,8,11,27,31],"killed_by":"Collector","ascension_level":3}