{"path_per_floor":["M","?","M","?","M","R","E","R","T","?","$","R","?","$","R"],"character_chosen":"DEFECT","items_purchased":["Chaos","Shovel"],"gold_per_floor":[111,361,375,375,391,391,420,420,447,447,41,41,41,41,41,41],"floor_reached":16,"campfire_rested":0,"playtime":923,"item_purchase_floors":[11,11],"current_hp_per_floor":[69,69,67,60,51,51,27,27,27,12,12,19,19,19,19,0],"items_purged":["Strike_B"],"gold":41,"score":96,"play_id":"d3ab8f73-d210-4d02-9e3f-b369383d4804","local_time":"20180521181526","is_prod":false,"is_daily":false,"chose_seed":false,"is_ascension_mode":false,"campfire_upgraded":2,"timestamp":1526894126,"campfire_choices":[{"data":"Chaos","floor":6,"key":"SMITH"},{"data":"Zap","floor":8,"key":"SMITH"},{"floor":12,"key":"DIG"},{"floor":15,"key":"DIG"}],"path_taken":["M","?","?","?","M","R","E","R","T","?","$","R","?","?","R","BOSS"],"build_version":"2018-05-18","seed_source_timestamp":25039092670840,"purchased_purges":1,"victory":false,"master_deck":["Strike_B+1","Strike_B+1","Defend_B","Defend_B","Defend_B+1","Defend_B","Zap+1","Dualcast","Chaos+1","Regret","Consume+1","Streamline","Redo","Chaos","Regret"],"max_hp_per_floor":[75,75,75,75,75,75,75,75,75,75,75,82,82,82,82,82],"relics":["Cracked Core","Oddly Smooth Stone","War Paint","Ancient Tea Set","Shovel","Strawberry","Bag of Preparation","Unceasing Top"],"card_choices":[{"not_picked":["Leap","Cold Snap"],"picked":"Chaos","floor":1},{"not_picked":["Beam Cell","Hologram"],"picked":"Consume","floor":3},{"not_picked":["Sweeping Beam","Hologram"],"picked":"Streamline","floor":5},{"not_picked":["Streamline","Turbo"],"picked":"Redo","floor":7}],"player_experience":158396,"potions_floor_usage":[],"damage_taken":[{"damage":6,"enemies":"2 Louse","floor":1,"turns":2},{"damage":2,"enemies":"Cultist","floor":3,"turns":4},{"damage":9,"enemies":"Small Slimes","floor":5,"turns":4},{"damage":24,"enemies":"3 Sentries","floor":7,"turns":7},{"damage":26,"enemies":"Slime Boss","floor":16,"turns":7}],"relics_obtained":[{"floor":7,"key":"War Paint"},{"floor":9,"key":"Ancient Tea Set"},{"floor":12,"key":"Strawberry"},{"floor":15,"key":"Unceasing Top"}],"event_choices":[{"event_name":"Golden Shrine","player_choice":"Desecrate","floor":2,"damage_taken":0},{"event_name":"Golden Wing","player_choice":"Card Removal","floor":4,"damage_taken":0},{"event_name":"Shining Light","player_choice":"Entered Light","floor":10,"damage_taken":0},{"event_name":"Big Fish","player_choice":"Box","floor":13,"damage_taken":0}],"boss_relics":[],"items_purged_floors":[11],"potions_floor_spawned":[1,5],"seed_played":"-4330791985406890263","killed_by":"Slime Boss","ascension_level":0,"potions_obtained":[{"floor":1,"key":"FocusPotion"},{"floor":5,"key":"Block Potion"}],"is_trial":false}