{"gold_per_floor":[114,80,158,158,158,158,173,173,198,198,198,198,198,213,213,313,313,328,243,69,35,35,65,65,65,115,115,115,130,130,138,138,238,238,253,31,46,87,187,217,439,439,439,454,454,454,454,484,484,484],"floor_reached":51,"playtime":7124,"items_purged":["Shame"],"score":776,"play_id":"281ace50-1249-4ff7-8f6c-81643472ead6","local_time":"20181102175219","daily_mods":["SealedDeck","Flight","Lethality"],"is_ascension_mode":false,"campfire_choices":[{"data":"Calculated Gamble","floor":6.0,"key":"SMITH"},{"data":"Backflip","floor":8.0,"key":"SMITH"},{"data":"Deflect","floor":10.0,"key":"SMITH"},{"data":"Bouncing Flask","floor":12.0,"key":"SMITH"},{"data":"PiercingWail","floor":13.0,"key":"SMITH"},{"floor":15.0,"key":"REST"},{"floor":24.0,"key":"REST"},{"data":"Catalyst","floor":25.0,"key":"SMITH"},{"data":"Setup","floor":27.0,"key":"SMITH"},{"data":"Burst","floor":28.0,"key":"SMITH"},{"data":"Leg Sweep","floor":30.0,"key":"SMITH"},{"floor":32.0,"key":"REST"},{"data":"Burst","floor":42,"key":"SMITH"},{"floor":46,"key":"REST"},{"data":"Bouncing Flask","floor":47,"key":"SMITH"},{"floor":49,"key":"REST"}],"neow_cost":"","seed_source_timestamp":0,"circlet_count":0,"master_deck":["Calculated Gamble+1","Dagger Spray","Predator","Backflip+1","PiercingWail+1","PiercingWail+1","Bouncing Flask+1","Blur+1","Bouncing Flask+1","Bouncing Flask+1","Deflect+1","Catalyst+1","Burst+1","Leg Sweep+1","PiercingWail","Setup+1","Cloak And Dagger+1","Escape Plan","Dodge and Roll","Burst+1","Noxious Fumes+1","After Image","Regret","Shame","Terror+1"],"special_seed":17837,"relics":["Ring of the Snake","Potion Belt","Cursed Key","Singing Bowl","Boot","Paper Crane","Snake Skull","Red Mask","HoveringKite","Tough Bandages","FossilizedHelix","Sundial","Bottled Tornado","Mercury Hourglass","Dream Catcher"],"potions_floor_usage":[40,50,50],"damage_taken":[{"damage":4.0,"enemies":"2 Louse","floor":1.0,"turns":2.0},{"damage":6.0,"enemies":"Jaw Worm","floor":7.0,"turns":4.0},{"damage":1.0,"enemies":"Cultist","floor":14.0,"turns":3.0},{"damage":4.0,"enemies":"Hexaghost","floor":16.0,"turns":7.0},{"damage":3.0,"enemies":"2 Thieves","floor":18.0,"turns":4.0},{"damage":34.0,"enemies":"Gremlin Leader","floor":23.0,"turns":7.0},{"damage":0.0,"enemies":"3 Byrds","floor":29.0,"turns":3.0},{"damage":0.0,"enemies":"Masked Bandits","floor":31.0,"turns":3.0},{"damage":0.0,"enemies":"Champ","floor":33.0,"turns":6.0},{"damage":0.0,"enemies":"Orb Walker","floor":35.0,"turns":3.0},{"damage":0.0,"enemies":"3 Shapes","floor":37.0,"turns":2.0},{"damage":18.0,"enemies":"2 Orb Walkers","floor":38.0,"turns":5.0},{"damage":0.0,"enemies":"Mind Bloom Boss Battle","floor":39.0,"turns":4.0},{"damage":0,"enemies":"Nemesis","floor":40,"turns":7},{"damage":15,"enemies":"Sphere and 2 Shapes","floor":44,"turns":5},{"damage":2,"enemies":"Giant Head","floor":48,"turns":6},{"damage":24,"enemies":"Time Eater","floor":50,"turns":12}],"seed_played":"-6540096800640784622","potions_obtained":[{"floor":1.0,"key":"Explosive Potion"},{"floor":11.0,"key":"LiquidBronze"},{"floor":11.0,"key":"Explosive Potion"},{"floor":11.0,"key":"FairyPotion"},{"floor":14.0,"key":"Explosive Potion"},{"floor":18.0,"key":"SpeedPotion"},{"floor":31.0,"key":"SteroidPotion"},{"floor":35.0,"key":"SkillPotion"},{"floor":37.0,"key":"EntropicBrew"},{"floor":38.0,"key":"Explosive Potion"},{"floor":44,"key":"LiquidBronze"}],"is_trial":false,"path_per_floor":["M","$","?","?","?","R","M","R","T","R","?","R","R","M","R","B",null,"M","?","$","$","?","E","R","R","T","R","R","M","R","?","R","B",null,"M","$","M","?","?","E","?","R","T","M","T","R","R","E","R","B",null],"character_chosen":"THE_SILENT","items_purchased":["Bouncing Flask","PiercingWail","Boot","Setup","After Image"],"campfire_rested":5,"item_purchase_floors":[2,20,20,21,36],"current_hp_per_floor":[66,66,66,52,52,52,46,46,46,46,46,46,46,45,66,62,70,67,67,67,67,67,33,54,54,54,54,54,54,54,54,70,70,70,70,70,72,56,58,60,60,60,60,47,47,71,71,71,82,58],"gold":484,"neow_bonus":"","is_prod":false,"is_daily":true,"chose_seed":false,"campfire_upgraded":11,"win_rate":0,"timestamp":1541195539,"path_taken":["M","$","?","?","?","R","M","R","T","R","?","R","R","M","R","BOSS","M","?","$","$","?","E","R","R","T","R","R","M","R","?","R","BOSS","M","$","?","?","?","E","?","R","T","?","?","R","R","E","R","BOSS"],"build_version":"2018-11-01","purchased_purges":1,"victory":true,"max_hp_per_floor":[70,70,70,70,70,70,70,70,70,70,70,70,70,70,70,70,70,70,70,70,70,70,70,70,70,70,70,70,70,70,70,70,70,70,70,70,72,74,76,78,78,78,78,80,80,80,80,82,82,82],"card_choices":[{"not_picked":["Outmaneuver","Poisoned Stab"],"picked":"Bouncing Flask","floor":1.0},{"not_picked":["Slice","Deadly Poison"],"picked":"Deflect","floor":7.0},{"not_picked":["Quick Slash","Reflex"],"picked":"Catalyst","floor":14.0},{"not_picked":["Night Terror","A Thousand Cuts"],"picked":"Burst","floor":16.0},{"not_picked":["Dagger Spray","Dash"],"picked":"Leg Sweep","floor":18.0},{"not_picked":["Flying Knee+1","Dodge and Roll"],"picked":"Cloak And Dagger+1","floor":23.0},{"not_picked":["Quick Slash","Flechettes"],"picked":"Escape Plan","floor":29.0},{"not_picked":["Riddle With Holes","Quick Slash"],"picked":"Dodge and Roll","floor":31.0},{"not_picked":["Wraith Form v2","Bullet Time"],"picked":"Burst","floor":33.0},{"not_picked":["Deadly Poison","Calculated Gamble"],"picked":"Noxious Fumes+1","floor":35.0},{"not_picked":["Sucker Punch+1","Prepared+1","Outmaneuver+1"],"picked":"Singing Bowl","floor":37.0},{"not_picked":["Cloak And Dagger","Flechettes+1","Acrobatics"],"picked":"Singing Bowl","floor":38.0},{"not_picked":["Poisoned Stab","Deflect+1","Dagger Spray+1"],"picked":"Singing Bowl","floor":39},{"not_picked":["Die Die Die","Dagger Throw+1","Accuracy+1"],"picked":"Singing Bowl","floor":40},{"not_picked":["Dash+1","Endless Agony+1","Dagger Spray"],"picked":"Singing Bowl","floor":44},{"not_picked":["Sucker Punch","Noxious Fumes+1","Endless Agony"],"picked":"Singing Bowl","floor":48},{"not_picked":["Deadly Poison+1","Eviscerate+1"],"picked":"Terror+1","floor":49}],"player_experience":443384,"relics_obtained":[{"floor":9.0,"key":"Potion Belt"},{"floor":23.0,"key":"Paper Crane"},{"floor":26.0,"key":"Snake Skull"},{"floor":31.0,"key":"Red Mask"},{"floor":38.0,"key":"Tough Bandages"},{"floor":39,"key":"FossilizedHelix"},{"floor":40,"key":"Sundial"},{"floor":43,"key":"Bottled Tornado"},{"floor":45,"key":"Mercury Hourglass"},{"floor":48,"key":"Dream Catcher"}],"event_choices":[{"damage_healed":0.0,"max_hp_gain":0.0,"max_hp_loss":0.0,"gold_gain":78.0,"event_name":"Golden Wing","player_choice":"Gained Gold","floor":3.0,"gold_loss":0.0,"damage_taken":0.0},{"damage_healed":0.0,"max_hp_gain":0.0,"max_hp_loss":0.0,"gold_gain":0.0,"event_name":"Shining Light","player_choice":"Entered Light","floor":4.0,"gold_loss":0.0,"damage_taken":14.0,"cards_upgraded":["Blur","PiercingWail"]},{"damage_healed":0.0,"max_hp_gain":0.0,"max_hp_loss":0.0,"gold_gain":0.0,"event_name":"Living Wall","player_choice":"Grow","floor":5.0,"gold_loss":0.0,"damage_taken":0.0,"cards_upgraded":["Bouncing Flask"]},{"damage_healed":0.0,"max_hp_gain":0.0,"max_hp_loss":0.0,"gold_gain":0.0,"event_name":"The Lab","player_choice":"Got Potions","floor":11.0,"gold_loss":0.0,"damage_taken":0.0},{"damage_healed":0.0,"max_hp_gain":0.0,"max_hp_loss":0.0,"gold_gain":0.0,"event_name":"Addict","player_choice":"Obtained Relic","floor":19.0,"gold_loss":85.0,"damage_taken":0.0,"relics_obtained":["Singing Bowl"]},{"cards_removed":["Acrobatics"],"damage_healed":0.0,"max_hp_gain":0.0,"max_hp_loss":0.0,"gold_gain":0.0,"event_name":"Purifier","player_choice":"Purged","floor":22.0,"gold_loss":0.0,"damage_taken":0.0},{"damage_healed":0.0,"max_hp_gain":0.0,"max_hp_loss":0.0,"gold_gain":0.0,"event_name":"Masked Bandits","player_choice":"Fought Bandits","floor":31.0,"gold_loss":0.0,"damage_taken":0.0},{"damage_healed":0.0,"max_hp_gain":0.0,"max_hp_loss":0.0,"gold_gain":0.0,"event_name":"Mysterious Sphere","player_choice":"Fight","floor":38.0,"gold_loss":0.0,"damage_taken":0.0},{"damage_healed":0.0,"max_hp_gain":0.0,"max_hp_loss":0.0,"gold_gain":0.0,"event_name":"MindBloom","player_choice":"Fight","floor":39.0,"gold_loss":0.0,"damage_taken":0.0},{"cards_removed":["Dagger Throw"],"damage_healed":0,"gold_gain":0,"player_choice":"Removed Attack","damage_taken":0,"max_hp_gain":0,"max_hp_loss":0,"event_name":"Falling","floor":39,"gold_loss":0},{"damage_healed":0,"gold_gain":222,"player_choice":"Wore Mask","damage_taken":0,"max_hp_gain":0,"max_hp_loss":0,"event_name":"Tomb of Lord Red Mask","floor":41,"gold_loss":0}],"is_beta":false,"boss_relics":[{"not_picked":["Runic Dome","Black Star"],"picked":"Cursed Key"},{"not_picked":["Calling Bell","Empty Cage"],"picked":"HoveringKite"}],"items_purged_floors":[36],"is_endless":false,"potions_floor_spawned":[1,14,18,31,33,35,37,38,44],"ascension_level":0}