{"gold_per_floor":[109,109,120,29,29,57,57,69,69,100,114,114,133,133,133,238,238,248,104,117,216,235,235],"floor_reached":23,"playtime":1688,"items_purged":["Strike_R"],"score":226,"play_id":"6ab507af-a5f9-4400-99fa-c5dcdeffa781","local_time":"20190121111727","is_ascension_mode":false,"campfire_choices":[{"data":"True Grit","floor":7.0,"key":"SMITH"},{"data":"Inflame","floor":12.0,"key":"SMITH"},{"floor":15.0,"key":"REST"}],"neow_cost":"NONE","seed_source_timestamp":0,"circlet_count":0,"master_deck":["Strike_R","Strike_R","Strike_R","Strike_R","Defend_R","Defend_R","Defend_R","Defend_R","Bash","Armaments","Headbutt","Inflame","True Grit+1","Inflame+1","Sword Boomerang","Body Slam","Feed","Juggernaut","Clothesline","Feel No Pain","True Grit+1","Feel No Pain+1"],"special_seed":0,"relics":["Burning Blood","NeowsBlessing","Matryoshka","Dodecahedron","Vajra","Darkstone Periapt","Sundial","Velvet Choker"],"potions_floor_usage":[18,22,23],"damage_taken":[{"damage":0.0,"enemies":"Cultist","floor":1.0,"turns":1.0},{"damage":0.0,"enemies":"Jaw Worm","floor":3.0,"turns":1.0},{"damage":0.0,"enemies":"Gremlin Nob","floor":6.0,"turns":1.0},{"damage":5.0,"enemies":"Small Slimes","floor":8.0,"turns":3.0},{"damage":31.0,"enemies":"Lagavulin","floor":10.0,"turns":6.0},{"damage":10.0,"enemies":"Looter","floor":11.0,"turns":2.0},{"damage":16.0,"enemies":"Large Slime","floor":13.0,"turns":2.0},{"damage":0.0,"enemies":"Lagavulin Event","floor":14.0,"turns":1.0},{"damage":28.0,"enemies":"The Guardian","floor":16.0,"turns":10.0},{"damage":15,"enemies":"Shell Parasite","floor":18,"turns":4},{"damage":10,"enemies":"Chosen","floor":20,"turns":3},{"damage":47,"enemies":"Shelled Parasite and Fungi","floor":22,"turns":6},{"damage":34,"enemies":"Gremlin Leader","floor":23,"turns":2}],"seed_played":"8093993881563535334","potions_obtained":[{"floor":3.0,"key":"Ancient Potion"},{"floor":5.0,"key":"SmokeBomb"},{"floor":5.0,"key":"FearPotion"},{"floor":10.0,"key":"Ancient Potion"},{"floor":16.0,"key":"EssenceOfSteel"},{"floor":20,"key":"PowerPotion"}],"is_trial":false,"path_per_floor":["M","T","M","$","?","E","R","M","T","E","M","R","M","?","R","B",null,"M","$","M","?","M","E"],"character_chosen":"IRONCLAD","items_purchased":["Inflame","True Grit","Feel No Pain"],"campfire_rested":1,"item_purchase_floors":[4,4,19],"current_hp_per_floor":[80,80,80,80,80,80,80,80,80,55,51,51,41,47,71,49,80,71,71,70,70,33,0],"gold":235,"neow_bonus":"THREE_ENEMY_KILL","is_prod":false,"is_daily":false,"chose_seed":false,"campfire_upgraded":2,"win_rate":0,"timestamp":1548087447,"path_taken":["M","?","M","$","?","E","R","M","T","E","M","R","?","?","R","BOSS","M","$","M","?","M","E"],"build_version":"2019-01-17v2","purchased_purges":1,"victory":false,"max_hp_per_floor":[80,80,80,80,80,80,80,80,80,80,80,80,80,80,80,80,80,80,80,83,83,87,87],"card_choices":[{"not_picked":["Clash","Blood for Blood"],"picked":"Armaments","floor":1.0},{"not_picked":["Dropkick","Clash"],"picked":"Headbutt","floor":3.0},{"not_picked":["Anger","Twin Strike"],"picked":"Inflame","floor":6.0},{"not_picked":["Clash","Hemokinesis","Havoc"],"picked":"SKIP","floor":8.0},{"not_picked":["Hemokinesis","Anger"],"picked":"Sword Boomerang","floor":10.0},{"not_picked":["Dropkick","Searing Blow"],"picked":"Body Slam","floor":11.0},{"not_picked":["Blood for Blood","Battle Trance"],"picked":"Feed","floor":13.0},{"not_picked":["Reaper","Exhume"],"picked":"Juggernaut","floor":16.0},{"not_picked":["Headbutt","Intimidate+1"],"picked":"Clothesline","floor":18},{"not_picked":["Iron Wave","Heavy Blade+1"],"picked":"True Grit+1","floor":20},{"not_picked":["Flame Barrier","Iron Wave"],"picked":"Feel No Pain+1","floor":22}],"player_experience":109445,"relics_obtained":[{"floor":2.0,"key":"Matryoshka"},{"floor":6.0,"key":"Dodecahedron"},{"floor":9.0,"key":"Vajra"},{"floor":9.0,"key":"Darkstone Periapt"},{"floor":10.0,"key":"Sundial"}],"event_choices":[{"damage_healed":0.0,"max_hp_gain":0.0,"max_hp_loss":0.0,"gold_gain":0.0,"event_name":"Lab","player_choice":"Got Potions","floor":5.0,"gold_loss":0.0,"damage_taken":0.0},{"damage_healed":0.0,"max_hp_gain":0.0,"max_hp_loss":0.0,"gold_gain":0.0,"event_name":"Dead Adventurer","player_choice":"Searched \u00271\u0027 times","floor":14.0,"gold_loss":0.0,"damage_taken":0.0},{"damage_healed":0,"gold_gain":99,"player_choice":"Stole From Cult","damage_taken":0,"max_hp_gain":0,"max_hp_loss":0,"event_name":"Nest","floor":21,"gold_loss":0}],"is_beta":false,"boss_relics":[{"not_picked":["Pandora\u0027s Box","Black Star"],"picked":"Velvet Choker"}],"items_purged_floors":[19],"is_endless":false,"potions_floor_spawned":[3,10,16,20],"killed_by":"Gremlin Leader","ascension_level":0}