{"gold_per_floor":[16,32,32,43,55,55,83,83,83,101,136,146,180,200,200,298,298,316,169,183,128,144,144,177,177,177,177,276,296,296,312,312,412,412,427,439,456,456,151,478,478,493,519,519],"floor_reached":44,"playtime":2454,"items_purged":["Strike_R","Strike_R+1"],"score":532,"play_id":"6bbff69c-87ae-4acf-b8af-b77abdbde5c9","local_time":"20190206212933","is_ascension_mode":false,"campfire_choices":[{"data":"Armaments","floor":6,"key":"SMITH"},{"data":"Iron Wave","floor":8,"key":"SMITH"},{"data":"Disarm","floor":15,"key":"SMITH"},{"data":"Flame Barrier","floor":23,"key":"SMITH"},{"floor":25,"key":"REST"},{"data":"Inflame","floor":30,"key":"SMITH"},{"floor":32,"key":"REST"},{"data":"Shrug It Off","floor":41,"key":"SMITH"}],"neow_cost":"NO_GOLD","seed_source_timestamp":564808939777436,"circlet_count":0,"master_deck":["Strike_R+1","Strike_R+1","Strike_R+1","Defend_R+1","Defend_R+1","Defend_R+1","Defend_R+1","Bash","Headbutt","Armaments+1","Iron Wave+1","Perfected Strike+1","Body Slam+1","Disarm+1","Spot Weakness+1","Inflame+1","Reaper+1","Wild Strike+1","Inflame","Flame Barrier+1","Feel No Pain","Disarm+1","Exhume+1","Sword Boomerang+1","Shrug It Off+1","Blood for Blood+1","True Grit+1"],"relics":["Burning Blood","Dodecahedron","Molten Egg 2","Vajra","Blood Vial","Black Star","Tiny Chest","Red Skull","Boot","Question Card","Mark of Pain","Frozen Egg 2","Centennial Puzzle","Old Coin","Mummified Hand","War Paint"],"potions_floor_usage":[7,22,35,37,44],"damage_taken":[{"damage":5,"enemies":"Jaw Worm","floor":1,"turns":4},{"damage":6,"enemies":"Small Slimes","floor":2,"turns":3},{"damage":0,"enemies":"2 Louse","floor":4,"turns":3},{"damage":1,"enemies":"Exordium Wildlife","floor":5,"turns":5},{"damage":9,"enemies":"3 Sentries","floor":7,"turns":8},{"damage":25,"enemies":"Gremlin Gang","floor":10,"turns":7},{"damage":7,"enemies":"Gremlin Nob","floor":11,"turns":3},{"damage":0,"enemies":"Looter","floor":12,"turns":2},{"damage":14,"enemies":"3 Sentries","floor":13,"turns":7},{"damage":6,"enemies":"Large Slime","floor":14,"turns":4},{"damage":24,"enemies":"The Guardian","floor":16,"turns":9},{"damage":15,"enemies":"Spheric Guardian","floor":18,"turns":4},{"damage":34,"enemies":"2 Thieves","floor":20,"turns":4},{"damage":43,"enemies":"3 Cultists","floor":22,"turns":6},{"damage":40,"enemies":"Book of Stabbing","floor":24,"turns":7},{"damage":5,"enemies":"Cultist and Chosen","floor":29,"turns":8},{"damage":8,"enemies":"Centurion and Healer","floor":31,"turns":7},{"damage":99,"enemies":"Automaton","floor":33,"turns":11},{"damage":0,"enemies":"3 Shapes","floor":35,"turns":11},{"damage":24,"enemies":"Orb Walker","floor":36,"turns":4},{"damage":23,"enemies":"Transient","floor":37,"turns":5},{"damage":37,"enemies":"Nemesis","floor":40,"turns":6},{"damage":6,"enemies":"Maw","floor":42,"turns":8},{"damage":78,"enemies":"Giant Head","floor":44,"turns":9}],"seed_played":"-5619851876207928999","potions_obtained":[{"floor":1,"key":"Swift Potion"},{"floor":10,"key":"FearPotion"},{"floor":11,"key":"Poison Potion"},{"floor":14,"key":"BloodPotion"},{"floor":24,"key":"FearPotion"},{"floor":29,"key":"Swift Potion"},{"floor":36,"key":"Strength Potion"}],"is_trial":false,"path_per_floor":["M","M","?","M","M","R","E","R","T","M","E","M","E","M","R","B",null,"M","$","M","?","M","R","E","R","T","?","?","M","R","M","R","B",null,"M","M","M","?","$","E","R","M","T","E"],"character_chosen":"IRONCLAD","items_purchased":["Inflame","Shrug It Off","Centennial Puzzle"],"campfire_rested":2,"item_purchase_floors":[19,39,39],"current_hp_per_floor":[96,96,89,95,96,96,93,93,93,74,73,79,71,73,73,57,96,87,87,63,63,49,49,28,56,56,56,56,68,68,68,96,23,96,96,78,76,76,76,74,74,76,76,0],"gold":519,"neow_bonus":"TWENTY_PERCENT_HP_BONUS","is_prod":false,"is_daily":false,"chose_seed":false,"campfire_upgraded":6,"win_rate":0,"timestamp":1549506573,"path_taken":["M","M","?","M","M","R","E","R","T","M","E","M","E","M","R","BOSS","M","$","M","?","M","R","E","R","T","?","?","?","R","M","R","BOSS","M","M","M","?","$","E","R","?","T","E"],"build_version":"2019-01-23","purchased_purges":2,"victory":false,"max_hp_per_floor":[96,96,96,96,96,96,96,96,96,96,96,96,96,96,96,96,96,96,96,96,96,96,96,96,96,96,96,96,96,96,96,96,96,96,96,96,96,96,96,96,96,96,96,96],"card_choices":[{"not_picked":["Feel No Pain","Shrug It Off"],"picked":"Headbutt","floor":1},{"not_picked":["Pommel Strike","Hemokinesis","Warcry"],"picked":"SKIP","floor":2},{"not_picked":["Twin Strike","Searing Blow"],"picked":"Armaments","floor":4},{"not_picked":["Evolve","Warcry"],"picked":"Iron Wave","floor":5},{"not_picked":["Thunderclap","Corruption","Body Slam"],"picked":"SKIP","floor":7},{"not_picked":["Rupture","Twin Strike+1"],"picked":"Perfected Strike+1","floor":10},{"not_picked":["Ghostly Armor","Havoc"],"picked":"Body Slam+1","floor":11},{"not_picked":["Cleave+1","Impervious"],"picked":"Disarm","floor":12},{"not_picked":["Dropkick+1","Headbutt+1"],"picked":"Spot Weakness","floor":13},{"not_picked":["Perfected Strike+1","Feel No Pain"],"picked":"Inflame","floor":14},{"not_picked":["Feed+1","Barricade"],"picked":"Reaper+1","floor":16},{"not_picked":["Clothesline+1","Intimidate"],"picked":"Wild Strike+1","floor":18},{"not_picked":["Bloodletting","Clothesline+1","Body Slam+1"],"picked":"SKIP","floor":20},{"not_picked":["Shrug It Off","Thunderclap+1"],"picked":"Flame Barrier","floor":22},{"not_picked":["Perfected Strike+1","Brutality","Havoc"],"picked":"SKIP","floor":24},{"not_picked":["Cleave+1","Clothesline+1","Uppercut+1"],"picked":"Feel No Pain","floor":29},{"not_picked":["Headbutt+1","Heavy Blade+1","Thunderclap+1"],"picked":"Disarm+1","floor":31},{"not_picked":["Berserk","Fiend Fire+1","Double Tap"],"picked":"Exhume","floor":33},{"not_picked":["Rupture+1","Heavy Blade+1","Perfected Strike+1"],"picked":"Sword Boomerang+1","floor":35},{"not_picked":["Warcry","Sword Boomerang+1","Headbutt+1","Sever Soul+1"],"picked":"SKIP","floor":36},{"not_picked":["Headbutt+1","Twin Strike+1","Warcry+1","Immolate+1"],"picked":"SKIP","floor":37},{"not_picked":["Clothesline+1","Body Slam+1","Rage"],"picked":"Blood for Blood+1","floor":40},{"not_picked":["Battle Trance+1","Armaments","Anger+1"],"picked":"True Grit+1","floor":42}],"player_experience":187957,"relics_obtained":[{"floor":7,"key":"Molten Egg 2"},{"floor":11,"key":"Vajra"},{"floor":13,"key":"Blood Vial"},{"floor":24,"key":"Red Skull"},{"floor":24,"key":"Boot"},{"floor":26,"key":"Question Card"},{"floor":40,"key":"Old Coin"},{"floor":40,"key":"Mummified Hand"},{"floor":43,"key":"War Paint"}],"event_choices":[{"damage_healed":0,"gold_gain":0,"player_choice":"Success","damage_taken":7,"relics_obtained":["Dodecahedron"],"max_hp_gain":0,"max_hp_loss":0,"event_name":"Scrap Ooze","floor":3,"gold_loss":0},{"damage_healed":0,"gold_gain":0,"player_choice":"Obtained Relic","damage_taken":0,"relics_obtained":["Tiny Chest"],"max_hp_gain":0,"max_hp_loss":0,"event_name":"Addict","floor":21,"gold_loss":85},{"damage_healed":0,"gold_gain":0,"player_choice":"Simplicity","damage_taken":0,"max_hp_gain":0,"max_hp_loss":0,"event_name":"Back to Basics","floor":27,"gold_loss":0,"cards_upgraded":["Strike_R","Strike_R","Strike_R","Strike_R","Defend_R","Defend_R","Defend_R","Defend_R"]},{"damage_healed":0,"gold_gain":99,"player_choice":"Stole From Cult","damage_taken":0,"max_hp_gain":0,"max_hp_loss":0,"event_name":"Nest","floor":28,"gold_loss":0},{"damage_healed":0,"gold_gain":0,"player_choice":"Gave Potion","damage_taken":0,"relics_obtained":["Frozen Egg 2"],"max_hp_gain":0,"max_hp_loss":0,"event_name":"WeMeetAgain","floor":38,"gold_loss":0}],"is_beta":false,"boss_relics":[{"not_picked":["Ectoplasm","Runic Pyramid"],"picked":"Black Star"},{"not_picked":["Runic Dome","Black Blood"],"picked":"Mark of Pain"}],"items_purged_floors":[19,39],"is_endless":false,"potions_floor_spawned":[1,10,11,14,16,18,24,29,36],"killed_by":"Giant Head","ascension_level":0}