{"gold_per_floor":[99,99,99,99,46,46,46,46,46,46,46,46,46,46,46,46,46,0,0,0,0,0,0,0,0,0,0,0,0,0,0,0,0,0,0,0,0,0,0,0,0,0,0,0,0,0,0,0,0,0,0],"floor_reached":52,"playtime":3115,"items_purged":[],"score":1917,"play_id":"873ad3c6-31fc-4a7a-8396-5b80f5af6e20","local_time":"20190202224115","is_ascension_mode":true,"campfire_choices":[{"data":"Catalyst","floor":6.0,"key":"SMITH"},{"data":"Deadly Poison","floor":10.0,"key":"SMITH"},{"data":"Skewer","floor":12.0,"key":"SMITH"},{"floor":15.0,"key":"REST"},{"data":"Wraith Form v2","floor":23.0,"key":"SMITH"},{"floor":27.0,"key":"REST"},{"floor":32.0,"key":"REST"},{"floor":41.0,"key":"REST"},{"data":"Leg Sweep","floor":46,"key":"SMITH"},{"data":"Leg Sweep","floor":49,"key":"SMITH"}],"neow_cost":"NONE","seed_source_timestamp":106169250581200,"circlet_count":0,"master_deck":["AscendersBane","Defend_G+1","Defend_G+1","Defend_G+1","Defend_G+1","Defend_G+1","Strike_G+1","Strike_G+1","Strike_G+1","Strike_G+1","Strike_G+1","Survivor+1","Neutralize","Terror","Catalyst+1","Deadly Poison+1","Backflip+1","Skewer+1","Dagger Spray","Wraith Form v2+1","Footwork+1","Footwork+1","Flechettes","Blur","Leg Sweep+1","Night Terror","Leg Sweep+1","Acrobatics","Blur"],"special_seed":0,"relics":["Ectoplasm","Potion Belt","Ancient Tea Set","Snecko Eye","Oddly Smooth Stone","War Paint","Ice Cream","Strawberry","Eternal Feather","Bottled Lightning","Dream Catcher","Gambling Chip"],"potions_floor_usage":[42,42,51,51],"damage_taken":[{"damage":0.0,"enemies":"2 Louse","floor":1.0,"turns":3.0},{"damage":2.0,"enemies":"Jaw Worm","floor":4.0,"turns":4.0},{"damage":1.0,"enemies":"Cultist","floor":8.0,"turns":4.0},{"damage":12.0,"enemies":"Lagavulin","floor":11.0,"turns":6.0},{"damage":1.0,"enemies":"Exordium Wildlife","floor":13.0,"turns":3.0},{"damage":19.0,"enemies":"Exordium Thugs","floor":14.0,"turns":5.0},{"damage":0.0,"enemies":"Slime Boss","floor":16.0,"turns":7.0},{"damage":18.0,"enemies":"2 Thieves","floor":18.0,"turns":4.0},{"damage":6.0,"enemies":"Spheric Guardian","floor":22.0,"turns":6.0},{"damage":6.0,"enemies":"Book of Stabbing","floor":24.0,"turns":4.0},{"damage":4.0,"enemies":"Cultist and Chosen","floor":28.0,"turns":5.0},{"damage":29.0,"enemies":"Slavers","floor":29.0,"turns":8.0},{"damage":5.0,"enemies":"Centurion and Healer","floor":30.0,"turns":6.0},{"damage":1.0,"enemies":"Champ","floor":33.0,"turns":13.0},{"damage":7.0,"enemies":"3 Shapes","floor":35.0,"turns":6.0},{"damage":0.0,"enemies":"Orb Walker","floor":38.0,"turns":3.0},{"damage":33.0,"enemies":"Giant Head","floor":40.0,"turns":9.0},{"damage":14,"enemies":"Reptomancer","floor":42,"turns":9},{"damage":0,"enemies":"Sphere and 2 Shapes","floor":44,"turns":8},{"damage":0,"enemies":"Spire Growth","floor":47,"turns":5},{"damage":9,"enemies":"Time Eater","floor":50,"turns":16},{"damage":8,"enemies":"Awakened One","floor":51,"turns":34}],"seed_played":"766331386876173800","potions_obtained":[{"floor":3.0,"key":"FairyPotion"},{"floor":3.0,"key":"GamblersBrew"},{"floor":8.0,"key":"Regen Potion"},{"floor":13.0,"key":"Energy Potion"},{"floor":14.0,"key":"GhostInAJar"},{"floor":28.0,"key":"SteroidPotion"},{"floor":33.0,"key":"Poison Potion"},{"floor":40.0,"key":"Fire Potion"},{"floor":42,"key":"FairyPotion"},{"floor":44,"key":"Dexterity Potion"}],"is_trial":false,"path_per_floor":["M","?","?","M","$","R","?","M","T","R","E","R","M","M","R","B",null,"M","?","?","$","M","R","E","$","T","R","M","E","M","T","R","B",null,"M","?","$","M","?","E","R","E","T","M","?","R","M","?","R","B","B",null],"character_chosen":"THE_SILENT","items_purchased":["Deadly Poison"],"campfire_rested":4,"item_purchase_floors":[5],"current_hp_per_floor":[59,59,59,57,57,57,57,56,56,56,57,57,56,37,56,56,64,46,46,46,46,40,40,34,34,34,53,49,20,15,22,43,42,65,58,58,58,58,58,25,61,47,47,47,47,62,62,62,73,64,56],"gold":0,"neow_bonus":"BOSS_RELIC","is_prod":false,"is_daily":false,"chose_seed":false,"campfire_upgraded":6,"win_rate":0,"timestamp":1549165275,"path_taken":["M","?","?","?","$","R","?","?","T","R","E","R","M","M","R","BOSS","M","?","?","$","M","R","E","$","T","R","M","E","M","?","R","BOSS","M","?","$","M","?","E","R","E","T","?","?","R","?","?","R","BOSS","BOSS"],"build_version":"2019-01-23","purchased_purges":0,"victory":true,"max_hp_per_floor":[66,66,66,66,66,66,66,66,66,66,66,66,66,66,66,66,66,66,66,66,66,66,66,66,66,66,66,66,66,66,73,73,73,73,73,73,73,73,73,73,73,73,73,73,73,73,73,73,73,73,73],"card_choices":[{"not_picked":["Bane","Dodge and Roll"],"picked":"Terror","floor":1.0},{"not_picked":["Terror","Calculated Gamble"],"picked":"Catalyst","floor":4.0},{"not_picked":["Flying Knee","Bane"],"picked":"Backflip","floor":8.0},{"not_picked":["Escape Plan","Setup"],"picked":"Skewer","floor":11.0},{"not_picked":["Dodge and Roll","Bane"],"picked":"Poisoned Stab","floor":13.0},{"not_picked":["Prepared","Deadly Poison"],"picked":"Dagger Spray","floor":14.0},{"not_picked":["Envenom","Tools of the Trade"],"picked":"Wraith Form v2","floor":16.0},{"not_picked":["Predator","Flying Knee"],"picked":"Footwork+1","floor":18.0},{"not_picked":["Underhanded Strike","Quick Slash"],"picked":"Footwork","floor":22.0},{"not_picked":["Prepared","Terror"],"picked":"Flechettes","floor":24.0},{"not_picked":["PiercingWail","Flying Knee"],"picked":"Blur","floor":28.0},{"not_picked":["Riddle With Holes","Well Laid Plans","Concentrate"],"picked":"SKIP","floor":29.0},{"not_picked":["Noxious Fumes","Flying Knee"],"picked":"Leg Sweep","floor":30.0},{"not_picked":["Wraith Form v2","Doppelganger"],"picked":"Night Terror","floor":33.0},{"not_picked":["Dagger Spray","Flying Knee","Blade Dance"],"picked":"SKIP","floor":35.0},{"not_picked":["Skewer+1","Dagger Throw"],"picked":"Leg Sweep","floor":38.0},{"not_picked":["Flying Knee","Deflect"],"picked":"Acrobatics","floor":40.0},{"not_picked":["Bane","Glass Knife","Sucker Punch+1"],"picked":"SKIP","floor":42},{"not_picked":["Backstab","Accuracy","Slice"],"picked":"SKIP","floor":44},{"not_picked":["Quick Slash","Terror"],"picked":"Blur","floor":47}],"player_experience":2005449,"relics_obtained":[{"floor":9.0,"key":"Potion Belt"},{"floor":11.0,"key":"Ancient Tea Set"},{"floor":24.0,"key":"Oddly Smooth Stone"},{"floor":26.0,"key":"War Paint"},{"floor":29.0,"key":"Ice Cream"},{"floor":31.0,"key":"Strawberry"},{"floor":40.0,"key":"Bottled Lightning"},{"floor":42,"key":"Dream Catcher"},{"floor":43,"key":"Gambling Chip"}],"event_choices":[{"damage_healed":0.0,"max_hp_gain":0.0,"max_hp_loss":0.0,"gold_gain":0.0,"event_name":"Golden Idol","player_choice":"Ignored","floor":2.0,"gold_loss":0.0,"damage_taken":0.0},{"damage_healed":0.0,"max_hp_gain":0.0,"max_hp_loss":0.0,"gold_gain":0.0,"event_name":"Lab","player_choice":"Got Potions","floor":3.0,"gold_loss":0.0,"damage_taken":0.0},{"damage_healed":0.0,"max_hp_gain":0.0,"max_hp_loss":0.0,"gold_gain":50.0,"event_name":"Golden Shrine","player_choice":"Pray","floor":7.0,"gold_loss":0.0,"damage_taken":0.0},{"damage_healed":0.0,"max_hp_gain":0.0,"max_hp_loss":0.0,"gold_gain":0.0,"event_name":"Back to Basics","player_choice":"Simplicity","floor":19.0,"gold_loss":0.0,"damage_taken":0.0,"cards_upgraded":["Defend_G","Defend_G","Defend_G","Defend_G","Defend_G","Strike_G","Strike_G","Strike_G","Strike_G","Strike_G"]},{"damage_healed":0.0,"max_hp_gain":0.0,"max_hp_loss":0.0,"gold_gain":0.0,"event_name":"The Mausoleum","player_choice":"Ignored","floor":20.0,"gold_loss":0.0,"damage_taken":0.0},{"damage_healed":0.0,"max_hp_gain":0.0,"max_hp_loss":0.0,"gold_gain":0.0,"event_name":"Mysterious Sphere","player_choice":"Ignored","floor":36.0,"gold_loss":0.0,"damage_taken":0.0},{"damage_healed":0.0,"max_hp_gain":0.0,"max_hp_loss":0.0,"gold_gain":0.0,"event_name":"Accursed Blacksmith","player_choice":"Forge","floor":39.0,"gold_loss":0.0,"damage_taken":0.0,"cards_upgraded":["Footwork"]},{"damage_healed":0,"gold_gain":0,"player_choice":"Leave","damage_taken":0,"max_hp_gain":0,"max_hp_loss":0,"event_name":"FaceTrader","floor":45,"gold_loss":0},{"cards_removed":["Poisoned Stab"],"damage_healed":0,"gold_gain":0,"player_choice":"Removed Attack","damage_taken":0,"max_hp_gain":0,"max_hp_loss":0,"event_name":"Falling","floor":48,"gold_loss":0}],"is_beta":true,"boss_relics":[{"not_picked":["Busted Crown","Lizard Tail"],"picked":"Snecko Eye"},{"not_picked":["Coffee Dripper","Sozu"],"picked":"Eternal Feather"}],"items_purged_floors":[],"is_endless":false,"potions_floor_spawned":[8,13,14,28,33,40,42,44],"ascension_level":20}