{"gold_per_floor":[20,34,51,66,66,99,24,24,24,51,80,109,109,122,122,219,219,237,248,248,218,143,143,154,164,218,237,249,249,269,269,269,269],"floor_reached":33,"playtime":2949,"items_purged":["Strike_B"],"score":319,"play_id":"1f716dfa-6882-4c66-8f78-b828a420dd54","local_time":"20181001062718","is_ascension_mode":true,"campfire_choices":[{"floor":8,"key":"REST"},{"floor":13,"key":"REST"},{"floor":15,"key":"REST"},{"floor":23,"key":"REST"},{"floor":29,"key":"REST"},{"floor":32,"key":"REST"}],"neow_cost":"NO_GOLD","seed_source_timestamp":1488899878859157,"circlet_count":0,"master_deck":["Strike_B","Strike_B","Defend_B","Defend_B","Defend_B","Defend_B","Zap","Dualcast","Melter","Chill","Streamline","Leap","Conserve Battery","Ball Lightning","Cold Snap","Ball Lightning","All For One","Leap","Gash","Consume","Scrape+1","Coolheaded+1","Double Energy","Reboot","Static Discharge"],"relics":["Cracked Core","StoneCalendar","WingedGreaves","Kunai","Sundial","Letter Opener","Meat on the Bone","Omamori","Inserter","Tiny Chest"],"potions_floor_usage":[6,11,16,16,18,24,24,27,33],"damage_taken":[{"damage":6,"enemies":"Jaw Worm","floor":1,"turns":4},{"damage":6,"enemies":"2 Louse","floor":2,"turns":2},{"damage":0,"enemies":"Cultist","floor":3,"turns":3},{"damage":2,"enemies":"Exordium Wildlife","floor":4,"turns":6},{"damage":15,"enemies":"Lagavulin","floor":6,"turns":6},{"damage":0,"enemies":"3 Sentries","floor":10,"turns":7},{"damage":12,"enemies":"Lagavulin","floor":11,"turns":6},{"damage":31,"enemies":"Gremlin Nob","floor":12,"turns":5},{"damage":6,"enemies":"2 Fungi Beasts","floor":14,"turns":4},{"damage":17,"enemies":"Hexaghost","floor":16,"turns":8},{"damage":11,"enemies":"Shell Parasite","floor":18,"turns":5},{"damage":20,"enemies":"3 Byrds","floor":19,"turns":7},{"damage":34,"enemies":"Cultist and Chosen","floor":24,"turns":7},{"damage":18,"enemies":"3 Cultists","floor":25,"turns":7},{"damage":16,"enemies":"Chosen and Byrds","floor":27,"turns":7},{"damage":26,"enemies":"Shelled Parasite and Fungi","floor":28,"turns":6},{"damage":16,"enemies":"3 Cultists","floor":30,"turns":6},{"damage":70,"enemies":"Collector","floor":33,"turns":9}],"seed_played":"1187032435824301723","potions_obtained":[{"floor":1,"key":"Swift Potion"},{"floor":2,"key":"Strength Potion"},{"floor":6,"key":"SpeedPotion"},{"floor":12,"key":"SkillPotion"},{"floor":14,"key":"SteroidPotion"},{"floor":18,"key":"FairyPotion"},{"floor":21,"key":"SkillPotion"},{"floor":21,"key":"Poison Potion"},{"floor":25,"key":"Weak Potion"},{"floor":30,"key":"Fire Potion"}],"is_trial":false,"path_per_floor":["M","M","M","M","?","E","$","R","T","E","E","E","R","M","R","B",null,"M","M","?","?","?","R","M","M","T","M","M","R","M","?","R"],"character_chosen":"DEFECT","items_purchased":[],"campfire_rested":6,"item_purchase_floors":[],"current_hp_per_floor":[69,63,63,61,54,39,39,61,61,61,49,30,52,46,68,51,75,64,44,30,30,30,54,32,26,26,22,18,42,38,38,62,0],"gold":269,"neow_bonus":"ONE_RARE_RELIC","is_prod":false,"is_daily":false,"chose_seed":false,"campfire_upgraded":0,"win_rate":0,"timestamp":1538389638,"path_taken":["M","M","M","M","?","E","?","R","T","E","E","E","R","M","R","BOSS","M","M","?","?","?","R","M","M","T","?","M","R","M","?","R","BOSS"],"build_version":"2018-09-27","purchased_purges":1,"victory":false,"max_hp_per_floor":[75,75,75,75,75,75,75,75,75,75,75,75,75,75,75,75,75,75,75,80,80,80,80,80,80,80,80,80,80,80,80,80,80],"card_choices":[{"not_picked":["Coolheaded","Steam"],"picked":"Melter","floor":1},{"not_picked":["Chaos","Go for the Eyes"],"picked":"Chill","floor":2},{"not_picked":["Gash","Barrage"],"picked":"Streamline","floor":3},{"not_picked":["Beam Cell","Steam"],"picked":"Leap","floor":4},{"not_picked":["Sunder","Multi-Cast"],"picked":"Fusion","floor":6},{"not_picked":["Aggregate","Melter"],"picked":"Conserve Battery","floor":10},{"not_picked":["Sunder","Streamline"],"picked":"Ball Lightning","floor":11},{"not_picked":["Chaos","Darkness"],"picked":"Cold Snap","floor":12},{"not_picked":["Conserve Battery","Cold Snap"],"picked":"Ball Lightning","floor":14},{"not_picked":["Hyperbeam","Meteor Strike"],"picked":"All For One","floor":16},{"not_picked":["Capacitor","Turbo"],"picked":"Leap","floor":18},{"not_picked":["Chaos","Lockon"],"picked":"Leap+1","floor":19},{"not_picked":["Reinforced Body","Melter"],"picked":"Gash","floor":24},{"not_picked":["Steam","Barrage"],"picked":"Consume","floor":25},{"not_picked":["Stack","Aggregate"],"picked":"Leap","floor":27},{"not_picked":["Turbo","Cold Snap"],"picked":"Scrape+1","floor":28},{"not_picked":["Auto Shields","Barrage"],"picked":"Coolheaded+1","floor":30}],"player_experience":138928,"relics_obtained":[{"floor":6,"key":"Kunai"},{"floor":9,"key":"Sundial"},{"floor":10,"key":"Letter Opener"},{"floor":11,"key":"Meat on the Bone"},{"floor":12,"key":"Omamori"},{"floor":26,"key":"Tiny Chest"}],"event_choices":[{"event_name":"Scrap Ooze","player_choice":"success","floor":5,"damage_taken":7},{"event_name":"Forgotten Altar","player_choice":"Shed Blood","floor":20,"damage_taken":0},{"event_name":"The Woman in Blue","player_choice":"Bought 2 Potions","floor":21,"damage_taken":0},{"event_name":"Beggar","player_choice":"Gave Gold","floor":22,"damage_taken":0},{"event_name":"Drug Dealer","player_choice":"Became Test Subject","floor":31,"damage_taken":0}],"is_beta":false,"boss_relics":[{"not_picked":["Sozu","Empty Cage"],"picked":"Inserter"}],"items_purged_floors":[7],"is_endless":false,"potions_floor_spawned":[1,2,6,12,14,18,25,30],"killed_by":"Collector","ascension_level":1}