{"gold_per_floor":[115,115,15,15,34,59,59,59,59,84,108,122,85,103,103,222,222,191,191,191,205,205],"floor_reached":22,"playtime":1297,"items_purged":["Strike_G"],"score":264,"play_id":"ce25206c-9b85-4311-a8a3-5499b3926ce3","local_time":"20190131103741","is_ascension_mode":true,"campfire_choices":[{"data":"Neutralize","floor":8,"key":"SMITH"},{"data":"Footwork","floor":15,"key":"SMITH"}],"neow_cost":"NONE","seed_source_timestamp":84444624609848,"circlet_count":0,"master_deck":["Defend_G+1","Defend_G+1","Defend_G+1","Defend_G+1","Defend_G+1","Strike_G+1","Strike_G+1","Strike_G+1","Survivor","Neutralize+1","Leg Sweep","Blade Dance","Slice","Footwork+1","Footwork","Cloak And Dagger","Catalyst","Acrobatics","Well Laid Plans","Adrenaline","After Image","Catalyst","Outmaneuver","Crippling Poison","Blur","Calculated Gamble","Blade Dance","Necronomicurse","Catalyst+1"],"relics":["Ring of the Snake","NeowsBlessing","Matryoshka","Golden Idol","Dream Catcher","Lantern","Orrery","Necronomicon"],"potions_floor_usage":[22],"damage_taken":[{"damage":0,"enemies":"2 Louse","floor":1,"turns":1},{"damage":0,"enemies":"Small Slimes","floor":5,"turns":1},{"damage":0,"enemies":"Lagavulin","floor":6,"turns":1},{"damage":0,"enemies":"Jaw Worm","floor":10,"turns":6},{"damage":0,"enemies":"3 Louse","floor":11,"turns":5},{"damage":0,"enemies":"Large Slime","floor":12,"turns":10},{"damage":5,"enemies":"Exordium Thugs","floor":14,"turns":9},{"damage":18,"enemies":"The Guardian","floor":16,"turns":21},{"damage":16,"enemies":"2 Thieves","floor":18,"turns":5},{"damage":0,"enemies":"Shell Parasite","floor":21,"turns":7},{"damage":27,"enemies":"Cultist and Chosen","floor":22,"turns":7}],"seed_played":"-7063894128542081542","potions_obtained":[{"floor":6,"key":"Strength Potion"},{"floor":11,"key":"Energy Potion"},{"floor":12,"key":"Ancient Potion"},{"floor":16,"key":"GhostInAJar"},{"floor":21,"key":"EntropicBrew"}],"is_trial":false,"path_per_floor":["M","?","$","?","M","E","?","R","T","M","M","M","$","M","R","B",null,"M","?","?","M","M"],"character_chosen":"THE_SILENT","items_purchased":["Blade Dance","Well Laid Plans"],"campfire_rested":0,"item_purchase_floors":[3,13],"current_hp_per_floor":[70,56,56,56,56,56,56,56,56,56,56,56,56,51,51,33,57,41,41,25,25,0],"gold":205,"neow_bonus":"THREE_ENEMY_KILL","is_prod":false,"is_daily":false,"chose_seed":false,"campfire_upgraded":2,"win_rate":0,"timestamp":1548898661,"path_taken":["M","?","$","?","M","E","?","R","T","M","M","M","?","M","R","BOSS","M","?","?","?","M"],"build_version":"2019-01-23","purchased_purges":1,"victory":false,"max_hp_per_floor":[70,70,70,70,70,70,65,65,65,65,65,65,65,65,65,65,65,65,65,65,65,65],"card_choices":[{"not_picked":["Deflect","PiercingWail"],"picked":"Leg Sweep","floor":1},{"not_picked":["Quick Slash","Deadly Poison"],"picked":"Footwork","floor":5},{"not_picked":["Endless Agony","Acrobatics"],"picked":"Footwork","floor":6},{"not_picked":["Outmaneuver","Quick Slash"],"picked":"Cloak And Dagger","floor":10},{"not_picked":["Underhanded Strike","Distraction"],"picked":"Catalyst","floor":11},{"not_picked":["Deflect","Endless Agony"],"picked":"Acrobatics","floor":12},{"not_picked":["Slice","Heel Hook"],"picked":"Adrenaline","floor":14},{"not_picked":["A Thousand Cuts","Adrenaline"],"picked":"After Image","floor":16},{"not_picked":["Slice","Infinite Blades"],"picked":"Catalyst","floor":17},{"not_picked":["Concentrate","Underhanded Strike"],"picked":"Outmaneuver","floor":17},{"not_picked":["Dagger Throw","Setup"],"picked":"Crippling Poison","floor":17},{"not_picked":["Flechettes","Slice"],"picked":"Blur","floor":17},{"not_picked":["Sucker Punch","Heel Hook"],"picked":"Calculated Gamble","floor":17},{"not_picked":["Setup","Dodge and Roll"],"picked":"Blade Dance","floor":18},{"not_picked":["Underhanded Strike","Backflip"],"picked":"Catalyst+1","floor":21}],"player_experience":853403,"relics_obtained":[{"floor":6,"key":"Matryoshka"},{"floor":9,"key":"Dream Catcher"},{"floor":9,"key":"Lantern"},{"floor":20,"key":"Necronomicon"}],"event_choices":[{"damage_healed":0,"gold_gain":0,"player_choice":"Entered Light","damage_taken":14,"max_hp_gain":0,"max_hp_loss":0,"event_name":"Shining Light","floor":2,"gold_loss":0,"cards_upgraded":["Defend_G","Strike_G"]},{"damage_healed":0,"gold_gain":0,"cards_transformed":["Strike_G"],"player_choice":"Change","damage_taken":0,"max_hp_gain":0,"max_hp_loss":0,"event_name":"Living Wall","floor":4,"gold_loss":0,"cards_obtained":["Slice"]},{"damage_healed":0,"gold_gain":0,"player_choice":"Lose Max HP","damage_taken":0,"relics_obtained":["Golden Idol"],"max_hp_gain":0,"max_hp_loss":5,"event_name":"Golden Idol","floor":7,"gold_loss":0},{"damage_healed":0,"gold_gain":0,"player_choice":"Simplicity","damage_taken":0,"max_hp_gain":0,"max_hp_loss":0,"event_name":"Back to Basics","floor":19,"gold_loss":0,"cards_upgraded":["Defend_G","Defend_G","Defend_G","Defend_G","Strike_G","Strike_G"]},{"damage_healed":0,"gold_gain":0,"player_choice":"Obtained Book","damage_taken":16,"max_hp_gain":0,"max_hp_loss":0,"event_name":"Cursed Tome","floor":20,"gold_loss":0}],"is_beta":false,"boss_relics":[{"not_picked":["Runic Dome","Snecko Eye"],"picked":"Orrery"}],"items_purged_floors":[3],"is_endless":false,"potions_floor_spawned":[6,11,12,16,21],"killed_by":"Cultist and Chosen","ascension_level":5}