{"gold_per_floor":[111,111,286,286,47,77,77,103,103,167,177,177,191,208,208,303,303,321,246,257,277,296,296],"floor_reached":23,"playtime":1008,"items_purged":["Strike_B"],"score":326,"play_id":"e9b89fa7-7ae9-4125-9791-277a379f0658","local_time":"20181206190019","is_ascension_mode":true,"campfire_choices":[{"data":"Conserve Battery","floor":7,"key":"SMITH"},{"data":"White Noise","floor":12,"key":"SMITH"},{"data":"Glacier","floor":15,"key":"SMITH"}],"neow_cost":"NONE","seed_source_timestamp":510751558167981,"circlet_count":0,"master_deck":["Strike_B","Strike_B","Strike_B","Defend_B","Defend_B","Defend_B","Defend_B","Zap","Dualcast","Conserve Battery+1","Streamline+1","Streamline+1","White Noise+1","Go for the Eyes+1","Streamline+1","Glacier+1","All For One+1","Go for the Eyes+1","Rebound+1","Leap"],"relics":["Cracked Core","NeowsBlessing","Molten Egg 2","Omamori","Meat on the Bone","Bottled Flame","Tiny Chest","Cursed Key"],"potions_floor_usage":[21,21],"damage_taken":[{"damage":0,"enemies":"Jaw Worm","floor":1,"turns":1},{"damage":0,"enemies":"Lagavulin","floor":6,"turns":1},{"damage":0,"enemies":"3 Sentries","floor":8,"turns":1},{"damage":25,"enemies":"Lagavulin","floor":10,"turns":5},{"damage":0,"enemies":"Small Slimes","floor":11,"turns":2},{"damage":0,"enemies":"2 Louse","floor":13,"turns":2},{"damage":12,"enemies":"Exordium Wildlife","floor":14,"turns":2},{"damage":18,"enemies":"Hexaghost","floor":16,"turns":9},{"damage":22,"enemies":"3 Byrds","floor":18,"turns":6},{"damage":13,"enemies":"Shell Parasite","floor":20,"turns":4},{"damage":28,"enemies":"Centurion and Healer","floor":21,"turns":6},{"damage":0,"enemies":"Snecko","floor":22,"turns":3},{"damage":45,"enemies":"Gremlin Leader","floor":23,"turns":6}],"seed_played":"4909624039806056681","potions_obtained":[{"floor":6,"key":"EssenceOfSteel"},{"floor":10,"key":"Ancient Potion"},{"floor":11,"key":"Strength Potion"},{"floor":16,"key":"SkillPotion"}],"is_trial":false,"path_per_floor":["M","?","?","?","$","E","R","E","T","E","M","R","M","M","R","B",null,"M","$","M","M","M","E"],"character_chosen":"DEFECT","items_purchased":["Molten Egg 2"],"campfire_rested":0,"item_purchase_floors":[5],"current_hp_per_floor":[75,75,75,75,75,75,75,75,75,50,50,50,50,38,38,32,64,42,42,41,25,37,0],"gold":296,"neow_bonus":"THREE_ENEMY_KILL","is_prod":false,"is_daily":false,"chose_seed":false,"campfire_upgraded":3,"win_rate":0,"timestamp":1544140819,"path_taken":["M","?","?","?","$","E","R","E","T","E","M","R","M","M","R","BOSS","M","$","M","M","M","E"],"build_version":"2018-11-15","purchased_purges":1,"victory":false,"max_hp_per_floor":[75,75,75,75,75,75,75,75,75,75,75,75,75,75,75,75,75,75,75,75,75,75,75],"card_choices":[{"not_picked":["Cold Snap","Steam"],"picked":"Conserve Battery","floor":1},{"not_picked":["Lockon+1","Barrage+1"],"picked":"Streamline+1","floor":6},{"not_picked":["Genetic Algorithm","Steam Power"],"picked":"Streamline+1","floor":8},{"not_picked":["Compile Driver+1","Seek"],"picked":"White Noise","floor":10},{"not_picked":["Conserve Battery","Steam Power"],"picked":"Go for the Eyes+1","floor":11},{"not_picked":["Chaos","Redo"],"picked":"Streamline+1","floor":13},{"not_picked":["BootSequence","Melter+1"],"picked":"Glacier","floor":14},{"not_picked":["Seek","Electrodynamics"],"picked":"All For One+1","floor":16},{"not_picked":["Glacier+1","Coolheaded"],"picked":"Go for the Eyes+1","floor":18},{"not_picked":["Hello World","Defragment","Force Field+1"],"picked":"SKIP","floor":20},{"not_picked":["Hologram","Compile Driver+1"],"picked":"Rebound+1","floor":21},{"not_picked":["Loop","Stack"],"picked":"Leap","floor":22}],"player_experience":285280,"relics_obtained":[{"floor":6,"key":"Omamori"},{"floor":8,"key":"Meat on the Bone"},{"floor":9,"key":"Bottled Flame"},{"floor":10,"key":"Tiny Chest"}],"event_choices":[{"damage_healed":0,"gold_gain":0,"player_choice":"Ignored","damage_taken":0,"max_hp_gain":0,"max_hp_loss":0,"event_name":"Golden Wing","floor":2,"gold_loss":0},{"damage_healed":0,"gold_gain":175,"player_choice":"AGREE","damage_taken":0,"max_hp_gain":0,"max_hp_loss":0,"event_name":"Liars Game","floor":3,"gold_loss":0,"cards_obtained":["Doubt"]},{"cards_removed":["Doubt"],"damage_healed":0,"gold_gain":0,"player_choice":"Forget","damage_taken":0,"max_hp_gain":0,"max_hp_loss":0,"event_name":"Living Wall","floor":4,"gold_loss":0}],"is_beta":false,"boss_relics":[{"not_picked":["Calling Bell","Tiny House"],"picked":"Cursed Key"}],"items_purged_floors":[19],"is_endless":false,"potions_floor_spawned":[6,10,11,16,18],"killed_by":"Gremlin Leader","ascension_level":5}