{"gold_per_floor":[117,133,133,133,147,147,172,43,68,84,97,97,97],"floor_reached":13,"playtime":556,"items_purged":[],"score":106,"play_id":"dcbd0a16-ff29-4f7a-9eb9-646447fe7628","local_time":"20190207234952","is_ascension_mode":true,"campfire_choices":[{"data":"Cleave","floor":6,"key":"SMITH"},{"floor":12,"key":"REST"}],"neow_cost":"NONE","seed_source_timestamp":558399457402083,"circlet_count":0,"master_deck":["Strike_R","Strike_R","Strike_R","Strike_R","Defend_R+1","Defend_R","Defend_R","Defend_R","Bash","Burning Pact","Evolve+1","Cleave+1","Twin Strike","Blood for Blood","True Grit","Feel No Pain","Warcry","Ghostly Armor"],"relics":["Burning Blood","Bag of Preparation","Blood Vial"],"potions_floor_usage":[],"damage_taken":[{"damage":4,"enemies":"Cultist","floor":1,"turns":5},{"damage":0,"enemies":"2 Louse","floor":2,"turns":4},{"damage":6,"enemies":"Jaw Worm","floor":5,"turns":5},{"damage":28,"enemies":"Gremlin Nob","floor":7,"turns":4},{"damage":35,"enemies":"Exordium Thugs","floor":10,"turns":6},{"damage":12,"enemies":"2 Fungi Beasts","floor":11,"turns":3},{"damage":43,"enemies":"Lagavulin","floor":13,"turns":7}],"seed_played":"7830585129111743346","potions_obtained":[{"floor":1,"key":"Poison Potion"},{"floor":5,"key":"Weak Potion"},{"floor":7,"key":"Ancient Potion"}],"is_trial":false,"path_per_floor":["M","M","?","?","M","R","E","$","T","M","M","R","E"],"character_chosen":"IRONCLAD","items_purchased":["True Grit","Feel No Pain"],"campfire_rested":1,"item_purchase_floors":[8,8],"current_hp_per_floor":[80,80,64,69,69,69,47,47,47,20,16,41,0],"gold":97,"neow_bonus":"TRANSFORM_CARD","is_prod":false,"is_daily":false,"chose_seed":false,"campfire_upgraded":1,"win_rate":0,"timestamp":1549579792,"path_taken":["M","M","?","?","M","R","E","?","T","M","M","R","E"],"build_version":"2019-01-23","purchased_purges":0,"victory":false,"max_hp_per_floor":[80,80,80,85,85,85,85,85,85,85,85,85,85],"card_choices":[{"not_picked":["Clash","Blood for Blood"],"picked":"Evolve","floor":1},{"not_picked":["Armaments","Feel No Pain"],"picked":"Cleave","floor":2},{"not_picked":["Searing Blow","Perfected Strike"],"picked":"Twin Strike","floor":5},{"not_picked":["Hemokinesis","Cleave"],"picked":"Blood for Blood","floor":7},{"not_picked":["Hemokinesis","Thunderclap"],"picked":"Warcry","floor":10},{"not_picked":["Brutality","Clothesline"],"picked":"Ghostly Armor","floor":11}],"player_experience":594319,"relics_obtained":[{"floor":7,"key":"Bag of Preparation"},{"floor":9,"key":"Blood Vial"}],"event_choices":[{"damage_healed":0,"gold_gain":0,"player_choice":"Entered Light","damage_taken":16,"max_hp_gain":0,"max_hp_loss":0,"event_name":"Shining Light","floor":3,"gold_loss":0,"cards_upgraded":["Evolve","Defend_R"]},{"damage_healed":0,"gold_gain":0,"player_choice":"Donut","damage_taken":0,"max_hp_gain":5,"max_hp_loss":0,"event_name":"Big Fish","floor":4,"gold_loss":0}],"is_beta":false,"boss_relics":[],"items_purged_floors":[],"is_endless":false,"potions_floor_spawned":[1,5,7],"killed_by":"Lagavulin","ascension_level":5}