{"gold_per_floor":[110,15,27,27,44,56,90,90,117,117,117,143,161,175,175,254,254,265,284,284,310,310,310,343,356,405,405,330,353,365,4,4,80,80,91,102,122,122,72,72,82,82,82,12,32,32,60,73,73,73],"floor_reached":50,"playtime":3325,"items_purged":["Caltrops","Quick Slash","Dagger Spray"],"score":1029,"play_id":"2b0edc39-67aa-4106-bbf3-78a088ba7e0e","local_time":"20181128033805","is_ascension_mode":true,"campfire_choices":[{"data":"Predator","floor":8,"key":"SMITH"},{"floor":11,"key":"REST"},{"floor":15,"key":"REST"},{"data":"Footwork","floor":23,"key":"SMITH"},{"floor":32,"key":"REST"},{"data":"Wraith Form v2","floor":40,"key":"SMITH"},{"floor":42,"key":"REST"},{"data":"Acrobatics","floor":46,"key":"SMITH"},{"floor":49,"key":"REST"}],"neow_cost":"NONE","seed_source_timestamp":422965119149400,"circlet_count":0,"master_deck":["AscendersBane","Defend_G","Defend_G","Defend_G","Defend_G","Defend_G","Survivor","Bouncing Flask","Footwork+1","Predator+1","Tools of the Trade","Cloak And Dagger","PiercingWail","Corpse Explosion","Acrobatics+1","Riddle With Holes","Doppelganger","Dodge and Roll","Bite","Bite","Bite","Bite","Backflip","Predator","Wraith Form v2+1","Backflip","Acrobatics","Backflip","Doppelganger"],"relics":["Snecko Eye","Smiling Mask","Boot","Shuriken","Lantern","Velvet Choker","Red Mask","Bronze Scales","Potion Belt","Regal Pillow","Vajra","Sozu","The Courier","Pen Nib"],"potions_floor_usage":[6,7,7,12,24,25,33,50],"damage_taken":[{"damage":7,"enemies":"2 Louse","floor":1,"turns":3},{"damage":9,"enemies":"Cultist","floor":3,"turns":5},{"damage":2,"enemies":"Jaw Worm","floor":5,"turns":3},{"damage":13,"enemies":"3 Louse","floor":6,"turns":4},{"damage":7,"enemies":"Gremlin Nob","floor":7,"turns":3},{"damage":24,"enemies":"3 Sentries","floor":12,"turns":7},{"damage":1,"enemies":"2 Fungi Beasts","floor":13,"turns":2},{"damage":2,"enemies":"Exordium Thugs","floor":14,"turns":2},{"damage":27,"enemies":"Hexaghost","floor":16,"turns":8},{"damage":0,"enemies":"Spheric Guardian","floor":18,"turns":3},{"damage":3,"enemies":"Chosen","floor":19,"turns":5},{"damage":0,"enemies":"Masked Bandits","floor":21,"turns":2},{"damage":29,"enemies":"Book of Stabbing","floor":24,"turns":5},{"damage":4,"enemies":"Snake Plant","floor":25,"turns":4},{"damage":7,"enemies":"Centurion and Healer","floor":30,"turns":6},{"damage":81,"enemies":"Champ","floor":33,"turns":11},{"damage":0,"enemies":"3 Shapes","floor":35,"turns":2},{"damage":3,"enemies":"Orb Walker","floor":36,"turns":3},{"damage":9,"enemies":"Writhing Mass","floor":37,"turns":7},{"damage":28,"enemies":"Maw","floor":41,"turns":7},{"damage":8,"enemies":"Transient","floor":45,"turns":6},{"damage":20,"enemies":"Reptomancer","floor":47,"turns":5},{"damage":0,"enemies":"4 Shapes","floor":48,"turns":3},{"damage":52,"enemies":"Donu and Deca","floor":50,"turns":8}],"seed_played":"183421835442226240","potions_obtained":[{"floor":1,"key":"EssenceOfSteel"},{"floor":6,"key":"Poison Potion"},{"floor":7,"key":"EssenceOfSteel"},{"floor":16,"key":"Swift Potion"},{"floor":19,"key":"FairyPotion"},{"floor":24,"key":"SpeedPotion"},{"floor":30,"key":"Energy Potion"}],"is_trial":false,"path_per_floor":["M","$","M","?","M","M","E","R","T","T","R","E","M","M","R","B",null,"M","M","?","?","?","R","E","M","T","?","?","T","M","$","R","B",null,"M","M","M","?","$","R","M","R","T","$","M","R","E","M","R","B"],"character_chosen":"THE_SILENT","items_purchased":["Footwork","SkillPotion","Predator","Vajra","PowerPotion","Acrobatics"],"campfire_rested":5,"item_purchase_floors":[2,2,31,31,31,44],"current_hp_per_floor":[52,52,43,43,41,28,21,21,21,21,40,16,15,13,32,5,51,51,48,48,48,48,48,19,15,15,15,15,15,18,18,46,4,36,38,41,38,38,38,38,26,46,46,46,46,46,34,38,46,0],"gold":73,"neow_bonus":"BOSS_RELIC","is_prod":false,"is_daily":false,"chose_seed":false,"campfire_upgraded":4,"win_rate":0,"timestamp":1543394285,"path_taken":["M","$","M","?","?","M","E","R","T","?","R","E","M","?","R","BOSS","M","M","?","?","?","R","E","M","T","?","?","?","M","$","R","BOSS","M","M","M","?","$","R","?","R","T","$","M","R","E","M","R","BOSS"],"build_version":"2018-11-15","purchased_purges":3,"victory":false,"max_hp_per_floor":[66,66,66,66,66,66,66,66,66,66,66,66,66,66,66,66,66,66,66,66,66,66,66,66,66,66,46,46,46,46,46,46,46,46,46,46,46,46,46,46,46,46,46,46,46,46,46,46,46,46],"card_choices":[{"not_picked":["Quick Slash","Deflect"],"picked":"Bouncing Flask","floor":1},{"not_picked":["Masterful Stab","Outmaneuver"],"picked":"Dagger Spray","floor":3},{"not_picked":["Tactician","Flying Knee"],"picked":"Quick Slash","floor":5},{"not_picked":["Well Laid Plans","Dagger Spray"],"picked":"Predator","floor":6},{"not_picked":["Terror","Dagger Throw"],"picked":"Tools of the Trade","floor":7},{"not_picked":["Masterful Stab","Concentrate"],"picked":"Cloak And Dagger","floor":12},{"not_picked":["Outmaneuver","Bane"],"picked":"Caltrops","floor":13},{"not_picked":["Quick Slash","Slice"],"picked":"PiercingWail","floor":14},{"not_picked":["Die Die Die","Burst"],"picked":"Corpse Explosion","floor":16},{"not_picked":["Dagger Throw","Terror+1"],"picked":"Acrobatics","floor":18},{"not_picked":["Acrobatics","Outmaneuver","All Out Attack"],"picked":"SKIP","floor":19},{"not_picked":["Dagger Spray","Endless Agony+1"],"picked":"Doppelganger","floor":21},{"not_picked":["Poisoned Stab","Slice"],"picked":"Dodge and Roll","floor":24},{"not_picked":["Cloak And Dagger","Bane","Blade Dance"],"picked":"SKIP","floor":25},{"not_picked":["Eviscerate","Adrenaline"],"picked":"Backflip","floor":30},{"not_picked":["Venomology","Storm of Steel"],"picked":"Wraith Form v2","floor":33},{"not_picked":["Dagger Throw","Cloak And Dagger","Prepared"],"picked":"SKIP","floor":35},{"not_picked":["Terror","Cloak And Dagger","Quick Slash"],"picked":"SKIP","floor":36},{"not_picked":["Flechettes","Terror","Acrobatics"],"picked":"SKIP","floor":37},{"not_picked":["Bane","Bouncing Flask"],"picked":"Backflip","floor":41},{"not_picked":["Eviscerate","Choke"],"picked":"Backflip","floor":45},{"not_picked":["Outmaneuver","Finisher"],"picked":"Doppelganger","floor":47},{"not_picked":["Dagger Throw","Sucker Punch","Flying Knee"],"picked":"SKIP","floor":48}],"player_experience":1706224,"relics_obtained":[{"floor":7,"key":"Smiling Mask"},{"floor":9,"key":"Boot"},{"floor":10,"key":"Shuriken"},{"floor":12,"key":"Lantern"},{"floor":21,"key":"Red Mask"},{"floor":24,"key":"Bronze Scales"},{"floor":26,"key":"Potion Belt"},{"floor":29,"key":"Regal Pillow"},{"floor":43,"key":"The Courier"},{"floor":47,"key":"Pen Nib"}],"event_choices":[{"cards_removed":["Strike_G"],"damage_healed":0,"gold_gain":0,"player_choice":"Offered Basic","damage_taken":0,"max_hp_gain":0,"max_hp_loss":0,"event_name":"Bonfire Elementals","floor":4,"gold_loss":0},{"damage_healed":0,"gold_gain":0,"player_choice":"Read","damage_taken":0,"max_hp_gain":0,"max_hp_loss":0,"event_name":"The Library","floor":20,"gold_loss":0,"cards_obtained":["Riddle With Holes"]},{"damage_healed":0,"gold_gain":0,"player_choice":"Fought Bandits","damage_taken":0,"max_hp_gain":0,"max_hp_loss":0,"event_name":"Masked Bandits","floor":21,"gold_loss":0},{"damage_healed":0,"gold_gain":0,"player_choice":"Ignored","damage_taken":0,"max_hp_gain":0,"max_hp_loss":0,"event_name":"Ghosts","floor":22,"gold_loss":0},{"damage_healed":0,"gold_gain":0,"player_choice":"Became a vampire","damage_taken":0,"max_hp_gain":0,"max_hp_loss":20,"event_name":"Vampires","floor":27,"gold_loss":0,"cards_obtained":["Bite","Bite","Bite","Bite","Bite"]},{"cards_removed":["Neutralize"],"damage_healed":0,"gold_gain":0,"player_choice":"Gave Gold","damage_taken":0,"max_hp_gain":0,"max_hp_loss":0,"event_name":"Beggar","floor":28,"gold_loss":75},{"cards_removed":["Bite"],"damage_healed":0,"gold_gain":0,"player_choice":"Purged","damage_taken":0,"max_hp_gain":0,"max_hp_loss":0,"event_name":"Purifier","floor":38,"gold_loss":0}],"is_beta":true,"boss_relics":[{"not_picked":["Coffee Dripper","Runic Dome"],"picked":"Velvet Choker"},{"not_picked":["Pandora\u0027s Box","Eternal Feather"],"picked":"Sozu"}],"items_purged_floors":[31,39,44],"is_endless":false,"potions_floor_spawned":[1,6,7,16,19,24,30,37,41],"killed_by":"Donu and Deca","ascension_level":20}