{"gold_per_floor":[114,125,139,139,139,139,139,151,151,185,200,200],"floor_reached":12,"playtime":372,"items_purged":[],"score":120,"play_id":"ee8a5ddc-c94c-49ea-b81d-ee6bb2633a20","local_time":"20181216122218","is_ascension_mode":true,"campfire_choices":[{"floor":6,"key":"REST"}],"neow_cost":"NONE","seed_source_timestamp":163388554204967,"circlet_count":0,"master_deck":["AscendersBane","Strike_B","Strike_B","Strike_B","Strike_B","Defend_B","Defend_B","Defend_B","Defend_B+1","Zap","Dualcast","Machine Learning","Undo","Conserve Battery+1","Darkness","Hologram","White Noise","Storm"],"relics":["Cracked Core","Art of War","Shuriken","Pear","Pen Nib"],"potions_floor_usage":[12,12],"damage_taken":[{"damage":6,"enemies":"Cultist","floor":1,"turns":3},{"damage":0,"enemies":"Small Slimes","floor":2,"turns":3},{"damage":0,"enemies":"Jaw Worm","floor":3,"turns":4},{"damage":8,"enemies":"Blue Slaver","floor":8,"turns":5},{"damage":29,"enemies":"3 Sentries","floor":10,"turns":8},{"damage":10,"enemies":"Exordium Thugs","floor":11,"turns":5},{"damage":9,"enemies":"Gremlin Nob","floor":12,"turns":3}],"seed_played":"3219195688773312830","potions_obtained":[{"floor":1,"key":"GamblersBrew"},{"floor":3,"key":"Block Potion"},{"floor":8,"key":"GamblersBrew"},{"floor":11,"key":"Strength Potion"}],"is_trial":false,"path_per_floor":["M","M","M","?","?","R","T","M","T","E","M","E"],"character_chosen":"DEFECT","items_purchased":[],"campfire_rested":1,"item_purchase_floors":[],"current_hp_per_floor":[62,62,62,47,29,51,51,43,53,24,14,5],"gold":200,"neow_bonus":"ONE_RANDOM_RARE_CARD","is_prod":false,"is_daily":false,"chose_seed":false,"campfire_upgraded":0,"win_rate":0,"timestamp":1544980938,"path_taken":["M","M","?","?","?","R","?","M","T","E","?","E"],"build_version":"2018-12-13","purchased_purges":0,"victory":false,"max_hp_per_floor":[75,75,75,75,75,75,75,75,85,85,85,85],"card_choices":[{"not_picked":["Doom and Gloom","Ball Lightning"],"picked":"Undo","floor":1},{"not_picked":["Barrage","Turbo"],"picked":"Conserve Battery","floor":2},{"not_picked":["Turbo","Sweeping Beam"],"picked":"Darkness","floor":3},{"not_picked":["Steam","Sweeping Beam"],"picked":"Hologram","floor":8},{"not_picked":["Redo","Turbo"],"picked":"White Noise","floor":10},{"not_picked":["Self Repair","Aggregate"],"picked":"Storm","floor":11}],"player_experience":352563,"relics_obtained":[{"floor":7,"key":"Shuriken"},{"floor":9,"key":"Pear"},{"floor":10,"key":"Pen Nib"}],"event_choices":[{"damage_healed":0,"gold_gain":0,"player_choice":"Entered Light","damage_taken":15,"max_hp_gain":0,"max_hp_loss":0,"event_name":"Shining Light","floor":4,"gold_loss":0,"cards_upgraded":["Defend_B","Conserve Battery"]},{"damage_healed":0,"gold_gain":0,"player_choice":"Success","damage_taken":18,"relics_obtained":["Art of War"],"max_hp_gain":0,"max_hp_loss":0,"event_name":"Scrap Ooze","floor":5,"gold_loss":0}],"is_beta":false,"boss_relics":[],"items_purged_floors":[],"is_endless":false,"potions_floor_spawned":[1,3,8,11],"killed_by":"Gremlin Nob","ascension_level":10}