{"gold_per_floor":[112,32,32,5,21,53,53,83,83,96,111,123,143,155,155,155],"floor_reached":16,"playtime":1299,"items_purged":[],"score":104,"play_id":"5fde5d94-24f7-4ab8-aaf4-7afa4748c8e8","local_time":"20190119161926","is_ascension_mode":false,"campfire_choices":[{"data":"Dodge and Roll","floor":7,"key":"SMITH"},{"floor":15,"key":"REST"}],"neow_cost":"NONE","seed_source_timestamp":491176545238786,"circlet_count":0,"master_deck":["Defend_G","Defend_G","Defend_G","Defend_G","Defend_G","Strike_G","Strike_G","Strike_G","Strike_G","Strike_G","Survivor","Neutralize","Deadly Poison","Distraction","Deadly Poison","Noxious Fumes","Dodge and Roll+1","Flying Knee+1","Leg Sweep","Crippling Poison","Corpse Explosion","Deflect"],"relics":["Ring of the Snake","Juzu Bracelet","Pen Nib","Molten Egg 2"],"potions_floor_usage":[12,16],"damage_taken":[{"damage":0,"enemies":"Small Slimes","floor":1,"turns":3},{"damage":0,"enemies":"2 Louse","floor":5,"turns":3},{"damage":23,"enemies":"Lagavulin","floor":6,"turns":6},{"damage":0,"enemies":"Jaw Worm","floor":10,"turns":4},{"damage":11,"enemies":"Lots of Slimes","floor":11,"turns":4},{"damage":9,"enemies":"Gremlin Gang","floor":12,"turns":3},{"damage":0,"enemies":"3 Louse","floor":13,"turns":5},{"damage":11,"enemies":"Looter","floor":14,"turns":4},{"damage":42,"enemies":"Slime Boss","floor":16,"turns":10}],"seed_played":"7501483807390385486","potions_obtained":[{"floor":1,"key":"GamblersBrew"},{"floor":10,"key":"LiquidBronze"},{"floor":11,"key":"Explosive Potion"}],"is_trial":false,"path_per_floor":["M","$","?","$","M","E","R","?","T","M","M","M","M","M","R","B"],"character_chosen":"THE_SILENT","items_purchased":["Distraction","Deadly Poison"],"campfire_rested":1,"item_purchase_floors":[2,4],"current_hp_per_floor":[70,70,70,70,70,47,47,47,47,47,36,27,27,16,37,0],"gold":155,"neow_bonus":"RANDOM_COMMON_RELIC","is_prod":false,"is_daily":false,"chose_seed":false,"campfire_upgraded":1,"win_rate":0.0,"timestamp":1547932766,"path_taken":["M","$","?","$","M","E","R","?","T","M","M","M","M","M","R","BOSS"],"build_version":"2019-01-17v2","purchased_purges":0,"victory":false,"max_hp_per_floor":[70,70,70,70,70,70,70,70,70,70,70,70,70,70,70,70],"card_choices":[{"not_picked":["Blade Dance","Outmaneuver"],"picked":"Deadly Poison","floor":1},{"not_picked":["Slice","Dagger Spray"],"picked":"Noxious Fumes","floor":5},{"not_picked":["Bane","Deadly Poison"],"picked":"Dodge and Roll","floor":6},{"not_picked":["Tactician","Endless Agony+1"],"picked":"Flying Knee+1","floor":10},{"not_picked":["Endless Agony+1","Backflip"],"picked":"Leg Sweep","floor":11},{"not_picked":["Calculated Gamble","Heel Hook+1"],"picked":"Crippling Poison","floor":12},{"not_picked":["Distraction","Noxious Fumes"],"picked":"Corpse Explosion","floor":13},{"not_picked":["Reflex","Expertise"],"picked":"Deflect","floor":14}],"player_experience":59478,"relics_obtained":[{"floor":6,"key":"Pen Nib"},{"floor":9,"key":"Molten Egg 2"}],"event_choices":[{"damage_healed":0,"gold_gain":0,"player_choice":"Ignored","damage_taken":0,"max_hp_gain":0,"max_hp_loss":0,"event_name":"Golden Wing","floor":3,"gold_loss":0},{"damage_healed":0,"gold_gain":30,"player_choice":"Searched \u00271\u0027 times","damage_taken":0,"max_hp_gain":0,"max_hp_loss":0,"event_name":"Dead Adventurer","floor":8,"gold_loss":0}],"is_beta":false,"boss_relics":[],"items_purged_floors":[],"is_endless":false,"potions_floor_spawned":[1,10,11],"killed_by":"Slime Boss","ascension_level":0}