{"gold_per_floor":[115,115,133,58,73,73,73,104,104,104,21,54,54,73,73,150,150,168,12,25,25,25,59,59,69,96,96,129,129,161,181,181,258,258,275,286,306,316,365,365,380,7,86,86,96,96,96,109,109,109,109],"floor_reached":51,"playtime":3647,"items_purged":["Parasite"],"score":1380,"play_id":"745e76f5-743f-4a1d-974c-2bba2bf1dabf","local_time":"20181102055054","is_ascension_mode":true,"campfire_choices":[{"floor":6.0,"key":"REST"},{"floor":15.0,"key":"REST"},{"floor":24.0,"key":"REST"},{"data":"1","floor":29.0,"key":"LIFT"},{"floor":32.0,"key":"REST"},{"floor":40,"key":"REST"},{"data":"2","floor":44,"key":"LIFT"},{"floor":46,"key":"REST"},{"floor":49,"key":"REST"}],"neow_cost":"NONE","seed_source_timestamp":37276356449300,"circlet_count":0,"master_deck":["AscendersBane","Defend_G","Defend_G","Defend_G","Defend_G","Defend_G","Strike_G","Strike_G","Strike_G+1","Strike_G","Strike_G+1","Survivor","Neutralize","Cloak And Dagger","Flechettes","Dagger Spray","Bouncing Flask+1","Leg Sweep","Blade Dance","Malaise","Dash","Bandage Up","Blade Dance+1","Malaise","Cloak And Dagger","Blur+1","Backstab","Distraction","Footwork"],"special_seed":0,"relics":["Calling Bell","PreservedInsect","Paper Crane","Dead Branch","Matryoshka","Regal Pillow","Ornamental Fan","Strawberry","Busted Crown","Girya","Bronze Scales","Boot","War Paint","Art of War","WristBlade","Whetstone","Bag of Preparation","Oddly Smooth Stone","Gremlin Horn"],"potions_floor_usage":[37,41,51],"damage_taken":[{"damage":10.0,"enemies":"2 Louse","floor":1.0,"turns":3.0},{"damage":4.0,"enemies":"Small Slimes","floor":3.0,"turns":6.0},{"damage":1.0,"enemies":"Cultist","floor":5.0,"turns":4.0},{"damage":30.0,"enemies":"Gremlin Nob","floor":8.0,"turns":5.0},{"damage":12.0,"enemies":"3 Sentries","floor":12.0,"turns":4.0},{"damage":0.0,"enemies":"3 Louse","floor":14.0,"turns":4.0},{"damage":35.0,"enemies":"Slime Boss","floor":16.0,"turns":19.0},{"damage":25.0,"enemies":"3 Byrds","floor":18.0,"turns":6.0},{"damage":3.0,"enemies":"Chosen","floor":20.0,"turns":5.0},{"damage":28.0,"enemies":"Slavers","floor":23.0,"turns":6.0},{"damage":7.0,"enemies":"Sentry and Sphere","floor":25.0,"turns":5.0},{"damage":0.0,"enemies":"Gremlin Leader","floor":28.0,"turns":4.0},{"damage":6.0,"enemies":"Book of Stabbing","floor":30.0,"turns":4.0},{"damage":15.0,"enemies":"Snake Plant","floor":31.0,"turns":5.0},{"damage":40.0,"enemies":"Automaton","floor":33.0,"turns":10.0},{"damage":0.0,"enemies":"3 Shapes","floor":35.0,"turns":5.0},{"damage":6.0,"enemies":"Orb Walker","floor":36.0,"turns":3.0},{"damage":46,"enemies":"Spire Growth","floor":37,"turns":6},{"damage":11,"enemies":"4 Shapes","floor":38,"turns":8},{"damage":12,"enemies":"Writhing Mass","floor":41,"turns":7},{"damage":11,"enemies":"Spire Growth","floor":45,"turns":4},{"damage":21,"enemies":"Jaw Worm Horde","floor":48,"turns":2},{"damage":37,"enemies":"Awakened One","floor":50,"turns":20},{"damage":52,"enemies":"Time Eater","floor":51,"turns":14}],"seed_played":"-554784976163658558","potions_obtained":[{"floor":5.0,"key":"Block Potion"},{"floor":8.0,"key":"SpeedPotion"},{"floor":12.0,"key":"Dexterity Potion"},{"floor":20.0,"key":"GamblersBrew"},{"floor":25.0,"key":"Fire Potion"},{"floor":30.0,"key":"EssenceOfSteel"},{"floor":33.0,"key":"Poison Potion"},{"floor":35.0,"key":"Fruit Juice"},{"floor":38,"key":"Swift Potion"},{"floor":45,"key":"LiquidBronze"}],"is_trial":false,"path_per_floor":["M","?","M","$","M","R","?","E","T","?","$","E","$","M","R","B",null,"M","$","M","?","$","E","R","M","T","?","E","R","E","M","R","B",null,"M","M","M","M","T","R","M","$","T","R","M","R","?","M","R","B","B"],"character_chosen":"THE_SILENT","items_purchased":["GhostInAJar","PowerPotion","Bandage Up","Bag of Preparation","Oddly Smooth Stone","Footwork"],"campfire_rested":7,"item_purchase_floors":[11,19,19,42,42,42],"current_hp_per_floor":[49,42,38,38,37,55,55,25,25,25,25,20,20,20,55,20,55,30,30,31,44,44,20,55,52,52,52,52,52,50,39,67,31,58,67,65,23,16,16,52,44,44,44,44,33,69,69,52,72,35,0],"gold":109,"neow_bonus":"BOSS_RELIC","is_prod":false,"is_daily":false,"chose_seed":false,"campfire_upgraded":0,"win_rate":0,"timestamp":1541152254,"path_taken":["M","?","M","$","M","R","?","E","T","?","$","E","?","M","R","BOSS","M","$","M","?","$","E","R","M","T","?","E","R","E","M","R","BOSS","M","M","?","M","?","R","M","$","T","R","M","R","?","M","R","BOSS","BOSS"],"build_version":"2018-11-01","purchased_purges":1,"victory":false,"max_hp_per_floor":[66,66,66,63,63,63,60,60,60,60,60,67,67,67,67,67,67,67,67,67,67,67,67,67,67,67,67,67,67,67,67,67,67,67,72,72,72,72,72,72,72,72,72,72,72,72,72,72,72,72,72],"card_choices":[{"not_picked":["Prepared","Bane"],"picked":"Cloak And Dagger","floor":1.0},{"not_picked":["Accuracy","Cloak And Dagger"],"picked":"Flechettes","floor":3.0},{"not_picked":["Prepared","Backflip"],"picked":"Dagger Spray","floor":5.0},{"not_picked":["Dagger Spray","Outmaneuver"],"picked":"Bouncing Flask","floor":8.0},{"not_picked":["A Thousand Cuts","Flechettes"],"picked":"Leg Sweep","floor":12.0},{"not_picked":["Deadly Poison","Dodge and Roll"],"picked":"Blade Dance","floor":14.0},{"not_picked":["Envenom","Corpse Explosion"],"picked":"Malaise","floor":16.0},{"not_picked":[],"picked":"Dash","floor":18.0},{"not_picked":[],"picked":"Blade Dance","floor":20.0},{"not_picked":["Sucker Punch"],"picked":"SKIP","floor":23.0},{"not_picked":["Accuracy"],"picked":"SKIP","floor":25.0},{"not_picked":[],"picked":"Cloak And Dagger","floor":28.0},{"not_picked":["Deflect"],"picked":"SKIP","floor":30.0},{"not_picked":[],"picked":"Blur+1","floor":31.0},{"not_picked":[],"picked":"Backstab","floor":35.0},{"not_picked":["Tactician+1"],"picked":"SKIP","floor":36.0},{"not_picked":["Deadly Poison"],"picked":"SKIP","floor":37},{"not_picked":["Slice+1"],"picked":"SKIP","floor":38},{"not_picked":[],"picked":"Distraction","floor":41},{"not_picked":["Flying Knee"],"picked":"SKIP","floor":45},{"not_picked":["Flying Knee"],"picked":"SKIP","floor":48}],"player_experience":1594596,"relics_obtained":[{"floor":0.0,"key":"PreservedInsect"},{"floor":0.0,"key":"Paper Crane"},{"floor":0.0,"key":"Dead Branch"},{"floor":8.0,"key":"Matryoshka"},{"floor":9.0,"key":"Regal Pillow"},{"floor":9.0,"key":"Ornamental Fan"},{"floor":12.0,"key":"Strawberry"},{"floor":23.0,"key":"Girya"},{"floor":26.0,"key":"Bronze Scales"},{"floor":26.0,"key":"Boot"},{"floor":28.0,"key":"War Paint"},{"floor":30.0,"key":"Art of War"},{"floor":39,"key":"Whetstone"},{"floor":43,"key":"Gremlin Horn"}],"event_choices":[{"cards_removed":["Shame"],"damage_healed":0.0,"max_hp_gain":0.0,"max_hp_loss":0.0,"gold_gain":0.0,"event_name":"Golden Wing","player_choice":"Card Removal","floor":2.0,"gold_loss":0.0,"damage_taken":7.0},{"cards_removed":["Parasite"],"damage_healed":0.0,"max_hp_gain":0.0,"max_hp_loss":0.0,"gold_gain":0.0,"event_name":"Living Wall","player_choice":"Forget","floor":7.0,"gold_loss":0.0,"damage_taken":0.0},{"damage_healed":0.0,"max_hp_gain":0.0,"max_hp_loss":0.0,"gold_gain":0.0,"event_name":"Shining Light","player_choice":"Ignored","floor":10.0,"gold_loss":0.0,"damage_taken":0.0},{"damage_healed":13.0,"max_hp_gain":0.0,"max_hp_loss":0.0,"gold_gain":0.0,"event_name":"The Library","player_choice":"Heal","floor":21.0,"gold_loss":0.0,"damage_taken":0.0},{"damage_healed":0.0,"max_hp_gain":0.0,"max_hp_loss":0.0,"gold_gain":0.0,"event_name":"Duplicator","player_choice":"Copied","floor":27.0,"gold_loss":0.0,"damage_taken":0.0,"cards_obtained":["Malaise"]},{"damage_healed":0,"gold_gain":0,"player_choice":"0 cards matched","damage_taken":0,"max_hp_gain":0,"max_hp_loss":0,"event_name":"Match and Keep!","floor":47,"gold_loss":0,"cards_obtained":[]}],"is_beta":true,"boss_relics":[{"not_picked":["Velvet Choker","Runic Dome"],"picked":"Busted Crown"},{"not_picked":["White Beast Statue","Runic Pyramid"],"picked":"WristBlade"}],"items_purged_floors":[4],"is_endless":false,"potions_floor_spawned":[5,8,12,20,25,30,33,35,38,45],"killed_by":"Time Eater","ascension_level":20}