{"path_per_floor":["M","?","$","M","?","R","M","R","T","$","E","?","R","M","R","B",null,"M","?","$","M","?","?","R","M","T","R","M","R","$","M","R","B",null,"M","?","M","?","M","R","$","E","T","?","R","M","M","M","R","B"],"character_chosen":"DEFECT","items_purchased":["Capacitor","Redo","Defragment","Creative AI","Lee\u0027s Waffle","Self Repair","Fission+1","Skim+1","Regen Potion","Regen Potion","Swift Potion"],"gold_per_floor":[110,110,72,86,86,86,106,106,133,10,49,124,124,147,147,273,273,292,292,192,215,395,395,395,413,438,438,462,462,30,54,54,183,183,196,529,546,546,563,563,17,47,94,94,94,114,126,142,142,142],"floor_reached":51,"campfire_rested":1,"playtime":3666,"item_purchase_floors":[3,10,30,30,30,41,41,41,41,41,41],"current_hp_per_floor":[72,65,65,58,58,58,53,53,53,53,35,24,24,20,20,13,69,69,69,69,59,35,35,35,37,37,37,40,40,76,54,54,37,76,73,73,41,41,49,49,49,41,41,31,31,27,39,35,57,51],"items_purged":["Strike_B","Defend_B","Writhe","Strike_B"],"gold":142,"score":650,"play_id":"376d14de-b771-43c3-8162-baf6ff8f23c2","local_time":"20180530142102","is_prod":false,"is_daily":false,"chose_seed":false,"is_ascension_mode":false,"campfire_upgraded":3,"win_rate":0,"timestamp":1527657662,"campfire_choices":[{"data":"Strike_B","floor":6,"key":"SMITH"},{"data":"Zap","floor":8,"key":"SMITH"},{"floor":13,"key":"DIG"},{"floor":15,"key":"DIG"},{"floor":24,"key":"DIG"},{"floor":27,"key":"DIG"},{"floor":29,"key":"DIG"},{"floor":32,"key":"DIG"},{"data":"Defragment","floor":40,"key":"SMITH"},{"floor":45,"key":"DIG"},{"floor":49,"key":"REST"}],"path_taken":["M","?","$","M","?","R","M","R","T","$","E","?","R","?","R","BOSS","M","?","$","M","?","?","R","M","T","R","M","R","$","?","R","BOSS","M","?","?","?","M","R","$","E","T","?","R","M","M","M","R","BOSS"],"build_version":"2018-05-28","seed_source_timestamp":53489177433990,"purchased_purges":4,"victory":true,"master_deck":["Strike_B+1","Defend_B+1","Defend_B+1","Zap+1","Dualcast","Capacitor","Hello World","Redo","Glacier","Darkness+1","Rainbow+1","Auto Shields+1","Ball Lightning","White Noise+1","Chill+1","Defragment+1","Creative AI","Barrage+1","Echo Form","Aggregate+1","Turbo+1","FTL","Self Repair","Fission+1","Skim+1","Steam+1","Madness+1","Madness+1","Compile Driver+1","Redo+1","Turbo+1"],"max_hp_per_floor":[75,75,75,75,69,69,69,69,69,69,69,69,69,69,69,69,69,69,69,69,69,69,69,69,69,69,69,69,69,76,76,76,76,76,76,76,76,76,76,76,76,76,76,76,76,76,76,76,76,76],"relics":["Nuclear Battery","Potion Belt","Shovel","Toxic Egg 2","Meat on the Bone","Philosopher\u0027s Stone","Bag of Marbles","The Courier","DataDisk","Bottled Tornado","Orichalcum","Lee\u0027s Waffle","Boot","Inserter","Vajra","Juzu Bracelet","War Paint"],"card_choices":[{"not_picked":["Beam Cell","Hologram","Conserve Battery"],"picked":"SKIP","floor":1},{"not_picked":["Steam Power","Barrage"],"picked":"Hello World","floor":4},{"not_picked":["Steam","Beam Cell"],"picked":"FTL","floor":7},{"not_picked":["Streamline","Sweeping Beam"],"picked":"Glacier","floor":11},{"not_picked":["Coolheaded+1","Rebound"],"picked":"Darkness+1","floor":14},{"not_picked":["Fission+1","Thunder Strike"],"picked":"Rainbow+1","floor":16},{"not_picked":["Cold Snap","Leap+1"],"picked":"Auto Shields+1","floor":18},{"not_picked":["Hologram+1","Rebound+1"],"picked":"Ball Lightning","floor":21},{"not_picked":["Cold Snap","Steam+1"],"picked":"White Noise+1","floor":25},{"not_picked":["Undo+1","Reboot+1"],"picked":"Chill+1","floor":28},{"not_picked":["Conserve Battery+1","Compile Driver+1"],"picked":"Barrage+1","floor":31},{"not_picked":["Rainbow+1","Machine Learning"],"picked":"Echo Form","floor":33},{"not_picked":["Reprogram+1","Hologram+1"],"picked":"Aggregate+1","floor":35},{"not_picked":["Compile Driver","Doom and Gloom"],"picked":"Turbo+1","floor":37},{"not_picked":["Go for the Eyes+1","BootSequence+1"],"picked":"FTL","floor":39},{"not_picked":["Darkness+1","Rebound+1"],"picked":"Steam+1","floor":42},{"not_picked":["Ball Lightning","Leap+1"],"picked":"Compile Driver+1","floor":46},{"not_picked":["Leap+1","Storm+1"],"picked":"Redo+1","floor":47},{"not_picked":["Steam+1","Force Field+1"],"picked":"Turbo+1","floor":48}],"player_experience":197335,"potions_floor_usage":[25,31,31,37,42,42,50,50,50,50,50,50,50,50],"damage_taken":[{"damage":3,"enemies":"Cultist","floor":1,"turns":5},{"damage":7,"enemies":"Small Slimes","floor":4,"turns":4},{"damage":5,"enemies":"2 Louse","floor":7,"turns":3},{"damage":18,"enemies":"Lagavulin","floor":11,"turns":5},{"damage":4,"enemies":"2 Fungi Beasts","floor":14,"turns":4},{"damage":19,"enemies":"The Guardian","floor":16,"turns":9},{"damage":0,"enemies":"Spheric Guardian","floor":18,"turns":3},{"damage":10,"enemies":"Shell Parasite","floor":21,"turns":5},{"damage":10,"enemies":"Sentry and Sphere","floor":25,"turns":5},{"damage":9,"enemies":"Slaver and Parasite","floor":28,"turns":5},{"damage":22,"enemies":"3 Cultists","floor":31,"turns":5},{"damage":29,"enemies":"Collector","floor":33,"turns":8},{"damage":3,"enemies":"3 Shapes","floor":35,"turns":7},{"damage":44,"enemies":"Flame Bruiser 1 Orb","floor":37,"turns":4},{"damage":4,"enemies":"3 Darklings","floor":39,"turns":6},{"damage":67,"enemies":"2 Orb Walkers","floor":42,"turns":7},{"damage":23,"enemies":"Spire Growth","floor":46,"turns":5},{"damage":0,"enemies":"4 Shapes","floor":47,"turns":8},{"damage":16,"enemies":"Sphere and 2 Shapes","floor":48,"turns":6},{"damage":28,"enemies":"Donu and Deca","floor":50,"turns":9}],"relics_obtained":[{"floor":9,"key":"Potion Belt"},{"floor":11,"key":"Shovel"},{"floor":13,"key":"Toxic Egg 2"},{"floor":15,"key":"Meat on the Bone"},{"floor":24,"key":"The Courier"},{"floor":26,"key":"DataDisk"},{"floor":27,"key":"Bottled Tornado"},{"floor":29,"key":"Orichalcum"},{"floor":32,"key":"Boot"},{"floor":42,"key":"Vajra"},{"floor":43,"key":"Juzu Bracelet"},{"floor":45,"key":"War Paint"}],"event_choices":[{"event_name":"Golden Wing","player_choice":"Card Removal","floor":2,"damage_taken":0},{"event_name":"Golden Idol","player_choice":"Lose Max HP","floor":5,"damage_taken":0},{"event_name":"World of Goop","player_choice":"Gather Gold","floor":12,"damage_taken":0},{"event_name":"Purifier","player_choice":"One Purge","floor":19,"damage_taken":0},{"event_name":"Knowing Skull","player_choice":"GOLD GOLD ","floor":22,"damage_taken":0},{"event_name":"The Mausoleum","player_choice":"Yes","floor":23,"damage_taken":0},{"event_name":"The Moai Head","player_choice":"Gave Idol","floor":36,"damage_taken":0},{"event_name":"Winding Halls","player_choice":"Embrace Madness","floor":44,"damage_taken":0}],"boss_relics":[{"not_picked":["White Beast Statue","Snecko Eye"],"picked":"Philosopher\u0027s Stone"},{"not_picked":["Tiny House","Runic Pyramid"],"picked":"Inserter"}],"items_purged_floors":[10,20,30,41],"potions_floor_spawned":[7,16,18,28,33,37,42,48],"seed_played":"-6085408008814082226","ascension_level":0,"potions_obtained":[{"floor":7,"key":"SteroidPotion"},{"floor":16,"key":"LiquidBronze"},{"floor":18,"key":"Swift Potion"},{"floor":28,"key":"FearPotion"},{"floor":33,"key":"SkillPotion"},{"floor":37,"key":"FairyPotion"},{"floor":42,"key":"Poison Potion"},{"floor":48,"key":"EntropicBrew"}],"is_trial":false}