{"gold_per_floor":[115,131,206,221,221,221,249,262,262,262,282,130,140,197,197,197],"floor_reached":16,"playtime":798,"items_purged":["Regret"],"score":102,"play_id":"a5cf0b40-1358-40ab-a4c8-8adcc8e8b94f","local_time":"20180704012508","daily_mods":["Draft"],"is_ascension_mode":false,"campfire_choices":[{"data":"Capacitor","floor":6,"key":"SMITH"},{"data":"Defragment","floor":15,"key":"SMITH"}],"neow_cost":"","seed_source_timestamp":0,"circlet_count":0,"master_deck":["Skim","Fusion","Coolheaded","Ball Lightning","Skim","Conserve Battery","Storm","Capacitor+1","Heatsinks","Glacier","Consume","Ball Lightning","Beam Cell","BootSequence","Ball Lightning","Conserve Battery","White Noise","Thunder Strike","Redo","Coolheaded","Turbo","Defragment+1","Barrage","Lockon"],"relics":["Cracked Core","Art of War","Mercury Hourglass","Turnip","Darkstone Periapt"],"potions_floor_usage":[],"damage_taken":[{"damage":1,"enemies":"Jaw Worm","floor":1,"turns":3},{"damage":0,"enemies":"Small Slimes","floor":2,"turns":3},{"damage":0,"enemies":"Cultist","floor":4,"turns":3},{"damage":24,"enemies":"Gremlin Nob","floor":7,"turns":5},{"damage":1,"enemies":"3 Louse","floor":8,"turns":4},{"damage":6,"enemies":"Large Slime","floor":11,"turns":4},{"damage":7,"enemies":"Lots of Slimes","floor":13,"turns":3},{"damage":11,"enemies":"Gremlin Nob","floor":14,"turns":3},{"damage":29,"enemies":"Slime Boss","floor":16,"turns":3}],"seed_played":"-7957092470558244779","potions_obtained":[{"floor":1,"key":"EssenceOfSteel"},{"floor":11,"key":"FearPotion"},{"floor":14,"key":"AttackPotion"},{"floor":14,"key":"SmokeBomb"}],"is_trial":true,"path_per_floor":["M","M","?","M","$","R","E","M","T","?","M","$","M","?","R"],"character_chosen":"DEFECT","items_purchased":["Defragment"],"campfire_rested":0,"item_purchase_floors":[12],"current_hp_per_floor":[74,74,63,63,63,63,39,38,38,38,39,39,32,21,21,0],"gold":197,"neow_bonus":"","is_prod":false,"is_daily":false,"chose_seed":false,"campfire_upgraded":2,"win_rate":0,"timestamp":1530635108,"path_taken":["M","M","?","M","$","R","E","M","T","?","?","$","M","?","R","BOSS"],"build_version":"2018-07-02","purchased_purges":1,"victory":false,"max_hp_per_floor":[75,75,75,75,75,75,75,75,75,75,75,75,75,75,75,75],"card_choices":[{"not_picked":["Rip and Tear","Compile Driver"],"picked":"Skim","floor":0},{"not_picked":["Darkness","Streamline"],"picked":"Fusion","floor":0},{"not_picked":["Cold Snap","Steam"],"picked":"Coolheaded","floor":0},{"not_picked":["Cold Snap","Turbo"],"picked":"Ball Lightning","floor":0},{"not_picked":["Steam","Rebound"],"picked":"Skim","floor":0},{"not_picked":["Beam Cell","Lockon"],"picked":"Conserve Battery","floor":0},{"not_picked":["Streamline","Steam"],"picked":"Storm","floor":0},{"not_picked":["Steam","Auto Shields"],"picked":"Capacitor","floor":0},{"not_picked":["Hello World","Coolheaded"],"picked":"Heatsinks","floor":0},{"not_picked":["Chill","Go for the Eyes"],"picked":"Glacier","floor":0},{"not_picked":["Capacitor","Leap"],"picked":"Consume","floor":0},{"not_picked":["Steam Power","Turbo"],"picked":"Ball Lightning","floor":0},{"not_picked":["Stack","Streamline"],"picked":"Beam Cell","floor":0},{"not_picked":["Sweeping Beam","Leap"],"picked":"BootSequence","floor":0},{"not_picked":["Coolheaded","Gash"],"picked":"Ball Lightning","floor":0},{"not_picked":["Steam","Recycle"],"picked":"Conserve Battery","floor":1},{"not_picked":["Go for the Eyes","Sweeping Beam"],"picked":"White Noise","floor":2},{"not_picked":["Sweeping Beam","Skim"],"picked":"Thunder Strike","floor":4},{"not_picked":["Double Energy","Leap"],"picked":"Redo","floor":7},{"not_picked":["Stack","Streamline"],"picked":"Coolheaded","floor":8},{"not_picked":["Gash","Rip and Tear"],"picked":"Turbo","floor":11},{"not_picked":["Streamline","Reinforced Body"],"picked":"Barrage","floor":13},{"not_picked":["Compile Driver","Sweeping Beam"],"picked":"Lockon","floor":14}],"player_experience":270738,"relics_obtained":[{"floor":7,"key":"Art of War"},{"floor":9,"key":"Mercury Hourglass"},{"floor":14,"key":"Darkstone Periapt"}],"event_choices":[{"event_name":"World of Goop","player_choice":"Gather Gold","floor":3,"damage_taken":0},{"event_name":"Big Fish","player_choice":"Box","floor":10,"damage_taken":0},{"event_name":"Dead Adventurer","player_choice":"Searched \u00272\u0027 times","floor":14,"damage_taken":0}],"boss_relics":[],"items_purged_floors":[12],"is_endless":false,"potions_floor_spawned":[1,11,14,14],"killed_by":"Slime Boss","ascension_level":0}