{"gold_per_floor":[118,293,121,121,138,196,20,20,20,20,53,53,63,77,77,176,176,196,196,196,196,213,213,233,263,263,263,90,110,125,149,149,248,248,267,267,36,48,48,48,64,64,64,99,59,69,88,118,118,118],"floor_reached":50,"playtime":2747,"items_purged":["Doubt","Strike_B","Writhe"],"score":719,"play_id":"090c70dd-3645-4b14-b7f8-1ceffee19235","local_time":"20181210191038","is_ascension_mode":true,"campfire_choices":[{"data":"Ball Lightning","floor":8,"key":"SMITH"},{"data":"Cold Snap","floor":10,"key":"SMITH"},{"data":"Chaos","floor":15,"key":"SMITH"},{"floor":23,"key":"REST"},{"data":"Loop","floor":27,"key":"SMITH"},{"floor":32,"key":"REST"},{"data":"Storm","floor":40,"key":"SMITH"},{"data":"Recycle","floor":42,"key":"SMITH"},{"floor":49,"key":"RECALL"}],"neow_cost":"NONE","seed_source_timestamp":175786203391943,"circlet_count":0,"master_deck":["Strike_B","Strike_B","Strike_B","Defend_B","Defend_B","Defend_B+1","Defend_B","Zap+1","Dualcast","Ball Lightning","Ball Lightning+1","Chill","Cold Snap+1","Leap","Capacitor","Capacitor","Conserve Battery","Chaos+1","Biased Cognition","Steam","Self Repair","Loop+1","Recycle+1","Coolheaded","White Noise","Storm","Core Surge","Compile Driver","Storm+1","Coolheaded","Conserve Battery+1","Defragment+1","Blizzard","Core Surge"],"relics":["Cracked Core","NeowsBlessing","Tiny Chest","Shuriken","Question Card","Nuclear Battery","Letter Opener","Darkstone Periapt","Mummified Hand","Bag of Preparation","Busted Crown","Turnip","DataDisk","Blue Candle","Dream Catcher","Blood Vial"],"potions_floor_usage":[11,16,18,25,25,33,46],"damage_taken":[{"damage":0,"enemies":"Small Slimes","floor":1,"turns":1},{"damage":0,"enemies":"2 Louse","floor":5,"turns":1},{"damage":0,"enemies":"Lagavulin","floor":6,"turns":1},{"damage":20,"enemies":"Gremlin Nob","floor":11,"turns":4},{"damage":0,"enemies":"Jaw Worm","floor":13,"turns":2},{"damage":2,"enemies":"Looter","floor":14,"turns":2},{"damage":14,"enemies":"The Guardian","floor":16,"turns":10},{"damage":9,"enemies":"Chosen","floor":18,"turns":5},{"damage":23,"enemies":"Spheric Guardian","floor":22,"turns":4},{"damage":1,"enemies":"Centurion and Healer","floor":24,"turns":8},{"damage":43,"enemies":"Book of Stabbing","floor":25,"turns":7},{"damage":4,"enemies":"Snecko","floor":29,"turns":7},{"damage":12,"enemies":"Snake Plant","floor":30,"turns":4},{"damage":35,"enemies":"Collector","floor":33,"turns":8},{"damage":18,"enemies":"3 Darklings","floor":35,"turns":5},{"damage":1,"enemies":"3 Shapes","floor":38,"turns":3},{"damage":0,"enemies":"Transient","floor":41,"turns":5},{"damage":41,"enemies":"Giant Head","floor":44,"turns":7},{"damage":11,"enemies":"Spire Growth","floor":46,"turns":3},{"damage":5,"enemies":"Sphere and 2 Shapes","floor":47,"turns":3},{"damage":17,"enemies":"Nemesis","floor":48,"turns":7},{"damage":15,"enemies":"Donu and Deca","floor":50,"turns":4}],"seed_played":"8625254924159498345","potions_obtained":[{"floor":5,"key":"Block Potion"},{"floor":13,"key":"Swift Potion"},{"floor":14,"key":"PowerPotion"},{"floor":18,"key":"AttackPotion"},{"floor":21,"key":"FairyPotion"},{"floor":21,"key":"Weak Potion"},{"floor":29,"key":"GamblersBrew"},{"floor":35,"key":"Poison Potion"},{"floor":41,"key":"Poison Potion"},{"floor":44,"key":"GamblersBrew"}],"is_trial":false,"path_per_floor":["M","?","$","?","M","E","$","R","T","R","E","?","M","M","R","B",null,"M","?","?","?","M","R","M","E","T","R","$","M","M","T","R","B",null,"M","T","$","M","?","R","M","R","T","E","$","M","M","E","R","B"],"character_chosen":"DEFECT","items_purchased":["Ball Lightning","Chill","Capacitor","Coolheaded","DataDisk","Storm","Blizzard"],"campfire_rested":2,"item_purchase_floors":[3,3,7,28,37,37,45],"current_hp_per_floor":[68,68,68,53,53,53,53,53,53,53,33,26,26,24,24,10,59,50,50,36,36,13,37,43,15,15,15,15,18,13,13,37,9,62,44,44,44,50,50,50,57,57,57,23,23,19,21,11,11,0],"gold":118,"neow_bonus":"THREE_ENEMY_KILL","is_prod":false,"is_daily":false,"chose_seed":false,"campfire_upgraded":6,"win_rate":0,"timestamp":1544487038,"path_taken":["M","?","$","?","M","E","$","R","T","R","E","?","M","?","R","BOSS","M","?","?","?","M","R","M","E","T","R","$","?","M","?","R","BOSS","M","?","$","M","?","R","?","R","T","E","$","M","M","E","R","BOSS"],"build_version":"2018-12-06","purchased_purges":3,"victory":false,"max_hp_per_floor":[75,75,75,75,75,75,75,75,75,75,75,75,75,75,75,75,75,75,75,80,80,80,80,80,80,80,80,80,80,80,80,80,80,80,80,80,80,80,80,80,80,80,80,80,80,80,80,80,80,80],"card_choices":[{"not_picked":["Coolheaded","Barrage"],"picked":"Ball Lightning","floor":1},{"not_picked":["Darkness","Steam"],"picked":"Cold Snap","floor":5},{"not_picked":["Fusion","Force Field"],"picked":"Leap","floor":6},{"not_picked":["Leap","BootSequence"],"picked":"Capacitor","floor":11},{"not_picked":["Auto Shields","Go for the Eyes","Compile Driver"],"picked":"Conserve Battery","floor":13},{"not_picked":["FTL","Sweeping Beam","Redo"],"picked":"Chaos","floor":14},{"not_picked":["Hyperbeam","Reboot","Amplify"],"picked":"Biased Cognition","floor":16},{"not_picked":["Doom and Gloom","Sweeping Beam","Heatsinks"],"picked":"Steam","floor":18},{"not_picked":["Stack","Scrape","Redo"],"picked":"Self Repair","floor":22},{"not_picked":["Turbo+1","Cold Snap","Self Repair"],"picked":"Loop","floor":24},{"not_picked":["Barrage+1","Capacitor+1","Force Field"],"picked":"Recycle","floor":25},{"not_picked":["Go for the Eyes+1","Steam+1","Heatsinks"],"picked":"White Noise","floor":29},{"not_picked":["Turbo","Gash","Undo"],"picked":"Storm","floor":30},{"not_picked":["Fission","Biased Cognition","All For One"],"picked":"Core Surge","floor":33},{"not_picked":["Streamline+1"],"picked":"Compile Driver","floor":35},{"not_picked":["Steam+1","Self Repair"],"picked":"SKIP","floor":38},{"not_picked":["Ball Lightning"],"picked":"Conserve Battery+1","floor":41},{"not_picked":["Hologram"],"picked":"Defragment+1","floor":44},{"not_picked":["Stack+1","Go for the Eyes"],"picked":"SKIP","floor":46},{"not_picked":["Undo"],"picked":"Core Surge","floor":47},{"not_picked":["Rip and Tear","Storm"],"picked":"SKIP","floor":48}],"player_experience":311853,"relics_obtained":[{"floor":6,"key":"Tiny Chest"},{"floor":11,"key":"Shuriken"},{"floor":25,"key":"Darkstone Periapt"},{"floor":26,"key":"Mummified Hand"},{"floor":31,"key":"Bag of Preparation"},{"floor":36,"key":"Turnip"},{"floor":43,"key":"Blue Candle"},{"floor":44,"key":"Dream Catcher"},{"floor":48,"key":"Blood Vial"}],"event_choices":[{"damage_healed":0,"gold_gain":175,"player_choice":"AGREE","damage_taken":0,"max_hp_gain":0,"max_hp_loss":0,"event_name":"Liars Game","floor":2,"gold_loss":0,"cards_obtained":["Doubt"]},{"damage_healed":0,"gold_gain":0,"player_choice":"Entered Light","damage_taken":15,"max_hp_gain":0,"max_hp_loss":0,"event_name":"Shining Light","floor":4,"gold_loss":0,"cards_upgraded":["Defend_B","Zap"]},{"damage_healed":0,"gold_gain":0,"player_choice":"Success","damage_taken":7,"relics_obtained":["Question Card"],"max_hp_gain":0,"max_hp_loss":0,"event_name":"Scrap Ooze","floor":12,"gold_loss":0},{"damage_healed":0,"gold_gain":0,"player_choice":"Opened","damage_taken":0,"relics_obtained":["Letter Opener"],"max_hp_gain":0,"max_hp_loss":0,"event_name":"The Mausoleum","floor":19,"gold_loss":0,"cards_obtained":["Writhe"]},{"damage_healed":0,"gold_gain":0,"player_choice":"Shed Blood","damage_taken":19,"max_hp_gain":5,"max_hp_loss":0,"event_name":"Forgotten Altar","floor":20,"gold_loss":0},{"damage_healed":0,"gold_gain":0,"player_choice":"Got Potions","damage_taken":0,"max_hp_gain":0,"max_hp_loss":0,"event_name":"Lab","floor":21,"gold_loss":0},{"damage_healed":0,"gold_gain":0,"player_choice":"Copied","damage_taken":0,"max_hp_gain":0,"max_hp_loss":0,"event_name":"Duplicator","floor":39,"gold_loss":0,"cards_obtained":["Coolheaded"]}],"is_beta":false,"boss_relics":[{"not_picked":["Empty Cage","Ectoplasm"],"picked":"Nuclear Battery"},{"not_picked":["Inserter","Coffee Dripper"],"picked":"Busted Crown"}],"items_purged_floors":[3,7,28],"is_endless":false,"potions_floor_spawned":[5,13,14,18,24,29,35,41,44],"killed_by":"Donu and Deca","ascension_level":6}