{"gold_per_floor":[111,124,124,124,124,124,158,182,182,182,196,234,247,266,266,396,396,396,396,396,396,396,396,396,396,396,396,396,78,78,0,0,0,0,0,0,0,0,0,0,0,0,0,0,0,0,0,0,0,0],"floor_reached":51,"playtime":2516,"items_purged":["Writhe"],"score":818,"play_id":"2d90d748-6ff6-4111-8c89-f33a28c12d61","local_time":"20181016015500","daily_mods":["SealedDeck"],"is_ascension_mode":false,"campfire_choices":[{"data":"Armaments","floor":6,"key":"SMITH"},{"data":"Body Slam","floor":10,"key":"SMITH"},{"data":"Spot Weakness","floor":15,"key":"SMITH"},{"data":"Metallicize","floor":23,"key":"SMITH"},{"data":"Metallicize","floor":30,"key":"SMITH"},{"data":"Iron Wave","floor":32,"key":"SMITH"},{"floor":47,"key":"REST"},{"floor":49,"key":"REST"}],"neow_cost":"","seed_source_timestamp":0,"circlet_count":0,"master_deck":["Clash","Headbutt","Shrug It Off","Shrug It Off","Warcry","Iron Wave+1","Iron Wave","Armaments+1","Iron Wave","Body Slam+1","Battle Trance","Spot Weakness+1","Warcry","Iron Wave","Metallicize+1","Entrench+1","Double Tap+1","Rage+1","Metallicize+1","Spot Weakness+1","Demon Form+1","Panache+1","Shrug It Off+1","Metallicize+1","Shrug It Off+1","Warcry+1","Barricade+1","Iron Wave+1"],"relics":["Burning Blood","Bloody Idol","Kunai","Red Skull","Toxic Egg 2","Ectoplasm","PreservedInsect","Question Card","Frozen Egg 2","Shuriken","Fusion Hammer","Red Mask","Pen Nib","Mercury Hourglass"],"potions_floor_usage":[28,50,50],"damage_taken":[{"damage":1,"enemies":"Jaw Worm","floor":1,"turns":2},{"damage":0,"enemies":"2 Louse","floor":2,"turns":5},{"damage":0,"enemies":"Lagavulin","floor":7,"turns":5},{"damage":0,"enemies":"Small Slimes","floor":8,"turns":2},{"damage":0,"enemies":"Exordium Thugs","floor":11,"turns":4},{"damage":4,"enemies":"3 Sentries","floor":12,"turns":6},{"damage":0,"enemies":"Blue Slaver","floor":13,"turns":3},{"damage":0,"enemies":"Large Slime","floor":14,"turns":5},{"damage":21,"enemies":"Slime Boss","floor":16,"turns":10},{"damage":0,"enemies":"Spheric Guardian","floor":18,"turns":1},{"damage":0,"enemies":"Chosen","floor":20,"turns":3},{"damage":10,"enemies":"3 Cultists","floor":22,"turns":5},{"damage":3,"enemies":"Snecko","floor":25,"turns":7},{"damage":3,"enemies":"Sentry and Sphere","floor":27,"turns":6},{"damage":0,"enemies":"Centurion and Healer","floor":28,"turns":1},{"damage":41,"enemies":"Collector","floor":33,"turns":10},{"damage":8,"enemies":"3 Darklings","floor":35,"turns":6},{"damage":7,"enemies":"Orb Walker","floor":38,"turns":3},{"damage":0,"enemies":"Jaw Worm Horde","floor":40,"turns":4},{"damage":11,"enemies":"Maw","floor":41,"turns":7},{"damage":0,"enemies":"3 Darklings","floor":42,"turns":5},{"damage":12,"enemies":"Sphere and 2 Shapes","floor":45,"turns":7},{"damage":0,"enemies":"Giant Head","floor":46,"turns":6},{"damage":0,"enemies":"4 Shapes","floor":48,"turns":4},{"damage":51,"enemies":"Awakened One","floor":50,"turns":8}],"seed_played":"5417195263969483451","potions_obtained":[{"floor":2,"key":"PowerPotion"},{"floor":8,"key":"SmokeBomb"},{"floor":13,"key":"Ancient Potion"},{"floor":33,"key":"SpeedPotion"}],"is_trial":true,"path_per_floor":["M","M","?","?","$","R","E","M","T","R","M","E","M","M","R","B",null,"M","?","M","?","M","R","T","M","T","M","M","$","R","?","R","B",null,"M","?","?","M","$","M","M","M","T","$","M","E","R","M","R","B"],"character_chosen":"IRONCLAD","items_purchased":["Shuriken"],"campfire_rested":2,"item_purchase_floors":[29],"current_hp_per_floor":[80,80,60,60,60,60,66,72,72,72,78,80,80,80,80,65,80,80,80,80,80,76,76,76,79,79,80,80,80,80,80,80,45,80,78,78,78,77,77,80,75,80,80,80,74,80,80,80,80,35],"gold":0,"neow_bonus":"","is_prod":false,"is_daily":false,"chose_seed":false,"campfire_upgraded":6,"win_rate":0,"timestamp":1539622500,"path_taken":["M","M","?","?","?","R","E","M","T","R","M","E","M","M","R","BOSS","M","?","M","?","M","R","?","M","T","?","M","$","R","?","R","BOSS","M","?","?","?","$","M","M","?","T","?","M","E","R","M","R","BOSS"],"build_version":"2018-10-11","purchased_purges":1,"victory":true,"max_hp_per_floor":[80,80,80,80,80,80,80,80,80,80,80,80,80,80,80,80,80,80,80,80,80,80,80,80,80,80,80,80,80,80,80,80,80,80,80,80,80,80,80,80,80,80,80,80,80,80,80,80,80,80],"card_choices":[{"not_picked":["Infernal Blade","Entrench"],"picked":"Body Slam","floor":1},{"not_picked":["Headbutt","Dropkick"],"picked":"Battle Trance","floor":2},{"not_picked":["Heavy Blade","True Grit"],"picked":"Spot Weakness","floor":7},{"not_picked":["Havoc","Body Slam"],"picked":"Warcry","floor":8},{"not_picked":["Pommel Strike","Dropkick"],"picked":"Iron Wave","floor":11},{"not_picked":["Disarm","Warcry"],"picked":"Metallicize","floor":12},{"not_picked":["Whirlwind","Uppercut","Body Slam"],"picked":"SKIP","floor":13},{"not_picked":["Clash","Pommel Strike"],"picked":"Entrench+1","floor":14},{"not_picked":["Immolate","Fiend Fire"],"picked":"Double Tap+1","floor":16},{"not_picked":["Armaments+1","Rupture","Shrug It Off+1"],"picked":"SKIP","floor":18},{"not_picked":["True Grit+1","Anger"],"picked":"Rage+1","floor":20},{"not_picked":["Dropkick","Power Through+1"],"picked":"Metallicize","floor":22},{"not_picked":["Flex+1","Intimidate+1","Clash"],"picked":"Spot Weakness+1","floor":25},{"not_picked":["Wild Strike","Carnage","Hemokinesis","Flex+1"],"picked":"SKIP","floor":27},{"not_picked":["Juggernaut+1","Bludgeon","Reaper"],"picked":"Demon Form+1","floor":33},{"not_picked":["Bloodletting+1","Flame Barrier+1","Clothesline","Perfected Strike+1"],"picked":"SKIP","floor":35},{"not_picked":["Flash of Steel","Metamorphosis+1","Swift Strike"],"picked":"Panache+1","floor":36},{"not_picked":["Armaments+1","Havoc+1","Anger"],"picked":"Shrug It Off+1","floor":38},{"not_picked":["Thunderclap+1","Perfected Strike+1","Pommel Strike"],"picked":"Metallicize+1","floor":40},{"not_picked":["Pummel","Clothesline+1","Carnage","Pommel Strike"],"picked":"SKIP","floor":41},{"not_picked":["Intimidate+1","Sword Boomerang+1","Wild Strike"],"picked":"Shrug It Off+1","floor":42},{"not_picked":["Rage+1","Reckless Charge","Armaments+1"],"picked":"Warcry+1","floor":45},{"not_picked":["Thunderclap","Whirlwind","Flame Barrier+1"],"picked":"Barricade+1","floor":46},{"not_picked":["Sword Boomerang","Perfected Strike","Twin Strike+1"],"picked":"Iron Wave+1","floor":48}],"player_experience":511812,"relics_obtained":[{"floor":7,"key":"Kunai"},{"floor":9,"key":"Red Skull"},{"floor":12,"key":"Toxic Egg 2"},{"floor":24,"key":"Question Card"},{"floor":26,"key":"Frozen Egg 2"},{"floor":43,"key":"Pen Nib"},{"floor":46,"key":"Mercury Hourglass"}],"event_choices":[{"event_name":"Golden Idol","player_choice":"Take Damage","floor":3,"damage_taken":0},{"event_name":"Living Wall","player_choice":"Forget","floor":4,"damage_taken":0},{"event_name":"Forgotten Altar","player_choice":"Gave Idol","floor":19,"damage_taken":0},{"event_name":"The Mausoleum","player_choice":"Yes","floor":21,"damage_taken":0},{"event_name":"Masked Bandits","player_choice":"Paid Fearfully","floor":31,"damage_taken":0},{"event_name":"SensoryStone","player_choice":"Memory 1","floor":36,"damage_taken":0},{"event_name":"Tomb of Lord Red Mask","player_choice":"Paid","floor":37,"damage_taken":0}],"is_beta":true,"boss_relics":[{"not_picked":["Runic Pyramid","Snecko Eye"],"picked":"Ectoplasm"},{"not_picked":["Orrery","Busted Crown"],"picked":"Fusion Hammer"}],"items_purged_floors":[29],"is_endless":false,"potions_floor_spawned":[2,8,13,14,20,22,33,35,41,46],"ascension_level":0}