{"path_per_floor":["M","?","?","M","T","R","?","E","T","M","R","M","M","?","R"],"character_chosen":"THE_SILENT","items_purchased":[],"gold_per_floor":[115,115,115,128,128,128,128,169,224,238,238,259,279,309,309,309],"floor_reached":16,"campfire_rested":3,"playtime":1002,"current_hp_per_floor":[67,34,34,32,32,53,53,1,1,1,20,20,20,20,39,0],"items_purged":[],"gold":309,"score":115,"play_id":"a73a760b-b0f4-49d9-b6ef-cd1ca591b762","local_time":"20180428193646","is_prod":false,"is_daily":false,"chose_seed":false,"is_ascension_mode":true,"campfire_upgraded":0,"timestamp":1524911806,"path_taken":["M","?","?","M","?","R","?","E","T","M","R","M","M","?","R","BOSS"],"build_version":"2018-04-26","seed_source_timestamp":39641941263190,"purchased_purges":0,"victory":false,"master_deck":["Defend_G","Defend_G","Defend_G","Defend_G","Defend_G+1","Strike_G","Strike_G","Strike_G","Strike_G","Strike_G","Survivor","Neutralize","Cloak And Dagger+1","Backflip+1","Prepared","Prepared","Infinite Blades","Deflect"],"max_hp_per_floor":[70,70,70,70,70,70,65,65,65,65,65,65,65,65,65,65],"relics":["Sozu","Tough Bandages","Darkstone Periapt","Golden Idol","War Paint","Juzu Bracelet","Centennial Puzzle"],"card_choices":[{"not_picked":["Quick Slash","Outmaneuver"],"picked":"Cloak And Dagger","floor":1},{"not_picked":["PiercingWail","Finisher"],"picked":"Backflip","floor":4},{"not_picked":["Deflect","Catalyst"],"picked":"Prepared","floor":8},{"not_picked":["Concentrate","Crippling Poison"],"picked":"Prepared","floor":10},{"not_picked":["Sucker Punch","Deflect"],"picked":"Infinite Blades","floor":12},{"not_picked":["Flechettes","Blur"],"picked":"Deflect","floor":13}],"player_experience":95329,"potions_floor_usage":[],"damage_taken":[{"damage":3,"enemies":"Small Slimes","floor":1,"turns":5},{"damage":2,"enemies":"2 Louse","floor":4,"turns":2},{"damage":52,"enemies":"Gremlin Nob","floor":8,"turns":6},{"damage":0,"enemies":"Cultist","floor":10,"turns":4},{"damage":0,"enemies":"Blue Slaver","floor":12,"turns":5},{"damage":0,"enemies":"2 Fungi Beasts","floor":13,"turns":5},{"damage":47,"enemies":"Slime Boss","floor":16,"turns":14}],"event_choices":[{"event_name":"Scrap Ooze","player_choice":"success","floor":2,"damage_taken":33},{"event_name":"Upgrade Shrine","player_choice":"Upgraded","floor":3,"damage_taken":0},{"event_name":"Golden Idol","player_choice":"Lose Max HP","floor":7,"damage_taken":0},{"event_name":"Dead Adventurer","player_choice":"Searched \u00272\u0027 times","floor":14,"damage_taken":0}],"boss_relics":[],"potions_floor_spawned":[4,13],"seed_played":"-2393817437612366680","killed_by":"Slime Boss","ascension_level":3,"is_trial":false}