{"path_per_floor":["M","M","?","M","M","E","?","R","T","R","E","M","M","?","R","B",null,"M","$","?","M","T","E","?","M","T","?","$","M"],"character_chosen":"THE_SILENT","items_purchased":["Bottled Tornado","Deadly Poison","Noxious Fumes"],"gold_per_floor":[147,161,111,124,144,174,174,174,197,197,227,238,258,258,258,359,359,369,10,10,20,20,54,54,67,93,93,17,31,31],"floor_reached":30,"campfire_rested":3,"playtime":1923,"current_hp_per_floor":[70,65,65,65,15,10,10,32,32,54,37,35,26,26,48,22,75,75,75,75,53,53,47,30,12,12,12,12,5,0],"items_purged":["Strike_G"],"gold":31,"score":311,"play_id":"bdacd0a8-0a32-4d9c-9fd2-f6f5b2e780aa","local_time":"20180401195823","is_prod":false,"is_daily":false,"is_ascension_mode":false,"campfire_upgraded":0,"timestamp":1522627103,"path_taken":["M","M","?","M","M","E","?","R","T","R","E","?","?","?","R","BOSS","M","$","?","?","?","E","?","M","T","?","?","M","M"],"build_version":"2018-03-29v2","purchased_purges":1,"victory":false,"master_deck":["Defend_G","Defend_G","Defend_G","Defend_G+1","Defend_G","Strike_G","Strike_G","Strike_G","Survivor","Neutralize","Catalyst","Deadly Poison","Poisoned Stab","Prepared","Slice","Heel Hook","Bullet Time","Noxious Fumes+1","Wraith Form","Deadly Poison","Deadly Poison","PiercingWail+1","Poisoned Stab","Backflip","Noxious Fumes","Deadly Poison+1"],"max_hp_per_floor":[75,75,75,75,75,75,75,75,75,75,75,75,75,75,75,75,75,75,75,75,75,75,89,94,94,94,94,94,94,94],"relics":["Tiny House","Happy Flower","Anchor","Bottled Flame","Eternal Feather","Bottled Tornado","Shovel","Mango","Lantern"],"card_choices":[{"not_picked":["Poisoned Stab","Riddle With Holes"],"picked":"Catalyst","floor":0},{"not_picked":["Bane","Malaise"],"picked":"Deadly Poison","floor":1},{"not_picked":["Expertise","Terror"],"picked":"Poisoned Stab","floor":2},{"not_picked":["Escape Plan","Malaise"],"picked":"Prepared","floor":5},{"not_picked":["PiercingWail","Cloak And Dagger"],"picked":"Slice","floor":6},{"not_picked":["Prepared","Sucker Punch"],"picked":"Heel Hook","floor":11},{"not_picked":["Underhanded Strike","Cloak And Dagger"],"picked":"Bullet Time","floor":12},{"not_picked":["Caltrops","Eviscerate"],"picked":"Noxious Fumes","floor":13},{"not_picked":["A Thousand Cuts","Doppelganger"],"picked":"Wraith Form","floor":16},{"not_picked":["Underhanded Strike","Slice"],"picked":"Deadly Poison","floor":18},{"not_picked":["Backflip","Well Laid Plans"],"picked":"PiercingWail","floor":21},{"not_picked":["Acrobatics","Slice"],"picked":"Poisoned Stab","floor":23},{"not_picked":["Skewer","Reflex"],"picked":"Backflip","floor":25},{"not_picked":["Caltrops","Storm of Steel"],"picked":"Deadly Poison","floor":29}],"player_experience":78747,"potions_floor_usage":[6,6,6,18,23,23,29],"damage_taken":[{"damage":5,"enemies":"2 Louse","floor":1,"turns":3},{"damage":5,"enemies":"Cultist","floor":2,"turns":5},{"damage":0,"enemies":"Small Slimes","floor":4,"turns":3},{"damage":50,"enemies":"Gremlin Gang","floor":5,"turns":6},{"damage":5,"enemies":"Gremlin Nob","floor":6,"turns":4},{"damage":17,"enemies":"3 Sentries","floor":11,"turns":12},{"damage":2,"enemies":"Looter","floor":12,"turns":3},{"damage":9,"enemies":"Red Slaver","floor":13,"turns":5},{"damage":26,"enemies":"Hexaghost","floor":16,"turns":8},{"damage":0,"enemies":"Chosen","floor":18,"turns":4},{"damage":22,"enemies":"Spheric Guardian","floor":21,"turns":5},{"damage":20,"enemies":"Book of Stabbing","floor":23,"turns":5},{"damage":18,"enemies":"Snake Plant","floor":25,"turns":4},{"damage":7,"enemies":"3 Cultists","floor":29,"turns":5},{"damage":6,"enemies":"Centurion and Healer","floor":30,"turns":4}],"event_choices":[{"event_name":"The Cleric","player_choice":"Card Removal","floor":3,"damage_taken":0},{"event_name":"The Woman in Blue","player_choice":"Bought 0 Potions","floor":7,"damage_taken":0},{"event_name":"Upgrade Shrine","player_choice":"Upgraded","floor":14,"damage_taken":0},{"event_name":"Addict","player_choice":"Ignored","floor":20,"damage_taken":0},{"event_name":"Forgotten Altar","player_choice":"Shed Blood","floor":24,"damage_taken":0},{"event_name":"Ghosts","player_choice":"Ignored","floor":27,"damage_taken":0}],"boss_relics":[{"not_picked":["Orrery","Cursed Key"],"picked":"Eternal Feather"}],"potions_floor_spawned":[1,5,12,16,21,25],"seed_played":"2070290651521878306","killed_by":"Centurion and Healer","ascension_level":0,"is_trial":false}