{"gold_per_floor":[116,130,130,157,176,176,126,154,180,210,210,25,25,55,55,151,151,162,162,162,162,189,189,200,214,214,37,37,47,79,23,23,23],"floor_reached":33,"playtime":1846,"items_purged":[],"score":400,"play_id":"7759926d-33aa-4a3b-8e90-1f108cfafc2f","local_time":"20190204232904","is_ascension_mode":true,"campfire_choices":[{"data":"Cloak And Dagger","floor":6,"key":"SMITH"},{"data":"Skewer","floor":11,"key":"SMITH"},{"floor":13,"key":"REST"},{"data":"Concentrate","floor":15,"key":"SMITH"},{"data":"A Thousand Cuts","floor":23,"key":"SMITH"},{"data":"Caltrops","floor":32,"key":"SMITH"}],"neow_cost":"NONE","seed_source_timestamp":2340274324891201,"circlet_count":0,"master_deck":["Defend_G","Defend_G","Defend_G","Defend_G","Defend_G","Survivor","Neutralize","Backflip","Cloak And Dagger+1","Blur","Caltrops","Skewer+1","Caltrops","Concentrate+1","A Thousand Cuts+1","Quick Slash","Well Laid Plans","Bite","Bite","Bite","Bite","Bite","Ghostly","Ghostly","Ghostly","Ghostly","Ghostly","Poisoned Stab","Noxious Fumes","Flying Knee","Caltrops+1","Infinite Blades","Shame","Footwork"],"relics":["Ring of the Snake","Oddly Smooth Stone","The Courier","Anchor","Potion Belt","Lantern","Odd Mushroom","PreservedInsect","Pen Nib","Busted Crown","Ninja Scroll","Ancient Tea Set","Singing Bowl"],"potions_floor_usage":[8,8,29,29],"damage_taken":[{"damage":0,"enemies":"Cultist","floor":1,"turns":5},{"damage":3,"enemies":"Small Slimes","floor":2,"turns":4},{"damage":2,"enemies":"Jaw Worm","floor":5,"turns":4},{"damage":10,"enemies":"Lagavulin","floor":8,"turns":6},{"damage":12,"enemies":"The Mushroom Lair","floor":10,"turns":6},{"damage":11,"enemies":"3 Sentries","floor":14,"turns":6},{"damage":16,"enemies":"Hexaghost","floor":16,"turns":9},{"damage":0,"enemies":"Spheric Guardian","floor":18,"turns":3},{"damage":21,"enemies":"Chosen","floor":24,"turns":6},{"damage":2,"enemies":"Snecko","floor":25,"turns":5},{"damage":0,"enemies":"Centurion and Healer","floor":29,"turns":6},{"damage":5,"enemies":"Slavers","floor":30,"turns":3},{"damage":24,"enemies":"Automaton","floor":33,"turns":2}],"seed_played":"6331014567525089756","potions_obtained":[{"floor":2,"key":"Poison Potion"},{"floor":5,"key":"Poison Potion"},{"floor":24,"key":"Block Potion"},{"floor":25,"key":"Block Potion"},{"floor":29,"key":"Energy Potion"}],"is_trial":false,"path_per_floor":["M","M","?","T","M","R","?","E","T","?","R","$","R","E","R","B",null,"M","?","?","?","T","R","M","M","T","$","?","M","E","$","R","B"],"character_chosen":"THE_SILENT","items_purchased":["PreservedInsect","Caltrops","Noxious Fumes","Flying Knee","Caltrops","Infinite Blades","Footwork"],"campfire_rested":1,"item_purchase_floors":[12,12,27,27,27,27,31],"current_hp_per_floor":[63,60,60,60,58,58,58,48,48,36,36,36,57,46,46,30,60,60,60,49,24,24,24,5,15,15,15,15,23,22,22,22,0],"gold":23,"neow_bonus":"RANDOM_COMMON_RELIC","is_prod":false,"is_daily":false,"chose_seed":false,"campfire_upgraded":5,"win_rate":0,"timestamp":1549340944,"path_taken":["M","?","?","?","M","R","?","E","T","?","R","$","R","E","R","BOSS","M","?","?","?","?","R","M","M","T","$","?","M","E","?","R","BOSS"],"build_version":"2019-01-23","purchased_purges":0,"victory":false,"max_hp_per_floor":[70,70,70,70,70,70,70,70,70,70,70,70,70,70,70,70,70,70,70,49,24,24,24,24,24,24,24,24,24,26,26,26,26],"card_choices":[{"not_picked":["Underhanded Strike","All Out Attack"],"picked":"Backflip","floor":1},{"not_picked":["Outmaneuver","Tactician"],"picked":"Cloak And Dagger","floor":2},{"not_picked":["Poisoned Stab","Bane"],"picked":"Blur","floor":5},{"not_picked":["Backflip","Bullet Time"],"picked":"Caltrops","floor":8},{"not_picked":["Dash","Cloak And Dagger"],"picked":"Skewer","floor":10},{"not_picked":["Skewer","Backflip"],"picked":"Concentrate","floor":14},{"not_picked":["Die Die Die","Storm of Steel"],"picked":"A Thousand Cuts","floor":16},{"not_picked":[],"picked":"Quick Slash","floor":18},{"not_picked":[],"picked":"Poisoned Stab","floor":24},{"not_picked":["Blade Dance"],"picked":"SKIP","floor":25},{"not_picked":["Slice"],"picked":"SKIP","floor":29},{"not_picked":["Dagger Throw"],"picked":"Singing Bowl","floor":30}],"player_experience":298584,"relics_obtained":[{"floor":4,"key":"Anchor"},{"floor":8,"key":"Potion Belt"},{"floor":9,"key":"Lantern"},{"floor":10,"key":"Odd Mushroom"},{"floor":14,"key":"Pen Nib"},{"floor":26,"key":"Ninja Scroll"},{"floor":30,"key":"Singing Bowl"}],"event_choices":[{"damage_healed":0,"gold_gain":0,"player_choice":"Box","damage_taken":0,"relics_obtained":["The Courier"],"max_hp_gain":0,"max_hp_loss":0,"event_name":"Big Fish","floor":3,"gold_loss":0,"cards_obtained":["Regret"]},{"cards_removed":["Regret"],"damage_healed":0,"gold_gain":0,"player_choice":"Card Removal","damage_taken":0,"max_hp_gain":0,"max_hp_loss":0,"event_name":"The Cleric","floor":7,"gold_loss":50},{"damage_healed":0,"gold_gain":0,"player_choice":"Fought Mushrooms","damage_taken":0,"max_hp_gain":0,"max_hp_loss":0,"event_name":"Mushrooms","floor":10,"gold_loss":0},{"damage_healed":0,"gold_gain":0,"player_choice":"Read","damage_taken":0,"max_hp_gain":0,"max_hp_loss":0,"event_name":"The Library","floor":19,"gold_loss":0,"cards_obtained":["Well Laid Plans"]},{"damage_healed":0,"gold_gain":0,"player_choice":"Became a vampire","damage_taken":0,"max_hp_gain":0,"max_hp_loss":21,"event_name":"Vampires","floor":20,"gold_loss":0,"cards_obtained":["Bite","Bite","Bite","Bite","Bite"]},{"damage_healed":0,"gold_gain":0,"player_choice":"Became a Ghost","damage_taken":0,"max_hp_gain":0,"max_hp_loss":25,"event_name":"Ghosts","floor":21,"gold_loss":0,"cards_obtained":["Ghostly","Ghostly","Ghostly","Ghostly","Ghostly"]},{"damage_healed":0,"gold_gain":0,"player_choice":"Stole Relic","damage_taken":0,"relics_obtained":["Ancient Tea Set"],"max_hp_gain":0,"max_hp_loss":0,"event_name":"Addict","floor":28,"gold_loss":0,"cards_obtained":["Shame"]}],"is_beta":false,"boss_relics":[{"not_picked":["White Beast Statue","Calling Bell"],"picked":"Busted Crown"}],"items_purged_floors":[],"is_endless":false,"potions_floor_spawned":[2,5,24,25,29],"killed_by":"Automaton","ascension_level":6}