{"gold_per_floor":[118,135,193,193,25,25,57,57,108,58,87,99,125,137,149,264,276,273,285,82,100,111,138,138,148,148,148,148],"floor_reached":28,"playtime":1952,"items_purged":["Strike_B"],"score":244,"play_id":"d8428564-458a-46da-9158-768fc0278f66","local_time":"20190209163056","is_ascension_mode":false,"campfire_choices":[{"data":"Zap","floor":6,"key":"SMITH"},{"floor":8,"key":"REST"},{"floor":15,"key":"REST"},{"floor":24,"key":"REST"},{"floor":27,"key":"REST"}],"neow_cost":"NONE","seed_source_timestamp":703470967122686,"circlet_count":0,"master_deck":["Strike_B","Defend_B","Defend_B","Defend_B","Defend_B","Zap+1","Dualcast","Leap","All For One","Panache","Streamline","Steam","Go for the Eyes","Core Surge","Normality","Decay","Writhe","Hologram","Hologram","Loop","Coolheaded","Cold Snap","Gash+1","Beam Cell"],"relics":["Cracked Core","Pantograph","Bronze Scales","MawBank","Calling Bell","Oddly Smooth Stone","Kunai","Du-Vu Doll","Omamori"],"potions_floor_usage":[22,28,28],"damage_taken":[{"damage":0,"enemies":"Cultist","floor":1,"turns":3},{"damage":0,"enemies":"Small Slimes","floor":2,"turns":3},{"damage":27,"enemies":"Lagavulin","floor":7,"turns":7},{"damage":29,"enemies":"3 Sentries","floor":11,"turns":9},{"damage":0,"enemies":"2 Louse","floor":13,"turns":2},{"damage":40,"enemies":"The Guardian","floor":16,"turns":12},{"damage":20,"enemies":"2 Thieves","floor":18,"turns":4},{"damage":14,"enemies":"Shell Parasite","floor":21,"turns":7},{"damage":9,"enemies":"Centurion and Healer","floor":22,"turns":10},{"damage":45,"enemies":"Slavers","floor":23,"turns":7},{"damage":6,"enemies":"Shelled Parasite and Fungi","floor":25,"turns":6},{"damage":63,"enemies":"3 Cultists","floor":28,"turns":5}],"seed_played":"8743048509544779499","potions_obtained":[{"floor":0,"key":"AttackPotion"},{"floor":0,"key":"Block Potion"},{"floor":0,"key":"SkillPotion"},{"floor":2,"key":"GamblersBrew"},{"floor":7,"key":"Regen Potion"},{"floor":16,"key":"GamblersBrew"},{"floor":19,"key":"Regen Potion"},{"floor":25,"key":"SteroidPotion"}],"is_trial":false,"path_per_floor":["M","M","?","?","$","R","E","R","T","?","E","?","M","?","R","B",null,"M","?","$","M","M","E","R","M","T","R","M"],"character_chosen":"DEFECT","items_purchased":["Panache","Hologram","Loop","Coolheaded"],"campfire_rested":4,"item_purchase_floors":[5,20,20,20],"current_hp_per_floor":[75,75,75,80,80,80,53,77,77,77,48,48,48,40,64,40,80,60,60,60,46,52,7,31,25,25,49,0],"gold":148,"neow_bonus":"THREE_SMALL_POTIONS","is_prod":false,"is_daily":false,"chose_seed":false,"campfire_upgraded":1,"win_rate":0,"timestamp":1549726256,"path_taken":["M","M","?","?","$","R","E","R","T","?","E","?","?","?","R","BOSS","M","?","$","M","M","E","R","M","T","R","M"],"build_version":"2019-01-23","purchased_purges":1,"victory":false,"max_hp_per_floor":[75,75,75,80,80,80,80,80,80,80,80,80,80,80,80,80,80,80,80,80,80,80,80,80,80,80,80,80],"card_choices":[{"not_picked":["Barrage","BootSequence"],"picked":"Leap","floor":1},{"not_picked":["Genetic Algorithm","Reinforced Body"],"picked":"All For One","floor":2},{"not_picked":["Hello World","Hyperbeam"],"picked":"Streamline","floor":7},{"not_picked":["Stack","Compile Driver"],"picked":"Steam","floor":11},{"not_picked":["Cold Snap","Beam Cell"],"picked":"Go for the Eyes","floor":13},{"not_picked":["Meteor Strike","Amplify"],"picked":"Core Surge","floor":16},{"not_picked":["Ball Lightning","Doom and Gloom"],"picked":"Hologram","floor":18},{"not_picked":["Auto Shields+1","Double Energy"],"picked":"Cold Snap","floor":21},{"not_picked":["Beam Cell","Ball Lightning"],"picked":"Gash+1","floor":22},{"not_picked":["Reinforced Body","Rip and Tear","Chaos"],"picked":"SKIP","floor":23},{"not_picked":["Conserve Battery+1","Reinforced Body+1"],"picked":"Beam Cell","floor":25}],"player_experience":634541,"relics_obtained":[{"floor":7,"key":"Pantograph"},{"floor":9,"key":"Bronze Scales"},{"floor":11,"key":"MawBank"},{"floor":17,"key":"Oddly Smooth Stone"},{"floor":17,"key":"Kunai"},{"floor":17,"key":"Du-Vu Doll"},{"floor":23,"key":"Omamori"}],"event_choices":[{"damage_healed":0,"gold_gain":58,"player_choice":"Gained Gold","damage_taken":0,"max_hp_gain":0,"max_hp_loss":0,"event_name":"Golden Wing","floor":3,"gold_loss":0},{"damage_healed":0,"gold_gain":0,"player_choice":"Donut","damage_taken":0,"max_hp_gain":5,"max_hp_loss":0,"event_name":"Big Fish","floor":4,"gold_loss":0},{"cards_removed":["Strike_B"],"damage_healed":0,"gold_gain":0,"player_choice":"Card Removal","damage_taken":0,"max_hp_gain":0,"max_hp_loss":0,"event_name":"The Cleric","floor":10,"gold_loss":50},{"cards_removed":["Strike_B"],"damage_healed":0,"gold_gain":0,"player_choice":"Offered Basic","damage_taken":0,"max_hp_gain":0,"max_hp_loss":0,"event_name":"Bonfire Elementals","floor":12,"gold_loss":0},{"damage_healed":0,"gold_gain":0,"player_choice":"Damaged","damage_taken":8,"max_hp_gain":0,"max_hp_loss":0,"event_name":"Wheel of Change","floor":14,"gold_loss":0},{"damage_healed":0,"gold_gain":0,"player_choice":"Got Potions","damage_taken":0,"max_hp_gain":0,"max_hp_loss":0,"event_name":"Lab","floor":19,"gold_loss":0}],"is_beta":false,"boss_relics":[{"not_picked":["Sozu","Orrery"],"picked":"Calling Bell"}],"items_purged_floors":[20],"is_endless":false,"potions_floor_spawned":[2,7,16,18,25],"killed_by":"3 Cultists","ascension_level":0}