{"gold_per_floor":[111,111,286,286,304,333,333,350,350,350,365,315,315,330,330,432,432,446,446,446],"floor_reached":20,"playtime":1081,"items_purged":[],"score":207,"play_id":"d0a7c0ac-5eec-48bf-abee-28ac70d4582c","local_time":"20190106152146","is_ascension_mode":true,"campfire_choices":[{"data":"Heatsinks","floor":7,"key":"SMITH"},{"data":"Sunder","floor":10,"key":"SMITH"},{"data":"Defragment","floor":13,"key":"SMITH"},{"floor":15,"key":"REST"}],"neow_cost":"NONE","seed_source_timestamp":474759841541189,"circlet_count":0,"master_deck":["Strike_B","Defend_B","Defend_B","Defend_B","Defend_B","Zap","Dualcast","Heatsinks+1","Capacitor","Doubt","Sunder+1","All For One","Defragment+1","Amplify","Compile Driver+1","Redo","Creative AI","Doubt","Doubt","Shame","Coolheaded+1","Glacier+1"],"relics":["Cracked Core","NeowsBlessing","Prayer Wheel","Molten Egg 2","Calling Bell","Ancient Tea Set","Toxic Egg 2","Incense Burner","Nilry\u0027s Codex"],"potions_floor_usage":[],"damage_taken":[{"damage":0,"enemies":"2 Louse","floor":1,"turns":1},{"damage":0,"enemies":"Small Slimes","floor":5,"turns":1},{"damage":0,"enemies":"Lagavulin","floor":6,"turns":1},{"damage":8,"enemies":"Jaw Worm","floor":8,"turns":3},{"damage":0,"enemies":"3 Louse","floor":11,"turns":2},{"damage":10,"enemies":"Looter","floor":14,"turns":3},{"damage":42,"enemies":"Slime Boss","floor":16,"turns":8},{"damage":52,"enemies":"Spheric Guardian","floor":18,"turns":6},{"damage":9,"enemies":"Chosen","floor":20,"turns":4}],"seed_played":"5996896767246684649","potions_obtained":[{"floor":6,"key":"Explosive Potion"},{"floor":11,"key":"FocusPotion"},{"floor":14,"key":"Swift Potion"}],"is_trial":false,"path_per_floor":["M","?","?","?","M","E","R","M","T","R","M","?","R","M","R","B",null,"M","?","M"],"character_chosen":"DEFECT","items_purchased":[],"campfire_rested":1,"item_purchase_floors":[],"current_hp_per_floor":[75,75,75,68,68,68,68,60,60,60,60,60,60,50,72,30,75,23,7,0],"gold":446,"neow_bonus":"THREE_ENEMY_KILL","is_prod":false,"is_daily":false,"chose_seed":false,"campfire_upgraded":3,"win_rate":0,"timestamp":1546784506,"path_taken":["M","?","?","?","M","E","R","M","T","R","?","?","R","M","R","BOSS","M","?","M"],"build_version":"2019-01-03v4","purchased_purges":0,"victory":false,"max_hp_per_floor":[75,75,75,75,75,75,75,75,75,75,75,75,75,75,75,75,75,75,75,75],"card_choices":[{"not_picked":["Hologram","Darkness"],"picked":"Heatsinks","floor":1},{"not_picked":["Rip and Tear","Beam Cell"],"picked":"Sunder","floor":5},{"not_picked":["Gash","Go for the Eyes"],"picked":"All For One","floor":6},{"not_picked":["Go for the Eyes","Sweeping Beam","Turbo"],"picked":"SKIP","floor":8},{"not_picked":["Gash","Sweeping Beam","Chaos"],"picked":"SKIP","floor":8},{"not_picked":["Consume","Conserve Battery"],"picked":"Defragment","floor":11},{"not_picked":["Go for the Eyes+1","Stack"],"picked":"Amplify","floor":11},{"not_picked":["Beam Cell+1","Barrage+1"],"picked":"Compile Driver+1","floor":14},{"not_picked":["Cold Snap+1","Turbo"],"picked":"Redo","floor":14},{"not_picked":["Biased Cognition","Buffer"],"picked":"Creative AI","floor":16},{"not_picked":["Barrage+1","Ball Lightning+1"],"picked":"Coolheaded+1","floor":18},{"not_picked":["Stack+1","Gash+1"],"picked":"Glacier+1","floor":18}],"player_experience":108564,"relics_obtained":[{"floor":6,"key":"Prayer Wheel"},{"floor":9,"key":"Molten Egg 2"},{"floor":17,"key":"Ancient Tea Set"},{"floor":17,"key":"Toxic Egg 2"},{"floor":17,"key":"Incense Burner"},{"floor":19,"key":"Nilry\u0027s Codex"}],"event_choices":[{"damage_healed":0,"gold_gain":0,"cards_transformed":["Strike_B"],"player_choice":"Change","damage_taken":0,"max_hp_gain":0,"max_hp_loss":0,"event_name":"Living Wall","floor":2,"gold_loss":0,"cards_obtained":["Capacitor"]},{"damage_healed":0,"gold_gain":175,"player_choice":"AGREE","damage_taken":0,"max_hp_gain":0,"max_hp_loss":0,"event_name":"Liars Game","floor":3,"gold_loss":0,"cards_obtained":["Doubt"]},{"cards_removed":["Strike_B"],"damage_healed":0,"gold_gain":0,"player_choice":"Card Removal","damage_taken":7,"max_hp_gain":0,"max_hp_loss":0,"event_name":"Golden Wing","floor":4,"gold_loss":0},{"cards_removed":["Strike_B"],"damage_healed":0,"gold_gain":0,"player_choice":"Card Removal","damage_taken":0,"max_hp_gain":0,"max_hp_loss":0,"event_name":"The Cleric","floor":12,"gold_loss":50},{"damage_healed":0,"gold_gain":0,"player_choice":"Obtained Book","damage_taken":16,"max_hp_gain":0,"max_hp_loss":0,"event_name":"Cursed Tome","floor":19,"gold_loss":0}],"is_beta":false,"boss_relics":[{"not_picked":["Inserter","Astrolabe"],"picked":"Calling Bell"}],"items_purged_floors":[],"is_endless":false,"potions_floor_spawned":[6,11,14],"killed_by":"Chosen","ascension_level":1}