{"gold_per_floor":[19,19,32,44,61,61,61,61,61,79,79,79,92,123,123,218,218,218,218,218,218,63,63,63,63,63,63,63,63,63,63,63,63,63,63,63,63,63,63,63,63,63,63,0,0],"floor_reached":45,"playtime":2770,"items_purged":[],"score":493,"play_id":"866f3a16-a648-486e-95b3-2055e862929f","local_time":"20190119163044","is_ascension_mode":false,"campfire_choices":[{"data":"Prepared","floor":6,"key":"SMITH"},{"data":"Skewer","floor":12,"key":"SMITH"},{"data":"Neutralize","floor":15,"key":"SMITH"},{"floor":23,"key":"REST"},{"floor":32,"key":"REST"},{"floor":40,"key":"REST"}],"neow_cost":"NO_GOLD","seed_source_timestamp":1500960162510514,"circlet_count":0,"master_deck":["Defend_G","Defend_G","Defend_G","Defend_G","Strike_G+1","Strike_G","Strike_G","Strike_G","Strike_G+1","Survivor","Neutralize+1","Skewer+1","Prepared+1","Burst","Quick Slash","Flying Knee","Calculated Gamble","Corpse Explosion","Blade Dance","Tactician","Backstab","Backstab+1","Calculated Gamble+1","Quick Slash","All Out Attack+1","Escape Plan+1","Dagger Throw","Grand Finale","Backflip","Bane+1","Tactician","Reflex","Accuracy+1","Blade Dance","Acrobatics","Cloak And Dagger+1","Parasite","Escape Plan+1","Mayhem"],"relics":["Ring of the Snake","Calipers","Shuriken","Art of War","Ectoplasm","Happy Flower","The Specimen","Centennial Puzzle","Gambling Chip","Orrery","Tingsha","Dream Catcher","Red Mask"],"potions_floor_usage":[],"damage_taken":[{"damage":5,"enemies":"Small Slimes","floor":1,"turns":4},{"damage":4,"enemies":"Jaw Worm","floor":3,"turns":6},{"damage":0,"enemies":"2 Louse","floor":4,"turns":2},{"damage":32,"enemies":"Exordium Thugs","floor":5,"turns":7},{"damage":5,"enemies":"Red Slaver","floor":10,"turns":6},{"damage":2,"enemies":"Looter","floor":13,"turns":3},{"damage":6,"enemies":"Gremlin Nob","floor":14,"turns":3},{"damage":26,"enemies":"Slime Boss","floor":16,"turns":9},{"damage":14,"enemies":"Spheric Guardian","floor":18,"turns":4},{"damage":6,"enemies":"Chosen","floor":19,"turns":3},{"damage":14,"enemies":"Snecko","floor":20,"turns":5},{"damage":21,"enemies":"Snake Plant","floor":21,"turns":4},{"damage":0,"enemies":"Gremlin Leader","floor":24,"turns":3},{"damage":0,"enemies":"3 Cultists","floor":27,"turns":1},{"damage":2,"enemies":"Cultist and Chosen","floor":28,"turns":4},{"damage":2,"enemies":"Centurion and Healer","floor":29,"turns":3},{"damage":11,"enemies":"Snake Plant","floor":31,"turns":2},{"damage":20,"enemies":"Collector","floor":33,"turns":7},{"damage":10,"enemies":"3 Shapes","floor":35,"turns":3},{"damage":19,"enemies":"2 Orb Walkers","floor":36,"turns":4},{"damage":17,"enemies":"3 Darklings","floor":37,"turns":3},{"damage":13,"enemies":"Transient","floor":38,"turns":5},{"damage":21,"enemies":"Writhing Mass","floor":39,"turns":4},{"damage":4,"enemies":"Sphere and 2 Shapes","floor":42,"turns":3},{"damage":30,"enemies":"Transient","floor":45,"turns":4}],"seed_played":"-568601743986562585","potions_obtained":[{"floor":3,"key":"PowerPotion"},{"floor":10,"key":"GamblersBrew"},{"floor":13,"key":"SkillPotion"},{"floor":24,"key":"Regen Potion"},{"floor":36,"key":"Strength Potion"}],"is_trial":false,"path_per_floor":["M","?","M","M","M","R","?","?","T","M","$","R","M","E","R","B",null,"M","M","M","M","$","R","E","T","T","M","M","M","?","M","R","B",null,"M","?","M","M","M","R","?","M","T","?","M"],"character_chosen":"THE_SILENT","items_purchased":["Happy Flower"],"campfire_rested":3,"item_purchase_floors":[22],"current_hp_per_floor":[79,62,58,58,26,26,19,84,84,79,79,79,77,71,71,45,84,70,64,50,29,29,54,54,54,54,54,52,50,50,39,64,44,84,74,55,38,25,4,29,29,25,25,25,0],"gold":0,"neow_bonus":"TWENTY_PERCENT_HP_BONUS","is_prod":false,"is_daily":false,"chose_seed":false,"campfire_upgraded":3,"win_rate":0.0,"timestamp":1547911844,"path_taken":["M","?","M","M","M","R","?","?","T","M","$","R","?","E","R","BOSS","M","M","M","M","$","R","E","?","T","M","M","M","?","?","R","BOSS","M","?","M","M","M","R","?","M","T","?","M"],"build_version":"2019-01-17v2","purchased_purges":0,"victory":false,"max_hp_per_floor":[84,84,84,84,84,84,84,84,84,84,84,84,84,84,84,84,84,84,84,84,84,84,84,84,84,84,84,84,84,84,84,84,84,84,84,84,84,84,84,84,84,84,84,84,84],"card_choices":[{"not_picked":["Deflect","Dagger Spray"],"picked":"Footwork","floor":1},{"not_picked":["Deflect","Blade Dance"],"picked":"Skewer","floor":3},{"not_picked":["Slice","Underhanded Strike"],"picked":"Prepared","floor":4},{"not_picked":["Backflip","Leg Sweep"],"picked":"Burst","floor":5},{"not_picked":["PiercingWail","Endless Agony"],"picked":"Quick Slash","floor":10},{"not_picked":["Dodge and Roll","Sucker Punch"],"picked":"Flying Knee","floor":13},{"not_picked":["Poisoned Stab","Grand Finale"],"picked":"Calculated Gamble","floor":14},{"not_picked":["Tools of the Trade","Malaise"],"picked":"Corpse Explosion","floor":16},{"not_picked":["Slice","Crippling Poison"],"picked":"Blade Dance","floor":18},{"not_picked":["Sucker Punch","Skewer"],"picked":"Tactician","floor":19},{"not_picked":["Dagger Throw","Flying Knee"],"picked":"Backstab","floor":20},{"not_picked":["Underhanded Strike","Blade Dance"],"picked":"Backstab+1","floor":21},{"not_picked":["Doppelganger","Prepared+1"],"picked":"Calculated Gamble+1","floor":24},{"not_picked":["PiercingWail","Poisoned Stab"],"picked":"Quick Slash","floor":27},{"not_picked":["Poisoned Stab+1","Flechettes"],"picked":"All Out Attack+1","floor":28},{"not_picked":["Deflect+1","Concentrate"],"picked":"Escape Plan+1","floor":29},{"not_picked":["Prepared","Backstab"],"picked":"Dagger Throw","floor":31},{"not_picked":["Doppelganger","Bullet Time"],"picked":"Grand Finale","floor":33},{"not_picked":["Poisoned Stab+1","Acrobatics"],"picked":"Backflip","floor":34},{"not_picked":["Underhanded Strike+1","Prepared"],"picked":"Bane+1","floor":34},{"not_picked":["Bane+1","Distraction+1"],"picked":"Tactician","floor":34},{"not_picked":["Quick Slash","Setup"],"picked":"Reflex","floor":34},{"not_picked":["Malaise","Dagger Spray"],"picked":"Accuracy+1","floor":35},{"not_picked":["Eviscerate","Endless Agony+1"],"picked":"Blade Dance","floor":36},{"not_picked":["Blur+1","Dagger Spray+1"],"picked":"Acrobatics","floor":37},{"not_picked":["Backflip+1","PiercingWail+1"],"picked":"Cloak And Dagger+1","floor":38},{"not_picked":["Terror","Slice"],"picked":"Escape Plan+1","floor":39},{"not_picked":["Panacea","Bandage Up"],"picked":"Mayhem","floor":41},{"not_picked":["Cloak And Dagger","Catalyst+1","Flying Knee+1"],"picked":"SKIP","floor":42}],"player_experience":200710,"relics_obtained":[{"floor":9,"key":"Shuriken"},{"floor":14,"key":"Art of War"},{"floor":24,"key":"The Specimen"},{"floor":25,"key":"Centennial Puzzle"},{"floor":26,"key":"Gambling Chip"},{"floor":36,"key":"Tingsha"},{"floor":43,"key":"Dream Catcher"}],"event_choices":[{"damage_healed":0,"gold_gain":0,"player_choice":"Entered Light","damage_taken":17,"max_hp_gain":0,"max_hp_loss":0,"event_name":"Shining Light","floor":2,"gold_loss":0,"cards_upgraded":["Strike_G","Strike_G"]},{"damage_healed":0,"gold_gain":0,"player_choice":"Success","damage_taken":7,"relics_obtained":["Calipers"],"max_hp_gain":0,"max_hp_loss":0,"event_name":"Scrap Ooze","floor":7,"gold_loss":0},{"cards_removed":["Footwork"],"damage_healed":65,"gold_gain":0,"player_choice":"Offered Uncommon","damage_taken":0,"max_hp_gain":0,"max_hp_loss":0,"event_name":"Bonfire Elementals","floor":8,"gold_loss":0},{"cards_removed":["Defend_G"],"damage_healed":0,"gold_gain":0,"player_choice":"Purged","damage_taken":0,"max_hp_gain":0,"max_hp_loss":0,"event_name":"Purifier","floor":30,"gold_loss":0},{"damage_healed":0,"gold_gain":0,"player_choice":"Fight","damage_taken":0,"max_hp_gain":0,"max_hp_loss":0,"event_name":"Mysterious Sphere","floor":36,"gold_loss":0},{"damage_healed":0,"gold_gain":0,"player_choice":"Memory 1","damage_taken":0,"max_hp_gain":0,"max_hp_loss":0,"event_name":"SensoryStone","floor":41,"gold_loss":0},{"damage_healed":0,"gold_gain":0,"player_choice":"Paid","damage_taken":0,"relics_obtained":["Red Mask"],"max_hp_gain":0,"max_hp_loss":0,"event_name":"Tomb of Lord Red Mask","floor":44,"gold_loss":63}],"is_beta":false,"boss_relics":[{"not_picked":["Ring of the Serpent","Snecko Eye"],"picked":"Ectoplasm"},{"not_picked":["Pandora\u0027s Box","WristBlade"],"picked":"Orrery"}],"items_purged_floors":[],"is_endless":false,"potions_floor_spawned":[3,10,13,21,24,27,28,35,36,39,42],"killed_by":"Transient","ascension_level":0}