{"gold_per_floor":[114,12,12,26,26,26,64,25,25,43,76,76,111,134,134,258,258,281,76,76,76,100,143,143,178,178,178,198,73,91,130,130,130],"floor_reached":33,"playtime":1940,"items_purged":["Strike_B","Strike_B","Regret"],"score":420,"play_id":"43d60a46-ad72-49de-be0f-c5e3869aadcb","local_time":"20190128211018","is_ascension_mode":true,"campfire_choices":[{"data":"Zap","floor":6,"key":"SMITH"},{"data":"Loop","floor":12,"key":"SMITH"},{"floor":15,"key":"REST"},{"floor":24,"key":"REST"},{"floor":27,"key":"REST"},{"floor":32,"key":"REST"}],"neow_cost":"NONE","seed_source_timestamp":937805908896703,"circlet_count":0,"master_deck":["Strike_B+1","Strike_B+1","Defend_B+1","Defend_B+1","Defend_B+1","Defend_B+1","Zap+1","Dualcast","BootSequence","Go for the Eyes+1","Doom and Gloom","Ball Lightning","Loop+1","Streamline","Leap","Ball Lightning","Biased Cognition","Reinforced Body+1","Capacitor","Glacier","Streamline","Electrodynamics","Static Discharge","Storm+1","Sweeping Beam+1","Loop+1","Go for the Eyes+1"],"relics":["Cracked Core","Golden Idol","Singing Bowl","Question Card","Odd Mushroom","Matryoshka","Cursed Key","WingedGreaves","Unceasing Top","Blood Vial","Symbiotic Virus","Torii"],"potions_floor_usage":[7,16,30,31,33,33],"damage_taken":[{"damage":0,"enemies":"Small Slimes","floor":1,"turns":2},{"damage":0,"enemies":"Jaw Worm","floor":4,"turns":3},{"damage":15,"enemies":"3 Sentries","floor":7,"turns":6},{"damage":0,"enemies":"2 Louse","floor":10,"turns":2},{"damage":21,"enemies":"The Mushroom Lair","floor":11,"turns":3},{"damage":5,"enemies":"Lagavulin","floor":13,"turns":7},{"damage":3,"enemies":"Blue Slaver","floor":14,"turns":3},{"damage":16,"enemies":"Hexaghost","floor":16,"turns":7},{"damage":0,"enemies":"Spheric Guardian","floor":18,"turns":3},{"damage":4,"enemies":"2 Thieves","floor":22,"turns":4},{"damage":39,"enemies":"Book of Stabbing","floor":23,"turns":6},{"damage":20,"enemies":"Slavers","floor":25,"turns":3},{"damage":6,"enemies":"Centurion and Healer","floor":28,"turns":5},{"damage":11,"enemies":"Shelled Parasite and Fungi","floor":30,"turns":3},{"damage":14,"enemies":"Gremlin Leader","floor":31,"turns":4},{"damage":74,"enemies":"Automaton","floor":33,"turns":6}],"seed_played":"-367314943570960988","potions_obtained":[{"floor":1,"key":"Explosive Potion"},{"floor":7,"key":"FocusPotion"},{"floor":11,"key":"LiquidBronze"},{"floor":14,"key":"FearPotion"},{"floor":28,"key":"GamblersBrew"},{"floor":30,"key":"LiquidBronze"},{"floor":31,"key":"Fruit Juice"}],"is_trial":false,"path_per_floor":["M","$","?","M","?","R","E","$","T","M","?","R","E","M","R","B",null,"M","$","?","?","M","E","R","E","T","R","M","$","M","E","R","B"],"character_chosen":"DEFECT","items_purchased":["Go for the Eyes","Loop","Capacitor","Glacier"],"campfire_rested":4,"item_purchase_floors":[2,8,19,19],"current_hp_per_floor":[75,75,75,75,75,75,60,60,60,62,41,41,36,33,56,40,69,69,69,69,69,65,28,52,32,32,56,52,52,45,33,57,0],"gold":130,"neow_bonus":"TEN_PERCENT_HP_BONUS","is_prod":false,"is_daily":false,"chose_seed":false,"campfire_upgraded":2,"win_rate":0,"timestamp":1548738618,"path_taken":["M","$","?","M","?","R","E","?","T","M","?","R","E","M","R","BOSS","M","$","?","?","M","E","R","E","T","R","M","$","?","E","R","BOSS"],"build_version":"2019-01-23","purchased_purges":3,"victory":false,"max_hp_per_floor":[82,82,82,82,76,76,76,76,76,78,78,78,78,78,78,78,78,78,78,78,78,78,80,80,80,80,80,80,80,82,82,82,87],"card_choices":[{"not_picked":["Gash","Stack"],"picked":"BootSequence","floor":1},{"not_picked":["Stack","Steam"],"picked":"Doom and Gloom","floor":4},{"not_picked":["Leap","Coolheaded"],"picked":"Ball Lightning","floor":7},{"not_picked":["Heatsinks","Streamline","Reboot","Compile Driver"],"picked":"Singing Bowl","floor":10},{"not_picked":["Melter","Rip and Tear","Leap"],"picked":"Streamline","floor":11},{"not_picked":["Hologram","BootSequence","Scrape"],"picked":"Leap","floor":13},{"not_picked":["Compile Driver","Reprogram","Conserve Battery"],"picked":"Ball Lightning","floor":14},{"not_picked":["Multi-Cast","Fission","Hyperbeam"],"picked":"Biased Cognition","floor":16},{"not_picked":["Coolheaded","Recycle","Redo"],"picked":"Reinforced Body+1","floor":18},{"not_picked":["Heatsinks","Steam Power","Gash"],"picked":"Storm+1","floor":22},{"not_picked":["Fusion","Hologram","Rebound","Redo"],"picked":"Singing Bowl","floor":23},{"not_picked":["Doom and Gloom","Turbo","Gash"],"picked":"Sweeping Beam+1","floor":25},{"not_picked":["Reinforced Body","Doom and Gloom","Reprogram"],"picked":"Loop+1","floor":28},{"not_picked":["Auto Shields","Chill","Steam","Beam Cell"],"picked":"Singing Bowl","floor":30},{"not_picked":["Turbo","Streamline+1","Cold Snap+1"],"picked":"Go for the Eyes+1","floor":31}],"player_experience":401904,"relics_obtained":[{"floor":7,"key":"Singing Bowl"},{"floor":9,"key":"Question Card"},{"floor":11,"key":"Odd Mushroom"},{"floor":13,"key":"Matryoshka"},{"floor":23,"key":"WingedGreaves"},{"floor":25,"key":"Unceasing Top"},{"floor":26,"key":"Blood Vial"},{"floor":26,"key":"Symbiotic Virus"},{"floor":31,"key":"Torii"}],"event_choices":[{"damage_healed":0,"gold_gain":0,"player_choice":"Grow","damage_taken":0,"max_hp_gain":0,"max_hp_loss":0,"event_name":"Living Wall","floor":3,"gold_loss":0,"cards_upgraded":["Go for the Eyes"]},{"damage_healed":0,"gold_gain":0,"player_choice":"Lose Max HP","damage_taken":0,"relics_obtained":["Golden Idol"],"max_hp_gain":0,"max_hp_loss":6,"event_name":"Golden Idol","floor":5,"gold_loss":0},{"damage_healed":0,"gold_gain":0,"player_choice":"Fought Mushrooms","damage_taken":0,"max_hp_gain":0,"max_hp_loss":0,"event_name":"Mushrooms","floor":11,"gold_loss":0},{"damage_healed":0,"gold_gain":0,"player_choice":"Simplicity","damage_taken":0,"max_hp_gain":0,"max_hp_loss":0,"event_name":"Back to Basics","floor":20,"gold_loss":0,"cards_upgraded":["Strike_B","Strike_B","Defend_B","Defend_B","Defend_B","Defend_B"]},{"damage_healed":0,"gold_gain":0,"player_choice":"3 cards matched","damage_taken":0,"max_hp_gain":0,"max_hp_loss":0,"event_name":"Match and Keep!","floor":21,"gold_loss":0,"cards_obtained":["Streamline","Electrodynamics","Static Discharge"]},{"damage_healed":0,"gold_gain":0,"player_choice":"3 cards matched","damage_taken":0,"max_hp_gain":0,"max_hp_loss":0,"event_name":"Match and Keep!","floor":21,"gold_loss":0,"cards_obtained":["Streamline","Electrodynamics","Static Discharge"]}],"is_beta":false,"boss_relics":[{"not_picked":["FrozenCore","Ectoplasm"],"picked":"Cursed Key"}],"items_purged_floors":[2,19,29],"is_endless":false,"potions_floor_spawned":[1,7,11,14,28,30,31],"killed_by":"Automaton","ascension_level":7}