{"gold_per_floor":[18,18,18,29,47,47,67,83,83,66,66,66,66],"floor_reached":13,"playtime":337,"items_purged":[],"score":127,"play_id":"b933caf3-36ad-42c9-bb73-9de80ffc276e","local_time":"20181229174925","is_ascension_mode":true,"campfire_choices":[{"data":"Conserve Battery","floor":6,"key":"SMITH"},{"data":"Defragment","floor":11,"key":"SMITH"}],"neow_cost":"NO_GOLD","seed_source_timestamp":1039880741864509,"circlet_count":0,"master_deck":["AscendersBane","Strike_B","Strike_B","Defend_B","Defend_B","Defend_B","Defend_B","Zap+1","Dualcast+1","Heatsinks","Conserve Battery+1","Self Repair","Static Discharge","Defragment+1"],"relics":["Cracked Core","Bottled Lightning"],"potions_floor_usage":[],"damage_taken":[{"damage":1,"enemies":"Cultist","floor":1,"turns":3},{"damage":2,"enemies":"2 Louse","floor":4,"turns":2},{"damage":8,"enemies":"Jaw Worm","floor":5,"turns":4},{"damage":4,"enemies":"Red Slaver","floor":7,"turns":5},{"damage":8,"enemies":"Blue Slaver","floor":8,"turns":3},{"damage":27,"enemies":"Exordium Thugs","floor":10,"turns":4},{"damage":25,"enemies":"3 Sentries","floor":13,"turns":4}],"seed_played":"4497957885925906784","potions_obtained":[{"floor":1,"key":"GamblersBrew"},{"floor":4,"key":"Strength Potion"},{"floor":7,"key":"FocusPotion"}],"is_trial":false,"path_per_floor":["M","$","?","M","M","R","M","M","T","M","R","?","E"],"character_chosen":"DEFECT","items_purchased":[],"campfire_rested":0,"item_purchase_floors":[],"current_hp_per_floor":[67,67,52,50,42,42,45,37,37,17,17,17,0],"gold":66,"neow_bonus":"REMOVE_TWO","is_prod":false,"is_daily":false,"chose_seed":false,"campfire_upgraded":2,"win_rate":0,"timestamp":1546073365,"path_taken":["M","$","?","M","M","R","M","M","T","M","R","?","E"],"build_version":"2018-12-20","purchased_purges":0,"victory":false,"max_hp_per_floor":[75,75,75,75,75,75,75,75,75,75,75,75,75],"card_choices":[{"not_picked":["Recycle","Gash"],"picked":"Heatsinks","floor":1},{"not_picked":["Gash","Sunder"],"picked":"Conserve Battery","floor":4},{"not_picked":["Darkness","Go for the Eyes"],"picked":"Self Repair","floor":5},{"not_picked":["Coolheaded","Redo"],"picked":"Static Discharge","floor":7},{"not_picked":["Storm","Barrage"],"picked":"Defragment","floor":8},{"not_picked":["Beam Cell","Reprogram","Steam Power"],"picked":"SKIP","floor":10}],"player_experience":689872,"relics_obtained":[{"floor":9,"key":"Bottled Lightning"}],"event_choices":[{"damage_healed":0,"gold_gain":0,"player_choice":"Entered Light","damage_taken":15,"max_hp_gain":0,"max_hp_loss":0,"event_name":"Shining Light","floor":3,"gold_loss":0,"cards_upgraded":["Zap","Dualcast"]},{"damage_healed":0,"gold_gain":0,"player_choice":"Ignored","damage_taken":0,"max_hp_gain":0,"max_hp_loss":0,"event_name":"Liars Game","floor":12,"gold_loss":0}],"is_beta":false,"boss_relics":[],"items_purged_floors":[],"is_endless":false,"potions_floor_spawned":[1,4,7],"killed_by":"3 Sentries","ascension_level":13}