{"gold_per_floor":[115,4,179,179,198,198,148,148,148,248,275,293,293,306,306,402,402,422,440,292,292,292,292,305,369,448,467,273,273,196,127,127,127],"floor_reached":33,"playtime":888,"items_purged":["Strike_B","Strike_B","Defend_B"],"score":286,"play_id":"05a1d81a-d3ba-42be-80cb-ef7dfa0682d8","local_time":"20180909234135","is_ascension_mode":false,"campfire_choices":[{"data":"Dualcast","floor":6,"key":"SMITH"},{"data":"Beam Cell","floor":8,"key":"SMITH"},{"data":"Self Repair","floor":13,"key":"SMITH"},{"data":"Conserve Battery","floor":15,"key":"SMITH"},{"data":"Defragment","floor":23,"key":"SMITH"},{"data":"Loop","floor":29,"key":"SMITH"},{"floor":32,"key":"REST"}],"neow_cost":"NONE","seed_source_timestamp":10536248559230,"circlet_count":0,"master_deck":["Strike_B+1","Defend_B","Defend_B","Zap+1","Dualcast+1","Conserve Battery+1","Capacitor+1","Beam Cell+1","Self Repair+1","Turbo","Melter","Electrodynamics","Defragment+1","Defragment+1","Ball Lightning","Auto Shields+1","Loop+1","Ball Lightning+1","Self Repair","Defragment","Defragment"],"relics":["Cracked Core","Mercury Hourglass","Bronze Scales","Empty Cage","MutagenicStrength","Tiny Chest","Bottled Lightning"],"potions_floor_usage":[27,33],"damage_taken":[{"damage":0,"enemies":"2 Louse","floor":1,"turns":2},{"damage":1,"enemies":"Jaw Worm","floor":5,"turns":4},{"damage":23,"enemies":"Gremlin Nob","floor":11,"turns":4},{"damage":0,"enemies":"Small Slimes","floor":12,"turns":3},{"damage":0,"enemies":"Exordium Wildlife","floor":14,"turns":2},{"damage":22,"enemies":"Slime Boss","floor":16,"turns":10},{"damage":31,"enemies":"2 Thieves","floor":18,"turns":3},{"damage":0,"enemies":"Spheric Guardian","floor":19,"turns":3},{"damage":10,"enemies":"Snecko","floor":24,"turns":4},{"damage":35,"enemies":"Gremlin Leader","floor":25,"turns":4},{"damage":10,"enemies":"Cultist and Chosen","floor":27,"turns":4},{"damage":68,"enemies":"Automaton","floor":33,"turns":6}],"seed_played":"-53276023219479474","potions_obtained":[{"floor":1,"key":"AttackPotion"},{"floor":11,"key":"Strength Potion"},{"floor":14,"key":"Swift Potion"},{"floor":27,"key":"Weak Potion"}],"is_trial":false,"path_per_floor":["M","$","?","?","M","R","?","R","T","?","E","M","R","M","R","B",null,"M","M","$","?","?","R","M","E","T","M","$","R","$","$","R"],"character_chosen":"DEFECT","items_purchased":["Capacitor","Ball Lightning","Self Repair","Defragment","Defragment"],"campfire_rested":1,"item_purchase_floors":[2,20,28,30,31],"current_hp_per_floor":[75,75,75,60,59,59,59,59,59,59,36,43,43,53,53,41,75,54,64,64,50,50,50,50,25,25,15,15,15,15,15,39,0],"gold":127,"neow_bonus":"UPGRADE_CARD","is_prod":false,"is_daily":false,"chose_seed":false,"campfire_upgraded":6,"win_rate":0,"timestamp":1536504095,"path_taken":["M","$","?","?","M","R","?","R","T","?","E","M","R","M","R","BOSS","M","M","$","?","?","R","M","E","T","?","?","R","?","$","R","BOSS"],"build_version":"2018-09-06","purchased_purges":3,"victory":false,"max_hp_per_floor":[75,75,75,75,75,75,75,75,75,75,75,75,75,75,75,75,75,75,75,75,80,80,80,80,80,80,80,80,80,80,80,80,80],"card_choices":[{"not_picked":["Chill","Doom and Gloom"],"picked":"Conserve Battery","floor":1},{"not_picked":["Fusion","Sunder"],"picked":"Beam Cell","floor":5},{"not_picked":["Amplify","Darkness"],"picked":"Self Repair","floor":11},{"not_picked":["Double Energy","Force Field"],"picked":"Turbo","floor":12},{"not_picked":["Genetic Algorithm","Leap"],"picked":"Melter","floor":14},{"not_picked":["Amplify","Biased Cognition"],"picked":"Electrodynamics","floor":16},{"not_picked":["Cold Snap","Chill"],"picked":"Defragment+1","floor":18},{"not_picked":["Ball Lightning","Go for the Eyes"],"picked":"Defragment","floor":19},{"not_picked":["Redo","Streamline"],"picked":"Auto Shields+1","floor":24},{"not_picked":["Compile Driver","Scrape"],"picked":"Loop","floor":25},{"not_picked":["Coolheaded","Recycle"],"picked":"Ball Lightning+1","floor":27}],"player_experience":400920,"relics_obtained":[{"floor":9,"key":"Mercury Hourglass"},{"floor":11,"key":"Bronze Scales"},{"floor":25,"key":"Tiny Chest"},{"floor":26,"key":"Bottled Lightning"}],"event_choices":[{"event_name":"Liars Game","player_choice":"agreed","floor":3,"damage_taken":0},{"event_name":"Shining Light","player_choice":"Entered Light","floor":4,"damage_taken":0},{"event_name":"The Cleric","player_choice":"Card Removal","floor":7,"damage_taken":0},{"event_name":"Golden Shrine","player_choice":"Pray","floor":10,"damage_taken":0},{"event_name":"Forgotten Altar","player_choice":"Shed Blood","floor":21,"damage_taken":0},{"event_name":"Drug Dealer","player_choice":"Inject Mutagens","floor":22,"damage_taken":0}],"is_beta":true,"boss_relics":[{"not_picked":["FrozenCore","Pandora\u0027s Box"],"picked":"Empty Cage"}],"items_purged_floors":[2,20,28],"is_endless":false,"potions_floor_spawned":[1,11,14,16,18,19,27],"killed_by":"Automaton","ascension_level":0}