{"gold_per_floor":[154,229,229,244,259,259,274,309,334,334,369,47,62,62,62,182,182,217,217,232,247,247,247,262,262,287,322,322,337,337,352,352,452,452,467,482,497,597,632,632,87,87,87,102,132,147,76,91,91,91],"floor_reached":51,"playtime":1862,"items_purged":[],"score":1102,"play_id":"73c8520b-abc9-4fbe-8a1a-676d52376b76","local_time":"20181123232223","daily_mods":["Allstar","Hoarder","Terminal"],"is_ascension_mode":false,"campfire_choices":[{"data":"Mind Blast","floor":6,"key":"SMITH"},{"data":"Mind Blast","floor":10,"key":"SMITH"},{"data":"Adrenaline","floor":15,"key":"SMITH"},{"data":"Adrenaline","floor":23,"key":"SMITH"},{"floor":25,"key":"REST"},{"data":"Adrenaline","floor":30,"key":"SMITH"},{"data":"Terror","floor":32,"key":"SMITH"},{"data":"Master of Strategy","floor":40,"key":"SMITH"},{"data":"Finesse","floor":49,"key":"SMITH"}],"neow_cost":"","seed_source_timestamp":498282140226765,"circlet_count":0,"master_deck":["Defend_G","Defend_G","Defend_G","Defend_G","Defend_G","Strike_G","Strike_G","Strike_G","Strike_G","Strike_G","Survivor","Neutralize","Violence","Violence","Violence","Thinking Ahead","Thinking Ahead","Chrysalis","Chrysalis","Chrysalis","HandOfGreed","HandOfGreed","HandOfGreed","Mind Blast+1","Mind Blast+1","Mind Blast+1","Terror+1","Terror","Terror","Master of Strategy","Master of Strategy","Master of Strategy+1","Backflip","Backflip","Backflip","Catalyst","Catalyst","Catalyst","Flying Knee","Flying Knee","Flying Knee","Flechettes","Flechettes","Flechettes","Adrenaline+1","Adrenaline+1","Adrenaline+1","Footwork","Footwork","Footwork","Predator","Predator","Predator","Malaise","Malaise","Malaise","Escape Plan","Escape Plan","Escape Plan","Dark Shackles","Dark Shackles","Dark Shackles","Expertise+1","Expertise+1","Expertise+1","Cloak And Dagger","Cloak And Dagger","Cloak And Dagger","Escape Plan","Escape Plan","Escape Plan","Deadly Poison","Deadly Poison","Deadly Poison","Normality","Normality","Normality","Concentrate+1","Concentrate+1","Concentrate+1","Corpse Explosion","Corpse Explosion","Flying Knee+1","Flying Knee+1","Flying Knee+1","Acrobatics","Acrobatics","Acrobatics","Acrobatics+1","Acrobatics+1","Acrobatics+1","Footwork","Footwork","Footwork","Prepared","Prepared","Prepared","Finesse","Finesse","Finesse+1","Mind Blast+1","Mind Blast+1","Mind Blast+1","Parasite","Parasite","Parasite","Calculated Gamble+1","Calculated Gamble+1","Calculated Gamble+1","Footwork+1","Footwork+1","Footwork+1","Deflect+1","Deflect+1","Deflect+1","Escape Plan","Escape Plan","Escape Plan","Escape Plan+1","Escape Plan+1","Escape Plan+1"],"special_seed":17859,"relics":["Ring of the Snake","Anchor","Ninja Scroll","Cursed Key","Pen Nib","Runic Dome","Incense Burner","Gremlin Horn","DollysMirror","Dream Catcher","Dead Branch"],"potions_floor_usage":[16,50,50],"damage_taken":[{"damage":0,"enemies":"Small Slimes","floor":1,"turns":3},{"damage":0,"enemies":"Jaw Worm","floor":4,"turns":3},{"damage":0,"enemies":"Cultist","floor":5,"turns":4},{"damage":0,"enemies":"3 Louse","floor":7,"turns":3},{"damage":0,"enemies":"Exordium Wildlife","floor":8,"turns":2},{"damage":0,"enemies":"Red Slaver","floor":11,"turns":1},{"damage":0,"enemies":"Blue Slaver","floor":13,"turns":1},{"damage":0,"enemies":"The Guardian","floor":16,"turns":7},{"damage":0,"enemies":"Shell Parasite","floor":18,"turns":1},{"damage":0,"enemies":"3 Byrds","floor":20,"turns":1},{"damage":0,"enemies":"3 Cultists","floor":21,"turns":1},{"damage":0,"enemies":"Shelled Parasite and Fungi","floor":24,"turns":1},{"damage":0,"enemies":"Centurion and Healer","floor":27,"turns":1},{"damage":0,"enemies":"Sentry and Sphere","floor":29,"turns":1},{"damage":0,"enemies":"Shelled Parasite and Fungi","floor":31,"turns":1},{"damage":0,"enemies":"Automaton","floor":33,"turns":1},{"damage":0,"enemies":"3 Darklings","floor":35,"turns":1},{"damage":0,"enemies":"Orb Walker","floor":36,"turns":1},{"damage":0,"enemies":"3 Darklings","floor":37,"turns":1},{"damage":0,"enemies":"Mind Bloom Boss Battle","floor":38,"turns":1},{"damage":0,"enemies":"4 Shapes","floor":39,"turns":1},{"damage":0,"enemies":"Writhing Mass","floor":44,"turns":1},{"damage":0,"enemies":"Reptomancer","floor":45,"turns":1},{"damage":0,"enemies":"Spire Growth","floor":46,"turns":1},{"damage":0,"enemies":"4 Shapes","floor":48,"turns":1},{"damage":1,"enemies":"Awakened One","floor":50,"turns":9}],"seed_played":"-6046446197112950682","potions_obtained":[{"floor":1,"key":"FearPotion"},{"floor":5,"key":"FearPotion"},{"floor":8,"key":"Block Potion"},{"floor":16,"key":"Energy Potion"},{"floor":20,"key":"Poison Potion"},{"floor":45,"key":"Block Potion"}],"is_trial":false,"path_per_floor":["M","?","?","M","M","R","M","M","T","R","M","$","M","?","R","B",null,"M","?","M","M","?","R","M","R","T","M","T","M","R","M","R","B",null,"M","M","M","?","M","R","$","?","T","M","E","M","$","M","R","B",null],"character_chosen":"THE_SILENT","items_purchased":["Ninja Scroll","Footwork","Gremlin Horn","Finesse","DollysMirror","Escape Plan"],"campfire_rested":1,"item_purchase_floors":[12,12,41,41,41,47],"current_hp_per_floor":[68,57,57,57,57,57,57,57,57,57,57,57,56,55,54,53,52,51,39,39,39,39,39,39,44,43,42,41,40,39,38,37,36,35,34,33,32,31,30,29,28,27,26,25,24,23,22,21,20,19],"gold":91,"neow_bonus":"","is_prod":false,"is_daily":true,"chose_seed":false,"campfire_upgraded":8,"win_rate":0,"timestamp":1543033343,"path_taken":["M","?","?","?","M","R","M","M","T","R","M","$","M","?","R","BOSS","M","?","M","?","?","R","M","R","T","M","?","M","R","M","R","BOSS","M","?","M","?","M","R","?","?","T","M","E","M","$","M","R","BOSS"],"build_version":"2018-11-15","purchased_purges":0,"victory":true,"max_hp_per_floor":[68,67,66,65,64,63,62,61,60,59,58,57,56,55,54,53,52,51,50,49,48,47,46,45,44,43,42,41,40,39,38,37,36,35,34,33,32,31,30,29,28,27,26,25,24,23,22,21,20,19],"card_choices":[{"not_picked":["Leg Sweep","PiercingWail"],"picked":"Terror","floor":1},{"not_picked":["Underhanded Strike","Prepared"],"picked":"Backflip","floor":4},{"not_picked":["Dodge and Roll","All Out Attack"],"picked":"Catalyst","floor":5},{"not_picked":["Backflip","Cloak And Dagger"],"picked":"Flying Knee","floor":7},{"not_picked":["Leg Sweep","Sucker Punch"],"picked":"Flechettes","floor":8},{"not_picked":["Leg Sweep","Prepared"],"picked":"Adrenaline","floor":11},{"not_picked":["Prepared","Dagger Throw"],"picked":"Predator","floor":13},{"not_picked":["Bullet Time","Grand Finale"],"picked":"Malaise","floor":16},{"not_picked":["Dagger Throw","Deflect"],"picked":"Escape Plan","floor":18},{"not_picked":["Prepared+1","Acrobatics+1"],"picked":"Expertise+1","floor":20},{"not_picked":["Poisoned Stab","Infinite Blades"],"picked":"Cloak And Dagger","floor":21},{"not_picked":["Heel Hook","Deflect+1"],"picked":"Deadly Poison","floor":24},{"not_picked":["Flechettes+1","Noxious Fumes"],"picked":"Concentrate+1","floor":27},{"not_picked":["Heel Hook","Underhanded Strike","Riddle With Holes"],"picked":"SKIP","floor":29},{"not_picked":["Bane","Outmaneuver","Deadly Poison"],"picked":"SKIP","floor":31},{"not_picked":["Night Terror","Unload"],"picked":"Corpse Explosion","floor":33},{"not_picked":["Bane+1","Underhanded Strike"],"picked":"Flying Knee+1","floor":35},{"not_picked":["Well Laid Plans+1","Leg Sweep+1"],"picked":"Acrobatics","floor":36},{"not_picked":["Underhanded Strike+1","Riddle With Holes"],"picked":"Acrobatics+1","floor":37},{"not_picked":["Dash+1","Eviscerate+1"],"picked":"Footwork","floor":38},{"not_picked":["Outmaneuver+1","Dagger Spray"],"picked":"Prepared","floor":39},{"not_picked":["Footwork+1","Flying Knee+1"],"picked":"Calculated Gamble+1","floor":44},{"not_picked":["Endless Agony","Terror"],"picked":"Footwork+1","floor":45},{"not_picked":["Footwork+1","Outmaneuver+1"],"picked":"Deflect+1","floor":46},{"not_picked":["Endless Agony","Quick Slash"],"picked":"Escape Plan+1","floor":48}],"player_experience":625568,"relics_obtained":[{"floor":9,"key":"Anchor"},{"floor":26,"key":"Pen Nib"},{"floor":38,"key":"Incense Burner"},{"floor":43,"key":"Dream Catcher"},{"floor":45,"key":"Dead Branch"}],"event_choices":[{"damage_healed":0,"gold_gain":75,"player_choice":"Gather Gold","damage_taken":11,"max_hp_gain":0,"max_hp_loss":0,"event_name":"World of Goop","floor":2,"gold_loss":0},{"damage_healed":0,"gold_gain":0,"cards_transformed":["Thinking Ahead"],"player_choice":"Transformed","damage_taken":0,"max_hp_gain":0,"max_hp_loss":0,"event_name":"Transmorgrifier","floor":3,"gold_loss":0,"cards_obtained":["Master of Strategy"]},{"damage_healed":0,"gold_gain":0,"player_choice":"Grow","damage_taken":0,"max_hp_gain":0,"max_hp_loss":0,"event_name":"Living Wall","floor":14,"gold_loss":0,"cards_upgraded":["Mind Blast"]},{"damage_healed":0,"gold_gain":0,"player_choice":"CARD ","damage_taken":12,"max_hp_gain":0,"max_hp_loss":0,"event_name":"Knowing Skull","floor":19,"potions_obtained":[],"gold_loss":0,"cards_obtained":["Dark Shackles"]},{"damage_healed":0,"gold_gain":0,"player_choice":"Read","damage_taken":0,"max_hp_gain":0,"max_hp_loss":0,"event_name":"The Library","floor":22,"gold_loss":0,"cards_obtained":["Escape Plan"]},{"damage_healed":0,"gold_gain":0,"player_choice":"Fight","damage_taken":0,"max_hp_gain":0,"max_hp_loss":0,"event_name":"MindBloom","floor":38,"gold_loss":0},{"cards_removed":["Corpse Explosion"],"damage_healed":0,"gold_gain":0,"player_choice":"Removed Skill","damage_taken":0,"max_hp_gain":0,"max_hp_loss":0,"event_name":"Falling","floor":42,"gold_loss":0}],"is_beta":false,"boss_relics":[{"not_picked":["Busted Crown","Tiny House"],"picked":"Cursed Key"},{"not_picked":["Velvet Choker","White Beast Statue"],"picked":"Runic Dome"}],"items_purged_floors":[],"is_endless":false,"potions_floor_spawned":[1,5,8,16,20,24,27,33,36,37,44,45,48],"ascension_level":0}