{"gold_per_floor":[113,113,127,144,0,30,30,47,47,61,61,61,81,111,111,213,213,224,224,224,235,235,261,261,296,346,346],"floor_reached":27,"playtime":1404,"items_purged":["Strike_B"],"score":392,"play_id":"37d30728-00b0-45aa-b679-0211f520e3f8","local_time":"20181217101629","is_ascension_mode":true,"campfire_choices":[{"data":"Coolheaded","floor":7,"key":"SMITH"},{"data":"Blizzard","floor":11,"key":"SMITH"},{"data":"Consume","floor":15,"key":"SMITH"},{"floor":24,"key":"REST"}],"neow_cost":"NONE","seed_source_timestamp":241209445222357,"circlet_count":0,"master_deck":["AscendersBane","Zap+1","Dualcast","Ball Lightning","Coolheaded+1","Auto Shields","Blizzard+1","Conserve Battery","Cold Snap","Sweeping Beam","Consume+1","Hologram","Creative AI+1","Machine Learning+1","Gash","Reboot","Seek","Core Surge","Coolheaded","Skim","Undo","Self Repair+1"],"relics":["Cracked Core","NeowsBlessing","Anchor","DataDisk","Frozen Egg 2","Pandora\u0027s Box","Nilry\u0027s Codex","Strawberry","Omamori"],"potions_floor_usage":[16,16,25,27],"damage_taken":[{"damage":0,"enemies":"Small Slimes","floor":1,"turns":1},{"damage":0,"enemies":"Cultist","floor":3,"turns":1},{"damage":0,"enemies":"2 Louse","floor":4,"turns":1},{"damage":44,"enemies":"Lagavulin","floor":6,"turns":7},{"damage":0,"enemies":"Exordium Wildlife","floor":8,"turns":4},{"damage":0,"enemies":"2 Fungi Beasts","floor":10,"turns":2},{"damage":0,"enemies":"Looter","floor":13,"turns":2},{"damage":5,"enemies":"3 Sentries","floor":14,"turns":5},{"damage":21,"enemies":"Hexaghost","floor":16,"turns":12},{"damage":0,"enemies":"Chosen","floor":18,"turns":5},{"damage":5,"enemies":"Spheric Guardian","floor":21,"turns":4},{"damage":50,"enemies":"Book of Stabbing","floor":23,"turns":9},{"damage":38,"enemies":"Gremlin Leader","floor":25,"turns":7},{"damage":15,"enemies":"Book of Stabbing","floor":27,"turns":4}],"seed_played":"-8016753783659603533","potions_obtained":[{"floor":2,"key":"Swift Potion"},{"floor":2,"key":"GamblersBrew"},{"floor":2,"key":"SteroidPotion"},{"floor":4,"key":"Regen Potion"},{"floor":8,"key":"Regen Potion"},{"floor":18,"key":"SteroidPotion"},{"floor":21,"key":"LiquidBronze"},{"floor":23,"key":"Fire Potion"}],"is_trial":false,"path_per_floor":["M","?","M","M","$","E","R","M","T","M","R","?","M","E","R","B",null,"M","?","?","M","?","E","R","E","T","E"],"character_chosen":"DEFECT","items_purchased":["Blizzard"],"campfire_rested":1,"item_purchase_floors":[5],"current_hp_per_floor":[68,68,68,68,68,24,24,24,24,24,24,24,24,19,19,25,63,63,47,72,67,67,24,48,10,10,0],"gold":346,"neow_bonus":"THREE_ENEMY_KILL","is_prod":false,"is_daily":false,"chose_seed":false,"campfire_upgraded":3,"win_rate":0,"timestamp":1545059789,"path_taken":["M","?","M","M","$","E","R","?","T","M","R","?","M","E","R","BOSS","M","?","?","M","?","E","R","E","T","E"],"build_version":"2018-12-13","purchased_purges":1,"victory":false,"max_hp_per_floor":[75,75,75,75,75,75,75,75,75,75,75,75,75,75,75,75,75,75,75,75,75,75,82,82,82,82,82],"card_choices":[{"not_picked":["Steam","Cold Snap"],"picked":"Ball Lightning","floor":1},{"not_picked":["Go for the Eyes","Chill"],"picked":"Coolheaded","floor":3},{"not_picked":["Storm","Multi-Cast"],"picked":"Auto Shields","floor":4},{"not_picked":["Leap","Reprogram"],"picked":"Conserve Battery","floor":6},{"not_picked":["Rebound","Stack"],"picked":"Cold Snap","floor":8},{"not_picked":["Force Field","Redo"],"picked":"Sweeping Beam","floor":10},{"not_picked":["Go for the Eyes","Sweeping Beam"],"picked":"Consume","floor":13},{"not_picked":["Steam","Barrage"],"picked":"Hologram","floor":14},{"not_picked":["Fission","Thunder Strike"],"picked":"Creative AI+1","floor":16},{"not_picked":["Hello World+1","Hologram"],"picked":"Coolheaded","floor":18},{"not_picked":["Gash","Leap","Rebound"],"picked":"SKIP","floor":21},{"not_picked":["Doom and Gloom","Leap","Melter"],"picked":"SKIP","floor":23},{"not_picked":["Barrage","Steam Power"],"picked":"Self Repair+1","floor":25}],"player_experience":355580,"relics_obtained":[{"floor":6,"key":"Anchor"},{"floor":9,"key":"DataDisk"},{"floor":14,"key":"Frozen Egg 2"},{"floor":19,"key":"Nilry\u0027s Codex"},{"floor":23,"key":"Strawberry"},{"floor":25,"key":"Omamori"}],"event_choices":[{"damage_healed":0,"gold_gain":0,"player_choice":"Got Potions","damage_taken":0,"max_hp_gain":0,"max_hp_loss":0,"event_name":"Lab","floor":2,"gold_loss":0},{"damage_healed":0,"gold_gain":0,"player_choice":"Grow","damage_taken":0,"max_hp_gain":0,"max_hp_loss":0,"event_name":"Living Wall","floor":12,"gold_loss":0,"cards_upgraded":["Zap"]},{"damage_healed":0,"gold_gain":0,"player_choice":"Obtained Book","damage_taken":16,"max_hp_gain":0,"max_hp_loss":0,"event_name":"Cursed Tome","floor":19,"gold_loss":0},{"damage_healed":25,"gold_gain":0,"player_choice":"Heal","damage_taken":0,"max_hp_gain":0,"max_hp_loss":0,"event_name":"The Library","floor":20,"gold_loss":0},{"damage_healed":0,"gold_gain":0,"cards_transformed":["Double Energy","Reprogram"],"player_choice":"Became Test Subject","damage_taken":0,"max_hp_gain":0,"max_hp_loss":0,"event_name":"Drug Dealer","floor":22,"gold_loss":0,"cards_obtained":["Skim","Undo"]}],"is_beta":false,"boss_relics":[{"not_picked":["Snecko Eye","Sozu"],"picked":"Pandora\u0027s Box"}],"items_purged_floors":[5],"is_endless":false,"potions_floor_spawned":[4,6,8,13,18,21,23],"killed_by":"Book of Stabbing","ascension_level":10}