{"gold_per_floor":[109,184,203,214,28,58,70,106,153,172,172,202,221,321,321,418,418,431,464,268,268,283,283,319,319,319,337,355,355,368,7,7,104,154,171,93,103,114,114,114],"floor_reached":40,"playtime":2541,"items_purged":[],"score":394,"play_id":"37c692f6-1999-4352-b7c6-73097c2c8af5","local_time":"20190205082016","is_ascension_mode":false,"campfire_choices":[{"floor":11,"key":"REST"},{"floor":15,"key":"REST"},{"floor":23,"key":"REST"},{"floor":25,"key":"REST"},{"floor":29,"key":"REST"},{"floor":32,"key":"REST"}],"neow_cost":"NONE","seed_source_timestamp":430962775935985,"circlet_count":0,"master_deck":["Bash","Purity","Power Through","Anger","Magnetism+1","Shrug It Off","Spot Weakness","Rage","Headbutt","Shrug It Off","Headbutt","Infernal Blade","Rampage","Combust","Fire Breathing+1","Armaments","Combust","Impervious","Clash","Corruption+1","Heavy Blade","Iron Wave","Blood for Blood+1","Limit Break","Pommel Strike","Pommel Strike"],"relics":["Burning Blood","StoneCalendar","PreservedInsect","Pandora\u0027s Box","Regal Pillow","Oddly Smooth Stone","Incense Burner","Tiny House"],"potions_floor_usage":[7,10,22,28,33,37,37,38,40],"damage_taken":[{"damage":9,"enemies":"Small Slimes","floor":1,"turns":5},{"damage":5,"enemies":"Cultist","floor":3,"turns":4},{"damage":1,"enemies":"Jaw Worm","floor":4,"turns":4},{"damage":34,"enemies":"Gremlin Nob","floor":6,"turns":5},{"damage":6,"enemies":"2 Fungi Beasts","floor":7,"turns":4},{"damage":21,"enemies":"Red Slaver","floor":8,"turns":6},{"damage":4,"enemies":"Gremlin Gang","floor":10,"turns":4},{"damage":16,"enemies":"Large Slime","floor":13,"turns":4},{"damage":37,"enemies":"Hexaghost","floor":16,"turns":7},{"damage":8,"enemies":"Chosen","floor":18,"turns":7},{"damage":30,"enemies":"Spheric Guardian","floor":19,"turns":6},{"damage":11,"enemies":"Centurion and Healer","floor":22,"turns":7},{"damage":44,"enemies":"3 Cultists","floor":24,"turns":5},{"damage":14,"enemies":"Snake Plant","floor":27,"turns":6},{"damage":28,"enemies":"Centurion and Healer","floor":28,"turns":6},{"damage":33,"enemies":"Chosen and Byrds","floor":30,"turns":5},{"damage":39,"enemies":"Automaton","floor":33,"turns":7},{"damage":12,"enemies":"3 Shapes","floor":35,"turns":6},{"damage":39,"enemies":"3 Darklings","floor":37,"turns":6},{"damage":21,"enemies":"Jaw Worm Horde","floor":38,"turns":4},{"damage":77,"enemies":"Reptomancer","floor":40,"turns":4}],"seed_played":"-2349250505296487401","potions_obtained":[{"floor":6,"key":"SkillPotion"},{"floor":8,"key":"Fire Potion"},{"floor":10,"key":"Swift Potion"},{"floor":16,"key":"SpeedPotion"},{"floor":27,"key":"PowerPotion"},{"floor":28,"key":"Energy Potion"},{"floor":33,"key":"Poison Potion"},{"floor":34,"key":"Regen Potion"},{"floor":38,"key":"Poison Potion"}],"is_trial":false,"path_per_floor":["M","?","M","M","$","E","M","M","T","M","R","?","M","?","R","B",null,"M","M","$","?","M","R","M","R","T","M","M","R","M","$","R","B",null,"M","$","M","M","?","E"],"character_chosen":"IRONCLAD","items_purchased":["Magnetism","Regal Pillow","Block Potion","Incense Burner","SkillPotion","Regen Potion"],"campfire_rested":6,"item_purchase_floors":[5,20,20,31,31,36],"current_hp_per_floor":[77,69,70,75,75,47,47,32,32,34,58,58,48,48,72,41,80,78,54,54,54,49,80,42,80,80,72,50,80,53,53,80,47,85,79,79,80,65,65,0],"gold":114,"neow_bonus":"RANDOM_COLORLESS","is_prod":false,"is_daily":false,"chose_seed":false,"campfire_upgraded":0,"win_rate":0,"timestamp":1549372816,"path_taken":["M","?","M","M","$","E","M","?","T","M","R","?","M","?","R","BOSS","M","M","$","?","M","R","M","R","T","M","M","R","?","$","R","BOSS","M","$","M","M","?","E"],"build_version":"2019-01-23","purchased_purges":0,"victory":false,"max_hp_per_floor":[80,80,80,80,80,80,80,80,80,80,80,80,80,80,80,80,80,80,80,80,80,80,80,80,80,80,80,80,80,80,80,80,80,85,85,85,85,85,85,85],"card_choices":[{"not_picked":["Wild Strike","True Grit","Havoc"],"picked":"SKIP","floor":1},{"not_picked":["Sword Boomerang","Sever Soul"],"picked":"Power Through","floor":3},{"not_picked":["Body Slam","Second Wind"],"picked":"Anger","floor":4},{"not_picked":["Pommel Strike","Reckless Charge"],"picked":"Shrug It Off","floor":6},{"not_picked":["Iron Wave","Dropkick"],"picked":"Spot Weakness","floor":7},{"not_picked":["Bloodletting","Wild Strike"],"picked":"Rage","floor":8},{"not_picked":["Fire Breathing","Dropkick"],"picked":"Headbutt","floor":10},{"not_picked":["Evolve","Burning Pact"],"picked":"Shrug It Off","floor":13},{"not_picked":["Carnage","Fire Breathing"],"picked":"Clash","floor":18},{"not_picked":["Twin Strike","Sever Soul+1","Clothesline"],"picked":"SKIP","floor":19},{"not_picked":["Bloodletting","Thunderclap"],"picked":"Corruption+1","floor":22},{"not_picked":["Clothesline","Pommel Strike"],"picked":"Heavy Blade","floor":24},{"not_picked":["True Grit+1","Reckless Charge","Flex"],"picked":"SKIP","floor":27},{"not_picked":["Spot Weakness","Havoc"],"picked":"Iron Wave","floor":28},{"not_picked":["Heavy Blade+1","Evolve"],"picked":"Blood for Blood+1","floor":30},{"not_picked":["Exhume","Bludgeon"],"picked":"Limit Break","floor":33},{"not_picked":["Twin Strike","Heavy Blade"],"picked":"Pommel Strike","floor":34},{"not_picked":["Entrench+1","Iron Wave+1","Metallicize"],"picked":"SKIP","floor":35},{"not_picked":["Perfected Strike+1","Headbutt"],"picked":"Pommel Strike","floor":37},{"not_picked":["Twin Strike","Body Slam+1","Clothesline"],"picked":"SKIP","floor":38}],"player_experience":151716,"relics_obtained":[{"floor":6,"key":"StoneCalendar"},{"floor":9,"key":"PreservedInsect"},{"floor":26,"key":"Oddly Smooth Stone"}],"event_choices":[{"damage_healed":0,"gold_gain":75,"player_choice":"Touch","damage_taken":8,"max_hp_gain":0,"max_hp_loss":0,"event_name":"FaceTrader","floor":2,"gold_loss":0},{"damage_healed":0,"gold_gain":30,"player_choice":"Searched \u00272\u0027 times","damage_taken":0,"max_hp_gain":0,"max_hp_loss":0,"event_name":"Dead Adventurer","floor":12,"gold_loss":0},{"damage_healed":0,"gold_gain":100,"player_choice":"Pray","damage_taken":0,"max_hp_gain":0,"max_hp_loss":0,"event_name":"Golden Shrine","floor":14,"gold_loss":0},{"damage_healed":0,"gold_gain":0,"player_choice":"Upgraded","damage_taken":0,"max_hp_gain":0,"max_hp_loss":0,"event_name":"Upgrade Shrine","floor":21,"gold_loss":0,"cards_upgraded":["Magnetism"]},{"cards_removed":["Corruption"],"damage_healed":0,"gold_gain":0,"player_choice":"Purged","damage_taken":0,"max_hp_gain":0,"max_hp_loss":0,"event_name":"Purifier","floor":39,"gold_loss":0}],"is_beta":false,"boss_relics":[{"not_picked":["Coffee Dripper","Runic Dome"],"picked":"Pandora\u0027s Box"},{"not_picked":["Calling Bell","Philosopher\u0027s Stone"],"picked":"Tiny House"}],"items_purged_floors":[],"is_endless":false,"potions_floor_spawned":[6,8,10,16,27,28,30,33,38],"killed_by":"Reptomancer","ascension_level":0}