{"gold_per_floor":[113,38,113,45,45,77,77,77,77,88,120,120,120,47,47,136,136,159,159,182,67,85,85,124,124,204,227,227,261,261,261],"floor_reached":31,"playtime":1129,"items_purged":["Strike_B"],"score":529,"play_id":"36492f7d-4835-4044-9a8f-8a180f565456","local_time":"20181229182150","is_ascension_mode":true,"campfire_choices":[{"floor":7,"key":"REST"},{"data":"Defragment","floor":15,"key":"SMITH"},{"data":"Defragment","floor":23,"key":"SMITH"},{"floor":28,"key":"REST"},{"floor":30,"key":"REST"}],"neow_cost":"TEN_PERCENT_HP_LOSS","seed_source_timestamp":174388330055851,"circlet_count":0,"master_deck":["AscendersBane","Strike_B+1","Defend_B","Defend_B","Defend_B","Defend_B","Zap","Dualcast","Chill+1","Defragment+1","Sweeping Beam","Undo","Cold Snap","Echo Form","Redo+1","Hologram","Defragment+1","Ball Lightning","Amplify","Thunder Strike"],"relics":["FossilizedHelix","Ornamental Fan","Letter Opener","Golden Idol","Inserter","Pantograph","Nloth\u0027s Gift","Question Card","Singing Bowl"],"potions_floor_usage":[16,16,24,24,31],"damage_taken":[{"damage":0,"enemies":"Jaw Worm","floor":1,"turns":4},{"damage":22,"enemies":"Lagavulin","floor":6,"turns":8},{"damage":0,"enemies":"Small Slimes","floor":10,"turns":2},{"damage":0,"enemies":"3 Sentries","floor":11,"turns":8},{"damage":8,"enemies":"Hexaghost","floor":16,"turns":9},{"damage":3,"enemies":"Chosen","floor":18,"turns":6},{"damage":10,"enemies":"Shell Parasite","floor":20,"turns":7},{"damage":0,"enemies":"3 Cultists","floor":22,"turns":5},{"damage":28,"enemies":"Book of Stabbing","floor":24,"turns":5},{"damage":0,"enemies":"Centurion and Healer","floor":27,"turns":7},{"damage":35,"enemies":"Slavers","floor":29,"turns":5},{"damage":32,"enemies":"Snake Plant","floor":31,"turns":5}],"seed_played":"-4443078171843539828","potions_obtained":[{"floor":1,"key":"Energy Potion"},{"floor":8,"key":"PowerPotion"},{"floor":18,"key":"Regen Potion"},{"floor":20,"key":"Fire Potion"},{"floor":24,"key":"SteroidPotion"}],"is_trial":false,"path_per_floor":["M","?","?","$","?","E","R","?","T","M","E","?","?","$","R","B",null,"M","?","M","$","M","R","E","?","T","M","R","E","R","M"],"character_chosen":"DEFECT","items_purchased":["Defragment","FocusPotion","Defragment"],"campfire_rested":3,"item_purchase_floors":[4,14,21],"current_hp_per_floor":[64,64,53,53,34,12,31,31,31,31,31,31,36,36,36,28,54,51,51,41,41,41,41,25,25,25,25,43,8,26,0],"gold":261,"neow_bonus":"ONE_RARE_RELIC","is_prod":false,"is_daily":false,"chose_seed":false,"campfire_upgraded":2,"win_rate":0,"timestamp":1546125710,"path_taken":["M","?","?","$","?","E","R","?","T","?","E","?","?","?","R","BOSS","M","?","M","?","M","R","E","?","T","M","R","E","R","M"],"build_version":"2018-12-20","purchased_purges":1,"victory":false,"max_hp_per_floor":[64,64,64,64,64,64,64,64,64,64,64,58,63,63,63,63,63,63,63,63,63,63,63,63,63,63,63,63,63,63,63],"card_choices":[{"not_picked":["Skim","FTL"],"picked":"Chill","floor":1},{"not_picked":["Conserve Battery","Reboot"],"picked":"Sweeping Beam","floor":6},{"not_picked":["Streamline","Chill"],"picked":"Undo","floor":10},{"not_picked":["Go for the Eyes","Double Energy"],"picked":"Cold Snap","floor":11},{"not_picked":["Multi-Cast","All For One"],"picked":"Echo Form","floor":16},{"not_picked":["Capacitor+1","Conserve Battery"],"picked":"Redo+1","floor":18},{"not_picked":["Go for the Eyes+1","BootSequence"],"picked":"Hologram","floor":20},{"not_picked":["Hyperbeam","Chill+1"],"picked":"Ball Lightning","floor":22},{"not_picked":["Steam","Leap","Rebound"],"picked":"SKIP","floor":24},{"not_picked":["Defragment","Melter","Sweeping Beam"],"picked":"Amplify","floor":27},{"not_picked":["Hyperbeam","Rebound","Amplify"],"picked":"Thunder Strike","floor":29}],"player_experience":433679,"relics_obtained":[{"floor":6,"key":"Ornamental Fan"},{"floor":9,"key":"Letter Opener"},{"floor":24,"key":"Pantograph"},{"floor":26,"key":"Question Card"},{"floor":29,"key":"Singing Bowl"}],"event_choices":[{"cards_removed":["Strike_B"],"damage_healed":0,"gold_gain":0,"player_choice":"Card Removal","damage_taken":0,"max_hp_gain":0,"max_hp_loss":0,"event_name":"The Cleric","floor":2,"gold_loss":75},{"damage_healed":0,"gold_gain":75,"player_choice":"Gather Gold","damage_taken":11,"max_hp_gain":0,"max_hp_loss":0,"event_name":"World of Goop","floor":3,"gold_loss":0},{"damage_healed":0,"gold_gain":0,"player_choice":"Entered Light","damage_taken":19,"max_hp_gain":0,"max_hp_loss":0,"event_name":"Shining Light","floor":5,"gold_loss":0,"cards_upgraded":["Strike_B","Chill"]},{"damage_healed":0,"gold_gain":0,"player_choice":"Got Potions","damage_taken":0,"max_hp_gain":0,"max_hp_loss":0,"event_name":"Lab","floor":8,"gold_loss":0},{"damage_healed":0,"gold_gain":0,"player_choice":"Lose Max HP","damage_taken":0,"relics_obtained":["Golden Idol"],"max_hp_gain":0,"max_hp_loss":6,"event_name":"Golden Idol","floor":12,"gold_loss":0},{"damage_healed":0,"gold_gain":0,"player_choice":"Donut","damage_taken":0,"max_hp_gain":5,"max_hp_loss":0,"event_name":"Big Fish","floor":13,"gold_loss":0},{"cards_removed":["Strike_B"],"damage_healed":0,"gold_gain":0,"player_choice":"Offered Basic","damage_taken":0,"max_hp_gain":0,"max_hp_loss":0,"event_name":"Bonfire Elementals","floor":19,"gold_loss":0},{"damage_healed":0,"gold_gain":0,"player_choice":"Traded Relic","damage_taken":0,"relics_obtained":["Nloth\u0027s Gift"],"max_hp_gain":0,"max_hp_loss":0,"event_name":"N\u0027loth","floor":25,"relics_lost":["Cracked Core"],"gold_loss":0}],"is_beta":false,"boss_relics":[{"not_picked":["Empty Cage","Busted Crown"],"picked":"Inserter"}],"items_purged_floors":[21],"is_endless":false,"potions_floor_spawned":[1,11,18,20,24],"killed_by":"Snake Plant","ascension_level":15}