{"path_per_floor":["M","?","?","?","M","M","R","M","T","R","E","?","M","E","R","B",null,"M","M","M","M","?","R","M","?","T","M","?","$","?","$","R"],"character_chosen":"THE_SILENT","items_purchased":[],"gold_per_floor":[99,99,99,99,99,99,99,69,69,69,69,29,29,29,29,29,29,0,0,0,0,0,0,0,0,0,0,0,0,0,0,0,0],"floor_reached":33,"campfire_rested":2,"playtime":2051,"current_hp_per_floor":[67,67,67,60,60,60,60,60,60,60,49,49,48,48,69,29,70,70,70,59,50,50,58,40,40,40,29,29,29,29,29,49,0],"items_purged":[],"gold":0,"score":308,"play_id":"63a476bb-9ddc-44a2-b259-93f72640130e","local_time":"20180402075445","is_prod":false,"is_daily":false,"is_ascension_mode":false,"campfire_upgraded":3,"timestamp":1522670085,"path_taken":["M","?","?","?","M","M","R","M","T","R","E","?","?","E","R","BOSS","M","M","M","M","?","R","M","?","T","M","?","$","?","?","R","BOSS"],"build_version":"2018-03-29v2","purchased_purges":0,"victory":false,"master_deck":["Defend_G","Defend_G","Defend_G","Defend_G","Survivor","Neutralize","Acrobatics","Neutralize","Sucker Punch+1","Predator","Dash+1","Slice+1","Flechettes","Dagger Spray","Adrenaline","Deflect","Heel Hook","Choke+1","Prepared","Quick Slash","Riddle With Holes+1","Bite","Bite","Bite","Bite","Bite"],"max_hp_per_floor":[70,70,70,70,70,70,70,70,70,70,70,70,70,70,70,70,70,70,70,70,70,70,70,70,70,70,70,70,70,49,49,49,49],"relics":["Ectoplasm","Blue Candle","Art of War","Ninja Scroll","Eternal Feather","The Courier","Oddly Smooth Stone"],"card_choices":[{"not_picked":["Catalyst","Skewer"],"picked":"Acrobatics","floor":1.0},{"not_picked":["Outmaneuver","Calculated Gamble"],"picked":"Predator","floor":5.0},{"not_picked":["Noxious Fumes","Flying Knee"],"picked":"Dash","floor":6.0},{"not_picked":["Acrobatics","Caltrops"],"picked":"Slice","floor":8.0},{"not_picked":["All Out Attack","Eviscerate"],"picked":"Flechettes","floor":11.0},{"not_picked":["Acrobatics","Bane"],"picked":"Dagger Spray","floor":13.0},{"not_picked":["Corpse Explosion","Unload"],"picked":"Adrenaline","floor":16.0},{"not_picked":["Bane","Poisoned Stab"],"picked":"Deflect","floor":18.0},{"not_picked":["Dodge and Roll","Underhanded Strike"],"picked":"Heel Hook","floor":19.0},{"not_picked":["Dagger Spray","Accuracy"],"picked":"Choke","floor":20},{"not_picked":["Infinite Blades","Acrobatics"],"picked":"Prepared","floor":21},{"not_picked":["Acrobatics","Outmaneuver"],"picked":"Quick Slash","floor":24},{"not_picked":["Eviscerate","Finisher"],"picked":"Riddle With Holes","floor":27}],"player_experience":80670,"potions_floor_usage":[24,24,33],"damage_taken":[{"damage":3.0,"enemies":"Jaw Worm","floor":1.0,"turns":6.0},{"damage":0.0,"enemies":"Cultist","floor":5.0,"turns":3.0},{"damage":0.0,"enemies":"2 Louse","floor":6.0,"turns":2.0},{"damage":0.0,"enemies":"Looter","floor":8.0,"turns":3.0},{"damage":11.0,"enemies":"3 Sentries","floor":11.0,"turns":4.0},{"damage":1.0,"enemies":"Exordium Wildlife","floor":13.0,"turns":2.0},{"damage":0.0,"enemies":"Gremlin Nob","floor":14.0,"turns":3.0},{"damage":40.0,"enemies":"Hexaghost","floor":16.0,"turns":11.0},{"damage":0.0,"enemies":"2 Thieves","floor":18.0,"turns":3.0},{"damage":0.0,"enemies":"3 Byrds","floor":19.0,"turns":4.0},{"damage":11.0,"enemies":"Slaver and Parasite","floor":20.0,"turns":5.0},{"damage":9,"enemies":"Sentry and Sphere","floor":21,"turns":5},{"damage":18,"enemies":"Slaver and Parasite","floor":24,"turns":5},{"damage":11,"enemies":"Snecko","floor":27,"turns":5},{"damage":76,"enemies":"Automaton","floor":33,"turns":8}],"event_choices":[{"event_name":"Match and Keep!","player_choice":"2 cards matched","floor":2.0,"damage_taken":0.0},{"event_name":"Purifier","player_choice":"One Purge","floor":3.0,"damage_taken":0.0},{"event_name":"Golden Wing","player_choice":"Card Removal","floor":4.0,"damage_taken":0.0},{"event_name":"The Woman in Blue","player_choice":"Bought 3 Potions","floor":12.0,"damage_taken":0.0},{"event_name":"Drug Dealer","player_choice":"Ignored","floor":22,"damage_taken":0},{"event_name":"The Mausoleum","player_choice":"Yes","floor":25,"damage_taken":0},{"event_name":"Ghosts","player_choice":"Ignored","floor":28,"damage_taken":0},{"event_name":"Vampires","player_choice":"Became a vampire","floor":30,"damage_taken":0}],"boss_relics":[],"potions_floor_spawned":[5,6,13,16,18,21,27],"seed_played":"851514613373398532","killed_by":"Automaton","ascension_level":0,"is_trial":false}