{"gold_per_floor":[368,54,129,49,66,98,109,109,157,168,168,203,4,4,4,103,103,119,0,0,0,0,0,14,39,93,93,111,111],"floor_reached":29,"playtime":1311,"items_purged":[],"score":249,"play_id":"55218511-8b31-47b2-b1eb-1a8790698e36","local_time":"20190209124648","is_ascension_mode":false,"campfire_choices":[{"floor":8,"key":"REST"},{"floor":11,"key":"RECALL"},{"floor":15,"key":"REST"},{"floor":23,"key":"REST"},{"floor":27,"key":"REST"}],"neow_cost":"TEN_PERCENT_HP_LOSS","seed_source_timestamp":690664757457571,"circlet_count":0,"master_deck":["Strike_B","Strike_B","Strike_B","Strike_B","Defend_B","Defend_B","Defend_B","Defend_B","Zap","Dualcast","Tempest","Core Surge","Cold Snap","Streamline","Sweeping Beam","Cold Snap","Defragment","Creative AI","Chill+1","Ball Lightning"],"relics":["Cracked Core","Calipers","Strawberry","Vajra","Lantern","Strange Spoon","Busted Crown","Pen Nib","Tiny Chest"],"potions_floor_usage":[],"damage_taken":[{"damage":0,"enemies":"Cultist","floor":1,"turns":3},{"damage":7,"enemies":"Small Slimes","floor":5,"turns":3},{"damage":31,"enemies":"Gremlin Nob","floor":6,"turns":4},{"damage":6,"enemies":"Jaw Worm","floor":7,"turns":3},{"damage":0,"enemies":"Exordium Thugs","floor":10,"turns":3},{"damage":30,"enemies":"Lagavulin","floor":12,"turns":6},{"damage":15,"enemies":"Slime Boss","floor":16,"turns":7},{"damage":39,"enemies":"2 Thieves","floor":18,"turns":5},{"damage":13,"enemies":"3 Byrds","floor":24,"turns":6},{"damage":23,"enemies":"Book of Stabbing","floor":25,"turns":7},{"damage":10,"enemies":"Centurion and Healer","floor":28,"turns":7},{"damage":39,"enemies":"3 Cultists","floor":29,"turns":4}],"seed_played":"-1014914327618590414","potions_obtained":[{"floor":6,"key":"AttackPotion"},{"floor":7,"key":"AttackPotion"},{"floor":10,"key":"SkillPotion"},{"floor":18,"key":"GamblersBrew"}],"is_trial":false,"path_per_floor":["M","$","?","$","M","E","M","R","T","M","R","E","$","$","R","B",null,"M","?","?","$","?","R","M","E","T","R","M","M"],"character_chosen":"DEFECT","items_purchased":["Calipers","Core Surge","Strange Spoon"],"campfire_rested":4,"item_purchase_floors":[2,4,13],"current_hp_per_floor":[68,68,57,57,50,26,20,42,42,42,42,12,12,12,34,19,75,36,36,36,36,36,58,45,22,22,44,34,0],"gold":111,"neow_bonus":"TWO_FIFTY_GOLD","is_prod":false,"is_daily":false,"chose_seed":false,"campfire_upgraded":0,"win_rate":0,"timestamp":1549712808,"path_taken":["M","?","?","?","?","E","M","R","T","M","R","E","?","$","R","BOSS","M","?","?","$","?","R","M","E","T","R","M","M"],"build_version":"2019-01-23","purchased_purges":0,"victory":false,"max_hp_per_floor":[68,68,68,68,68,75,75,75,75,75,75,75,75,75,75,75,75,75,75,75,75,75,75,75,75,75,75,75,75],"card_choices":[{"not_picked":["Compile Driver","Stack"],"picked":"Tempest","floor":1},{"not_picked":["Turbo","Hologram"],"picked":"Cold Snap","floor":5},{"not_picked":["Thunder Strike","Gash"],"picked":"Streamline","floor":6},{"not_picked":["Rebound","BootSequence"],"picked":"Sweeping Beam","floor":7},{"not_picked":["Ball Lightning","Loop"],"picked":"Cold Snap","floor":10},{"not_picked":["Undo","Leap"],"picked":"Defragment","floor":12},{"not_picked":["All For One","Fission"],"picked":"Creative AI","floor":16},{"not_picked":["Barrage"],"picked":"SKIP","floor":18},{"not_picked":["Heatsinks"],"picked":"SKIP","floor":24},{"not_picked":["Storm"],"picked":"SKIP","floor":25},{"not_picked":[],"picked":"Ball Lightning","floor":28}],"player_experience":629492,"relics_obtained":[{"floor":6,"key":"Strawberry"},{"floor":9,"key":"Vajra"},{"floor":12,"key":"Lantern"},{"floor":25,"key":"Pen Nib"},{"floor":26,"key":"Tiny Chest"}],"event_choices":[{"damage_healed":0,"gold_gain":75,"player_choice":"Gather Gold","damage_taken":11,"max_hp_gain":0,"max_hp_loss":0,"event_name":"World of Goop","floor":3,"gold_loss":0},{"damage_healed":0,"gold_gain":0,"player_choice":"Paid Fearfully","damage_taken":0,"max_hp_gain":0,"max_hp_loss":0,"event_name":"Masked Bandits","floor":19,"gold_loss":119},{"damage_healed":0,"gold_gain":0,"player_choice":"Read","damage_taken":0,"max_hp_gain":0,"max_hp_loss":0,"event_name":"The Library","floor":20,"gold_loss":0,"cards_obtained":["Chill"]},{"damage_healed":0,"gold_gain":0,"player_choice":"Upgraded","damage_taken":0,"max_hp_gain":0,"max_hp_loss":0,"event_name":"Upgrade Shrine","floor":22,"gold_loss":0,"cards_upgraded":["Chill"]}],"is_beta":false,"boss_relics":[{"not_picked":["Black Star","Runic Dome"],"picked":"Busted Crown"}],"items_purged_floors":[],"is_endless":false,"potions_floor_spawned":[6,7,10,18,28],"killed_by":"3 Cultists","ascension_level":0}