{"gold_per_floor":[111,131,141,153,164,23,35,70,70,99,114,114,126,144,144,244,244,257,112,122,0,13,44,44,62,108,120,45,45],"floor_reached":29,"playtime":1336,"items_purged":["Strike_B"],"score":289,"play_id":"5e07f477-399c-419b-8bda-9abccbc8154b","local_time":"20190122185754","is_ascension_mode":true,"campfire_choices":[{"floor":12,"key":"REST"},{"floor":15,"key":"REST"},{"floor":24,"key":"REST"}],"neow_cost":"NONE","seed_source_timestamp":1770428333857158,"circlet_count":0,"master_deck":["Strike_B","Strike_B","Defend_B","Defend_B","Defend_B","Defend_B","Zap","Dualcast","Coolheaded","Double Energy","Heatsinks","Ball Lightning","Defragment","Doom and Gloom","Self Repair","Static Discharge","Sweeping Beam","Conserve Battery","Multi-Cast","Reprogram","Reboot","Melter","Static Discharge","Sweeping Beam+1","Storm+1","Chill","Tempest","Chaos+1"],"relics":["Cracked Core","Sundial","Mercury Hourglass","Vajra","Runic Pyramid","Strawberry"],"potions_floor_usage":[16,16,27,29],"damage_taken":[{"damage":1,"enemies":"Cultist","floor":1,"turns":3},{"damage":2,"enemies":"Jaw Worm","floor":2,"turns":3},{"damage":0,"enemies":"2 Louse","floor":3,"turns":3},{"damage":7,"enemies":"Blue Slaver","floor":4,"turns":4},{"damage":9,"enemies":"Red Slaver","floor":5,"turns":3},{"damage":7,"enemies":"Looter","floor":7,"turns":4},{"damage":23,"enemies":"Lagavulin","floor":8,"turns":6},{"damage":30,"enemies":"3 Sentries","floor":10,"turns":4},{"damage":15,"enemies":"Lots of Slimes","floor":11,"turns":2},{"damage":23,"enemies":"3 Louse","floor":13,"turns":2},{"damage":6,"enemies":"2 Fungi Beasts","floor":14,"turns":2},{"damage":12,"enemies":"The Guardian","floor":16,"turns":7},{"damage":17,"enemies":"Chosen","floor":18,"turns":6},{"damage":11,"enemies":"Spheric Guardian","floor":20,"turns":3},{"damage":20,"enemies":"Cultist and Chosen","floor":22,"turns":4},{"damage":52,"enemies":"Book of Stabbing","floor":23,"turns":4},{"damage":24,"enemies":"Sentry and Sphere","floor":25,"turns":4},{"damage":20,"enemies":"Shelled Parasite and Fungi","floor":27,"turns":2},{"damage":6,"enemies":"Snake Plant","floor":29,"turns":1}],"seed_played":"-5127788410510924255","potions_obtained":[{"floor":2,"key":"Energy Potion"},{"floor":3,"key":"FocusPotion"},{"floor":7,"key":"PowerPotion"},{"floor":18,"key":"Explosive Potion"},{"floor":20,"key":"Fire Potion"},{"floor":27,"key":"AttackPotion"}],"is_trial":false,"path_per_floor":["M","M","M","M","M","$","M","E","T","E","M","R","M","M","R","B",null,"M","$","M","?","M","E","R","M","T","M","?","M"],"character_chosen":"DEFECT","items_purchased":["Defragment","Doom and Gloom","Static Discharge"],"campfire_rested":3,"item_purchase_floors":[6,6,19],"current_hp_per_floor":[81,79,79,72,63,63,56,40,40,17,9,33,17,18,42,37,82,72,72,68,68,55,17,43,26,26,6,6,0],"gold":45,"neow_bonus":"TEN_PERCENT_HP_BONUS","is_prod":false,"is_daily":false,"chose_seed":false,"campfire_upgraded":0,"win_rate":0,"timestamp":1548179874,"path_taken":["M","M","M","M","M","$","M","E","T","E","M","R","?","M","R","BOSS","M","$","?","?","M","E","R","M","T","M","?","M"],"build_version":"2019-01-17v2","purchased_purges":1,"victory":false,"max_hp_per_floor":[82,82,82,82,82,82,82,82,82,82,82,82,82,82,82,82,82,82,82,82,82,82,89,89,89,89,89,89,89],"card_choices":[{"not_picked":["Leap","Steam Power"],"picked":"Coolheaded","floor":1},{"not_picked":["Beam Cell","Rebound"],"picked":"Double Energy","floor":2},{"not_picked":["Streamline","Gash"],"picked":"Heatsinks","floor":3},{"not_picked":["Sweeping Beam","Skim"],"picked":"Ball Lightning","floor":4},{"not_picked":["Force Field","Skim","All For One"],"picked":"SKIP","floor":5},{"not_picked":["Stack","Beam Cell"],"picked":"Self Repair","floor":7},{"not_picked":["Blizzard","Reboot"],"picked":"Static Discharge","floor":8},{"not_picked":["Rip and Tear","Auto Shields"],"picked":"Sweeping Beam","floor":10},{"not_picked":["Barrage","Redo"],"picked":"Conserve Battery","floor":11},{"not_picked":["Sweeping Beam","Defragment"],"picked":"Multi-Cast","floor":13},{"not_picked":["Heatsinks","Compile Driver"],"picked":"Reprogram","floor":14},{"not_picked":["Hyperbeam","Buffer"],"picked":"Reboot","floor":16},{"not_picked":["Turbo","Sweeping Beam"],"picked":"Melter","floor":18},{"not_picked":["Gash","Fusion"],"picked":"Sweeping Beam+1","floor":20},{"not_picked":["Meteor Strike","Steam"],"picked":"Storm+1","floor":22},{"not_picked":["Rip and Tear+1","Skim+1"],"picked":"Chill","floor":23},{"not_picked":["Scrape+1","Beam Cell"],"picked":"Tempest","floor":25},{"not_picked":["Fusion+1","Go for the Eyes"],"picked":"Chaos+1","floor":27}],"player_experience":223174,"relics_obtained":[{"floor":8,"key":"Sundial"},{"floor":9,"key":"Mercury Hourglass"},{"floor":10,"key":"Vajra"},{"floor":23,"key":"Strawberry"}],"event_choices":[{"damage_healed":0,"gold_gain":0,"player_choice":"Paid Fearfully","damage_taken":0,"max_hp_gain":0,"max_hp_loss":0,"event_name":"Masked Bandits","floor":21,"gold_loss":122},{"cards_removed":["Strike_B"],"damage_healed":0,"gold_gain":0,"player_choice":"Gave Gold","damage_taken":0,"max_hp_gain":0,"max_hp_loss":0,"event_name":"Beggar","floor":28,"gold_loss":75}],"is_beta":false,"boss_relics":[{"not_picked":["Eternal Feather","Calling Bell"],"picked":"Runic Pyramid"}],"items_purged_floors":[19],"is_endless":false,"potions_floor_spawned":[2,3,7,10,11,18,20,27],"killed_by":"Snake Plant","ascension_level":2}