{"gold_per_floor":[110,127,140,150,115,142,153,165,190,190,200,200,200,213,213,316,346,366,281,37,30,30,30,42,42,42,17,17,31,31],"floor_reached":30,"playtime":2338,"items_purged":[],"score":259,"play_id":"62a6c3ad-4fcd-4240-8f41-7cfdbae28444","local_time":"20180626013418","is_ascension_mode":false,"campfire_choices":[{"floor":10,"key":"REST"},{"floor":12,"key":"REST"},{"data":"Iron Wave","floor":15,"key":"SMITH"},{"data":"Rampage","floor":23,"key":"SMITH"},{"floor":25,"key":"REST"}],"neow_cost":"NONE","seed_source_timestamp":14439191667359,"circlet_count":0,"master_deck":["Strike_R","Strike_R","Strike_R","Strike_R","Strike_R+1","Defend_R+1","Defend_R+1","Defend_R","Defend_R","Bash","Shrug It Off+1","Sword Boomerang","Anger","Anger","Shrug It Off","Rampage+1","Entrench","Ghostly Armor+1","Iron Wave+1","Feed","Thunderclap","Cleave","Rage","Whirlwind","Twin Strike","Clash"],"relics":["Burning Blood","Juzu Bracelet","Bag of Marbles","Tiny House","War Paint","Matryoshka","Mummified Hand","Regal Pillow"],"potions_floor_usage":[16,16,16,24,29,30],"damage_taken":[{"damage":5,"enemies":"Jaw Worm","floor":1,"turns":4},{"damage":9,"enemies":"2 Louse","floor":2,"turns":3},{"damage":0,"enemies":"Cultist","floor":3,"turns":3},{"damage":42,"enemies":"Gremlin Gang","floor":4,"turns":6},{"damage":28,"enemies":"Gremlin Nob","floor":6,"turns":4},{"damage":16,"enemies":"Exordium Wildlife","floor":7,"turns":7},{"damage":9,"enemies":"Exordium Thugs","floor":8,"turns":4},{"damage":14,"enemies":"Large Slime","floor":11,"turns":5},{"damage":0,"enemies":"Looter","floor":14,"turns":3},{"damage":66,"enemies":"The Guardian","floor":16,"turns":12},{"damage":11,"enemies":"3 Byrds","floor":18,"turns":7},{"damage":15,"enemies":"2 Thieves","floor":21,"turns":4},{"damage":58,"enemies":"Slaver and Parasite","floor":24,"turns":9},{"damage":64,"enemies":"Sentry and Sphere","floor":29,"turns":10},{"damage":38,"enemies":"3 Cultists","floor":30,"turns":6}],"seed_played":"1484098397518048936","potions_obtained":[{"floor":7,"key":"Strength Potion"},{"floor":8,"key":"Swift Potion"},{"floor":14,"key":"Ancient Potion"},{"floor":17,"key":"Poison Potion"},{"floor":21,"key":"Poison Potion"},{"floor":24,"key":"SkillPotion"}],"is_trial":false,"path_per_floor":["M","M","M","M","?","E","M","M","T","R","M","R","?","M","R","B",null,"M","?","$","M","?","R","M","R","T","$","?","M"],"character_chosen":"IRONCLAD","items_purchased":["Matryoshka","Twin Strike"],"campfire_rested":3,"item_purchase_floors":[20,27],"current_hp_per_floor":[88,85,88,52,74,52,42,39,39,65,57,83,65,71,71,11,93,88,88,88,79,79,79,27,54,54,54,85,27,0],"gold":31,"neow_bonus":"TEN_PERCENT_HP_BONUS","is_prod":false,"is_daily":false,"chose_seed":false,"campfire_upgraded":2,"win_rate":0.0,"timestamp":1530002058,"path_taken":["M","M","M","M","?","E","M","M","T","R","M","R","?","M","R","BOSS","M","?","$","M","?","R","M","R","T","$","?","M","M"],"build_version":"2018-06-21v2","purchased_purges":0,"victory":false,"max_hp_per_floor":[88,88,88,88,88,88,88,88,88,88,88,88,88,88,88,88,93,93,93,93,93,93,93,93,93,93,93,93,93,96],"card_choices":[{"not_picked":["Thunderclap","Armaments"],"picked":"Shrug It Off","floor":1},{"not_picked":["Sever Soul","Flex"],"picked":"Sword Boomerang","floor":2},{"not_picked":["Cleave","Pummel"],"picked":"Anger","floor":3},{"not_picked":["Perfected Strike","Ghostly Armor"],"picked":"Anger","floor":4},{"not_picked":["Dual Wield","Warcry"],"picked":"Shrug It Off","floor":6},{"not_picked":["Warcry","Body Slam"],"picked":"Rampage","floor":7},{"not_picked":["Headbutt","Dark Embrace"],"picked":"Entrench","floor":8},{"not_picked":["Body Slam","Rampage"],"picked":"Ghostly Armor","floor":11},{"not_picked":["Sever Soul","Body Slam"],"picked":"Iron Wave","floor":14},{"not_picked":["Bludgeon","Limit Break"],"picked":"Feed","floor":16},{"not_picked":["Burning Pact","Pommel Strike"],"picked":"Thunderclap","floor":17},{"not_picked":["Armaments","Clash"],"picked":"Cleave","floor":18},{"not_picked":["Sever Soul","Entrench"],"picked":"Rage","floor":21},{"not_picked":["Feel No Pain","Body Slam+1"],"picked":"Whirlwind","floor":24},{"not_picked":["Warcry","Thunderclap"],"picked":"Clash","floor":29}],"player_experience":11651,"relics_obtained":[{"floor":6,"key":"Juzu Bracelet"},{"floor":9,"key":"Bag of Marbles"},{"floor":26,"key":"Mummified Hand"},{"floor":26,"key":"Regal Pillow"}],"event_choices":[{"event_name":"The Cleric","player_choice":"Healed","floor":5,"damage_taken":0},{"event_name":"Shining Light","player_choice":"Entered Light","floor":13,"damage_taken":0},{"event_name":"Addict","player_choice":"Obtained Relic","floor":19,"damage_taken":0},{"event_name":"Drug Dealer","player_choice":"Ignored","floor":22,"damage_taken":0},{"event_name":"The Library","player_choice":"Heal","floor":28,"damage_taken":0}],"boss_relics":[{"not_picked":["Philosopher\u0027s Stone","Black Star"],"picked":"Tiny House"}],"items_purged_floors":[],"is_endless":false,"potions_floor_spawned":[7,8,14,21,24],"killed_by":"3 Cultists","ascension_level":0}