{"gold_per_floor":[112,112,112,112,112,112,146,146,146,156,186,186,201,211,211,286,286,286,20,20,20,20,20,20,20,20,20,20,20,20,20,20,20,20,20,20,20,20,20,20,20,20,20,20,20,20,20,20,20,20,20],"floor_reached":52,"playtime":4003,"items_purged":[],"score":2146,"play_id":"f5b47b63-e89f-48cd-9f2f-4efb01465a96","local_time":"20181025191634","is_ascension_mode":true,"campfire_choices":[{"data":"Neutralize","floor":6.0,"key":"SMITH"},{"data":"Dagger Spray","floor":8.0,"key":"SMITH"},{"data":"Deadly Poison","floor":12.0,"key":"SMITH"},{"data":"Dash","floor":15.0,"key":"SMITH"},{"data":"Footwork","floor":23.0,"key":"SMITH"},{"data":"Cloak And Dagger","floor":25.0,"key":"SMITH"},{"data":"Night Terror","floor":28.0,"key":"SMITH"},{"data":"Blur","floor":32.0,"key":"SMITH"},{"data":"Burst","floor":41.0,"key":"SMITH"},{"floor":46.0,"key":"REST"},{"floor":49,"key":"REST"}],"neow_cost":"NONE","seed_source_timestamp":550907658384799,"circlet_count":0,"master_deck":["Survivor","Neutralize+1","AscendersBane","Dash+1","Deadly Poison+1","Dagger Spray+1","Terror+1","PiercingWail","Cloak And Dagger+1","Dagger Throw","Venomology","Night Terror+1","Footwork+1","Finesse","Backstab+1","PiercingWail","Blur+1","PiercingWail+1","Burst+1","Well Laid Plans"],"special_seed":0,"relics":["Pandora\u0027s Box","Juzu Bracelet","Bird Faced Urn","Dodecahedron","Ectoplasm","Oddly Smooth Stone","Kunai","Omamori","Shuriken","Blood Vial","Vajra","Busted Crown","Calipers","Du-Vu Doll","Bag of Marbles","Mercury Hourglass"],"potions_floor_usage":[48,50,50,50,51,51,51],"damage_taken":[{"damage":2.0,"enemies":"Jaw Worm","floor":1.0,"turns":2.0},{"damage":4.0,"enemies":"Gremlin Nob","floor":7.0,"turns":3.0},{"damage":0.0,"enemies":"Small Slimes","floor":10.0,"turns":2.0},{"damage":5.0,"enemies":"3 Sentries","floor":11.0,"turns":5.0},{"damage":0.0,"enemies":"2 Louse","floor":13.0,"turns":1.0},{"damage":0.0,"enemies":"2 Fungi Beasts","floor":14.0,"turns":2.0},{"damage":7.0,"enemies":"The Guardian","floor":16.0,"turns":8.0},{"damage":1.0,"enemies":"Shell Parasite","floor":18.0,"turns":4.0},{"damage":0.0,"enemies":"Chosen","floor":21.0,"turns":4.0},{"damage":0.0,"enemies":"Book of Stabbing","floor":24.0,"turns":5.0},{"damage":0.0,"enemies":"Gremlin Leader","floor":27.0,"turns":4.0},{"damage":0.0,"enemies":"Slavers","floor":29.0,"turns":5.0},{"damage":0.0,"enemies":"Snake Plant","floor":30.0,"turns":2.0},{"damage":0.0,"enemies":"Snecko","floor":31.0,"turns":3.0},{"damage":0.0,"enemies":"Champ","floor":33.0,"turns":10.0},{"damage":0.0,"enemies":"3 Darklings","floor":35.0,"turns":4.0},{"damage":0.0,"enemies":"Mind Bloom Boss Battle","floor":36.0,"turns":6.0},{"damage":0.0,"enemies":"Orb Walker","floor":39.0,"turns":3.0},{"damage":18.0,"enemies":"Reptomancer","floor":40.0,"turns":5.0},{"damage":0.0,"enemies":"Jaw Worm Horde","floor":42.0,"turns":3.0},{"damage":4.0,"enemies":"Spire Growth","floor":44.0,"turns":4.0},{"damage":40.0,"enemies":"Writhing Mass","floor":45.0,"turns":5.0},{"damage":0,"enemies":"Transient","floor":48,"turns":6},{"damage":0,"enemies":"Donu and Deca","floor":50,"turns":9},{"damage":7,"enemies":"Awakened One","floor":51,"turns":10}],"seed_played":"506357347157279888","potions_obtained":[{"floor":1.0,"key":"EssenceOfSteel"},{"floor":7.0,"key":"Strength Potion"},{"floor":11.0,"key":"GhostInAJar"},{"floor":16.0,"key":"PowerPotion"},{"floor":24.0,"key":"AttackPotion"},{"floor":33.0,"key":"Poison Potion"},{"floor":36.0,"key":"LiquidBronze"},{"floor":44.0,"key":"Poison Potion"}],"is_trial":false,"path_per_floor":["M","?","?","?","?","R","E","R","T","M","E","R","M","M","R","B",null,"M","$","?","M","?","R","E","R","T","E","R","E","M","M","R","B",null,"M","?","?","T","M","E","R","M","T","M","M","R","?","M","R","B","B"],"character_chosen":"THE_SILENT","items_purchased":["Oddly Smooth Stone","Finesse"],"campfire_rested":2,"item_purchase_floors":[19,19],"current_hp_per_floor":[57,57,57,57,57,57,53,53,53,53,62,62,62,62,62,57,64,65,65,65,66,66,66,66,66,66,66,66,66,66,66,66,66,66,66,66,66,66,66,48,48,52,52,54,20,39,39,45,64,66,66],"gold":20,"neow_bonus":"BOSS_RELIC","is_prod":false,"is_daily":false,"chose_seed":false,"campfire_upgraded":9,"win_rate":0,"timestamp":1540509394,"path_taken":["M","?","?","?","?","R","E","R","T","M","E","R","M","M","R","BOSS","M","$","?","M","?","R","E","R","T","E","R","E","M","M","R","BOSS","M","?","?","?","M","E","R","M","T","M","M","R","?","M","R","BOSS","BOSS"],"build_version":"2018-10-19","purchased_purges":0,"victory":true,"max_hp_per_floor":[66,66,66,66,66,66,66,66,66,66,66,66,66,66,66,66,66,66,66,66,66,66,66,66,66,66,66,66,66,66,66,66,66,66,66,66,66,66,66,66,66,66,66,66,66,66,66,66,66,66,66],"card_choices":[{"not_picked":["Masterful Stab","Underhanded Strike","Eviscerate"],"picked":"SKIP","floor":1.0},{"not_picked":["Deadly Poison","Poisoned Stab","Dagger Throw"],"picked":"SKIP","floor":7.0},{"not_picked":["Dagger Throw","Bane","Deadly Poison"],"picked":"SKIP","floor":10.0},{"not_picked":["Prepared","Terror","Accuracy"],"picked":"SKIP","floor":11.0},{"not_picked":["Underhanded Strike","Outmaneuver","All Out Attack"],"picked":"SKIP","floor":13.0},{"not_picked":["Underhanded Strike","Bane","Deadly Poison"],"picked":"SKIP","floor":14.0},{"not_picked":["Tools of the Trade","Storm of Steel"],"picked":"Night Terror","floor":16.0},{"not_picked":["Slice","Bouncing Flask"],"picked":"Footwork","floor":18.0},{"not_picked":["Deadly Poison+1","All Out Attack","Crippling Poison"],"picked":"SKIP","floor":21.0},{"not_picked":["Deadly Poison","Poisoned Stab"],"picked":"Backstab+1","floor":24.0},{"not_picked":["Tactician","Setup"],"picked":"PiercingWail","floor":27.0},{"not_picked":["All Out Attack","Quick Slash+1"],"picked":"Blur","floor":29.0},{"not_picked":["Dagger Spray","Backstab"],"picked":"PiercingWail+1","floor":30.0},{"not_picked":["Dagger Throw","Heel Hook","Endless Agony"],"picked":"SKIP","floor":31.0},{"not_picked":["Corpse Explosion","Venomology"],"picked":"Burst","floor":33.0},{"not_picked":[],"picked":"Well Laid Plans","floor":35.0},{"not_picked":["Outmaneuver"],"picked":"SKIP","floor":39.0},{"not_picked":["Skewer"],"picked":"SKIP","floor":40.0},{"not_picked":["Dagger Throw"],"picked":"SKIP","floor":42.0},{"not_picked":["Deflect"],"picked":"SKIP","floor":44.0},{"not_picked":["Deflect"],"picked":"SKIP","floor":44.0},{"not_picked":["Choke"],"picked":"SKIP","floor":45.0},{"not_picked":["Bane"],"picked":"SKIP","floor":48}],"player_experience":1496107,"relics_obtained":[{"floor":7.0,"key":"Juzu Bracelet"},{"floor":9.0,"key":"Bird Faced Urn"},{"floor":11.0,"key":"Dodecahedron"},{"floor":24.0,"key":"Omamori"},{"floor":26.0,"key":"Shuriken"},{"floor":27.0,"key":"Blood Vial"},{"floor":29.0,"key":"Vajra"},{"floor":36.0,"key":"Calipers"},{"floor":38.0,"key":"Du-Vu Doll"},{"floor":40.0,"key":"Bag of Marbles"},{"floor":43.0,"key":"Mercury Hourglass"}],"event_choices":[{"damage_healed":0.0,"max_hp_gain":0.0,"max_hp_loss":0.0,"gold_gain":0.0,"event_name":"Liars Game","player_choice":"Ignored","floor":2.0,"gold_loss":0.0,"damage_taken":0.0},{"damage_healed":0.0,"max_hp_gain":0.0,"max_hp_loss":0.0,"gold_gain":0.0,"event_name":"Upgrade Shrine","player_choice":"Upgraded","floor":3.0,"gold_loss":0.0,"damage_taken":0.0,"cards_upgraded":["Terror"]},{"damage_healed":0.0,"max_hp_gain":0.0,"max_hp_loss":0.0,"gold_gain":0.0,"cards_transformed":["Accuracy"],"event_name":"Transmorgrifier","player_choice":"Transformed","floor":4.0,"gold_loss":0.0,"damage_taken":0.0,"cards_obtained":["Venomology"]},{"cards_removed":["Endless Agony"],"damage_healed":0.0,"max_hp_gain":0.0,"max_hp_loss":0.0,"gold_gain":0.0,"event_name":"Purifier","player_choice":"Purged","floor":5.0,"gold_loss":0.0,"damage_taken":0.0},{"damage_healed":0.0,"max_hp_gain":0.0,"max_hp_loss":0.0,"gold_gain":100.0,"event_name":"Golden Shrine","player_choice":"Pray","floor":20.0,"gold_loss":0.0,"damage_taken":0.0},{"damage_healed":0.0,"max_hp_gain":0.0,"max_hp_loss":0.0,"gold_gain":0.0,"event_name":"WeMeetAgain","player_choice":"Gave Potion","floor":22.0,"gold_loss":0.0,"damage_taken":0.0,"relics_obtained":["Kunai"]},{"damage_healed":0.0,"max_hp_gain":0.0,"max_hp_loss":0.0,"gold_gain":0.0,"event_name":"MindBloom","player_choice":"Fight","floor":36.0,"gold_loss":0.0,"damage_taken":0.0},{"cards_removed":["Slice"],"damage_healed":0.0,"max_hp_gain":0.0,"max_hp_loss":0.0,"gold_gain":0.0,"event_name":"Falling","player_choice":"Removed Attack","floor":37.0,"gold_loss":0.0,"damage_taken":0.0},{"damage_healed":0,"gold_gain":0,"player_choice":"Memory 1","damage_taken":0,"max_hp_gain":0,"max_hp_loss":0,"event_name":"SensoryStone","floor":47,"gold_loss":0}],"is_beta":true,"boss_relics":[{"not_picked":["Coffee Dripper","Velvet Choker"],"picked":"Ectoplasm"},{"not_picked":["Astrolabe","Tiny House"],"picked":"Busted Crown"}],"items_purged_floors":[],"is_endless":false,"potions_floor_spawned":[1,7,11,16,18,21,24,33,36,44],"ascension_level":20}