{"gold_per_floor":[114,125,140,157,157,157,189,189,189,218,229,247,266,22,22,120,120,134,34,52,52,52,52],"floor_reached":23,"playtime":1174,"items_purged":["Strike_B","Pain"],"score":304,"play_id":"eace775f-955c-4369-86b2-16175df0964f","local_time":"20181011125103","is_ascension_mode":true,"campfire_choices":[{"data":"Compile Driver","floor":6,"key":"SMITH"},{"data":"Glacier","floor":8,"key":"SMITH"},{"floor":15,"key":"REST"}],"neow_cost":"TEN_PERCENT_HP_LOSS","seed_source_timestamp":127392608686548,"circlet_count":0,"master_deck":["Strike_B","Strike_B","Defend_B+1","Defend_B+1","Defend_B","Zap","Dualcast","Glacier+1","Storm","Ball Lightning","Ball Lightning","Melter","Compile Driver+1","Hologram","Beam Cell","Cold Snap","Steam","Stack","FTL","Madness","Amplify","Injury","Parasite","Hologram+1","Conserve Battery"],"relics":["Cracked Core","NlothsMask","War Paint","Nunchaku","Calling Bell","Centennial Puzzle","Letter Opener","Peace Pipe","Nilry\u0027s Codex"],"potions_floor_usage":[10,12,16,23],"damage_taken":[{"damage":0,"enemies":"2 Louse","floor":1,"turns":3},{"damage":0,"enemies":"Cultist","floor":2,"turns":3},{"damage":1,"enemies":"Jaw Worm","floor":3,"turns":4},{"damage":12,"enemies":"Large Slime","floor":4,"turns":3},{"damage":19,"enemies":"Lagavulin","floor":7,"turns":5},{"damage":8,"enemies":"Gremlin Nob","floor":10,"turns":3},{"damage":5,"enemies":"Blue Slaver","floor":11,"turns":2},{"damage":0,"enemies":"Looter","floor":12,"turns":2},{"damage":7,"enemies":"3 Louse","floor":13,"turns":2},{"damage":0,"enemies":"Slime Boss","floor":16,"turns":8},{"damage":16,"enemies":"Shell Parasite","floor":18,"turns":4},{"damage":8,"enemies":"Chosen","floor":20,"turns":5},{"damage":50,"enemies":"Slavers","floor":23,"turns":3}],"seed_played":"2367169791141391325","potions_obtained":[{"floor":1,"key":"Swift Potion"},{"floor":3,"key":"SneckoOil"},{"floor":10,"key":"Block Potion"},{"floor":11,"key":"Weak Potion"},{"floor":13,"key":"SteroidPotion"},{"floor":16,"key":"FocusPotion"}],"is_trial":false,"path_per_floor":["M","M","M","M","?","R","E","R","T","E","M","M","M","$","R","B",null,"M","$","M","?","?"],"character_chosen":"DEFECT","items_purchased":["FTL","Madness"],"campfire_rested":1,"item_purchase_floors":[14,14],"current_hp_per_floor":[68,68,67,55,55,55,36,36,36,28,23,23,16,16,36,36,68,52,52,44,28,50,0],"gold":52,"neow_bonus":"TRANSFORM_TWO_CARDS","is_prod":false,"is_daily":false,"chose_seed":false,"campfire_upgraded":2,"win_rate":0,"timestamp":1539276663,"path_taken":["M","M","M","M","?","R","E","R","T","E","M","M","M","$","R","BOSS","M","$","M","?","?","E"],"build_version":"2018-10-04v2","purchased_purges":2,"victory":false,"max_hp_per_floor":[68,68,68,68,68,68,68,68,68,68,68,68,68,68,68,68,68,68,68,68,68,68,68],"card_choices":[{"not_picked":["Static Discharge","Stack"],"picked":"Ball Lightning","floor":1},{"not_picked":["Gash","Doom and Gloom"],"picked":"Ball Lightning","floor":2},{"not_picked":["Stack","Chill"],"picked":"Melter","floor":3},{"not_picked":["Turbo","Barrage"],"picked":"Compile Driver","floor":4},{"not_picked":["Rip and Tear","Recycle"],"picked":"Hologram","floor":7},{"not_picked":["Force Field","Cold Snap"],"picked":"Beam Cell","floor":10},{"not_picked":["Rebound","Compile Driver"],"picked":"Cold Snap","floor":11},{"not_picked":["All For One","Rebound"],"picked":"Steam","floor":12},{"not_picked":["Compile Driver","Steam"],"picked":"Stack","floor":13},{"not_picked":["Fission","Rainbow"],"picked":"Amplify","floor":16},{"not_picked":["Redo","Rip and Tear"],"picked":"Hologram+1","floor":18},{"not_picked":["Skim+1","Steam"],"picked":"Conserve Battery","floor":20}],"player_experience":250632,"relics_obtained":[{"floor":7,"key":"War Paint"},{"floor":10,"key":"Nunchaku"},{"floor":17,"key":"Centennial Puzzle"},{"floor":17,"key":"Letter Opener"},{"floor":17,"key":"Peace Pipe"},{"floor":21,"key":"Nilry\u0027s Codex"}],"event_choices":[{"event_name":"FaceTrader","player_choice":"Trade","floor":5,"damage_taken":0},{"event_name":"Cursed Tome","player_choice":"Obtained Book","floor":21,"damage_taken":0},{"event_name":"The Library","player_choice":"Heal","floor":22,"damage_taken":0}],"is_beta":false,"boss_relics":[{"not_picked":["Inserter","Velvet Choker"],"picked":"Calling Bell"}],"items_purged_floors":[14,19],"is_endless":false,"potions_floor_spawned":[1,3,10,11,13,16],"killed_by":"Slavers","ascension_level":4}