{"gold_per_floor":[112,185,204,216,227,227,203,235,310,310,310,329,329,341,341,437,437,447,447,328,328,343,343,363,329,356,356,356,374,245,265,265,362,362,377,377,390,296,309,320,352,352,352,352,352,0,20,38,38,38],"floor_reached":51,"playtime":2325,"items_purged":[],"score":779,"play_id":"b77ea846-d390-49d7-bd18-e8ef821de788","local_time":"20180905184704","daily_mods":["Draft","Heirloom","Vintage"],"is_ascension_mode":false,"campfire_choices":[{"data":"Entrench","floor":6,"key":"SMITH"},{"data":"Entrench","floor":10,"key":"SMITH"},{"data":"Flex","floor":15,"key":"SMITH"},{"floor":23,"key":"REST"},{"floor":32,"key":"REST"},{"floor":42,"key":"REST"},{"floor":44,"key":"REST"},{"floor":49,"key":"REST"}],"neow_cost":"","seed_source_timestamp":0,"circlet_count":0,"master_deck":["Entrench+1","Iron Wave","Clash","Iron Wave","Sword Boomerang+1","Flame Barrier","Warcry","Flex+1","Iron Wave","Body Slam+1","Entrench+1","Sword Boomerang","Seeing Red","Battle Trance","Headbutt","Headbutt","Cleave","Limit Break+1","Inflame","Seeing Red+1","Metallicize","Flex+1","Inflame","Heavy Blade","Barricade","Madness+1","Madness+1","Flex+1","Heavy Blade","Discovery+1"],"relics":["Burning Blood","Thread and Needle","Prayer Wheel","Bronze Scales","Gremlin Horn","Question Card","Lantern","Blue Candle","Pear","Regal Pillow","Paper Frog","Toxic Egg 2","Strawberry","Fusion Hammer","Darkstone Periapt","Enchiridion","Bottled Flame","Dodecahedron","Ornamental Fan","Juzu Bracelet","Whetstone","Red Skull","Orichalcum","Sozu","Mercury Hourglass","MawBank","Singing Bowl","Boot","Ancient Tea Set","Matryoshka","Red Mask","Molten Egg 2","Pantograph"],"potions_floor_usage":[41,50,50],"damage_taken":[{"damage":0,"enemies":"Cultist","floor":1,"turns":1},{"damage":0,"enemies":"Jaw Worm","floor":3,"turns":2},{"damage":0,"enemies":"Small Slimes","floor":4,"turns":2},{"damage":0,"enemies":"Exordium Wildlife","floor":5,"turns":2},{"damage":12,"enemies":"Lagavulin","floor":8,"turns":5},{"damage":0,"enemies":"Large Slime","floor":12,"turns":3},{"damage":0,"enemies":"Red Slaver","floor":14,"turns":2},{"damage":50,"enemies":"Hexaghost","floor":16,"turns":9},{"damage":9,"enemies":"3 Byrds","floor":18,"turns":3},{"damage":0,"enemies":"2 Thieves","floor":22,"turns":3},{"damage":0,"enemies":"Centurion and Healer","floor":24,"turns":4},{"damage":0,"enemies":"Cultist and Chosen","floor":29,"turns":2},{"damage":0,"enemies":"Snecko","floor":31,"turns":3},{"damage":13,"enemies":"Champ","floor":33,"turns":7},{"damage":10,"enemies":"3 Shapes","floor":35,"turns":4},{"damage":12,"enemies":"3 Darklings","floor":37,"turns":3},{"damage":25,"enemies":"Maw","floor":39,"turns":7},{"damage":9,"enemies":"4 Shapes","floor":40,"turns":2},{"damage":42,"enemies":"Nemesis","floor":41,"turns":4},{"damage":6,"enemies":"Transient","floor":47,"turns":5},{"damage":0,"enemies":"Reptomancer","floor":48,"turns":5},{"damage":62,"enemies":"Awakened One","floor":50,"turns":6}],"seed_played":"-6605478426042549616","potions_obtained":[{"floor":1,"key":"SmokeBomb"},{"floor":5,"key":"AttackPotion"},{"floor":8,"key":"PowerPotion"},{"floor":24,"key":"Strength Potion"}],"is_trial":true,"path_per_floor":["M","?","M","M","M","R","$","E","T","R","?","M","T","M","R","B",null,"M","?","$","T","M","R","M","$","T","$","?","M","$","M","R","B",null,"M","?","M","$","M","M","E","R","T","R","?","?","M","M","R","B"],"character_chosen":"IRONCLAD","items_purchased":["Headbutt","Inflame","Seeing Red+1","Metallicize","Inflame","Heavy Blade","Flex+1","Heavy Blade"],"campfire_rested":5,"item_purchase_floors":[7,20,20,25,30,30,38,38],"current_hp_per_floor":[80,80,80,80,80,80,80,74,74,74,72,78,78,84,84,47,97,94,78,78,78,84,97,97,97,97,97,97,97,97,97,97,90,97,93,81,75,75,56,53,41,85,85,99,99,99,99,99,99,43],"gold":38,"neow_bonus":"","is_prod":false,"is_daily":false,"chose_seed":false,"campfire_upgraded":3,"win_rate":0,"timestamp":1536140824,"path_taken":["M","?","M","M","M","R","$","E","T","R","?","M","?","M","R","BOSS","M","?","$","?","M","R","?","$","T","?","?","M","?","M","R","BOSS","M","?","M","$","M","M","E","R","T","R","?","?","M","M","R","BOSS"],"build_version":"2018-09-04","purchased_purges":0,"victory":true,"max_hp_per_floor":[80,80,80,80,80,80,80,80,80,80,90,90,90,90,90,97,97,97,97,97,97,97,97,97,97,97,97,97,97,97,97,97,97,97,97,97,97,97,97,97,99,99,99,99,99,99,99,99,99,99],"card_choices":[{"not_picked":["Warcry","Reckless Charge"],"picked":"Entrench","floor":0},{"not_picked":["Clothesline","Dual Wield"],"picked":"Iron Wave","floor":0},{"not_picked":["Cleave","Twin Strike"],"picked":"Clash","floor":0},{"not_picked":["Perfected Strike","Corruption"],"picked":"Iron Wave","floor":0},{"not_picked":["Havoc","Pommel Strike"],"picked":"Sword Boomerang","floor":0},{"not_picked":["Pommel Strike","Shockwave"],"picked":"Flame Barrier","floor":0},{"not_picked":["Spot Weakness","Hemokinesis"],"picked":"Warcry","floor":0},{"not_picked":["Rampage","Headbutt"],"picked":"Flex","floor":0},{"not_picked":["Shrug It Off","Flame Barrier"],"picked":"Iron Wave","floor":0},{"not_picked":["Anger","Dual Wield"],"picked":"Body Slam","floor":0},{"not_picked":["Infernal Blade","Dropkick"],"picked":"Entrench","floor":0},{"not_picked":["Thunderclap","Clothesline"],"picked":"Sword Boomerang","floor":0},{"not_picked":["Warcry","Infernal Blade"],"picked":"Seeing Red","floor":0},{"not_picked":["Twin Strike","Carnage"],"picked":"Battle Trance","floor":0},{"not_picked":["Twin Strike","Pummel"],"picked":"Headbutt","floor":0},{"not_picked":["Pommel Strike","Thunderclap","Rupture"],"picked":"Cleave","floor":8},{"not_picked":["Offering+1","Juggernaut","Feed"],"picked":"Limit Break+1","floor":16},{"not_picked":["Fiend Fire","Limit Break+1","Immolate"],"picked":"Barricade","floor":33},{"not_picked":["Havoc+1","Thunderclap","Pommel Strike","Rampage"],"picked":"Singing Bowl","floor":41},{"not_picked":["Panache","Impatience+1","Forethought+1"],"picked":"Discovery+1","floor":45}],"player_experience":382052,"relics_obtained":[{"floor":1,"key":"Prayer Wheel"},{"floor":3,"key":"Bronze Scales"},{"floor":4,"key":"Gremlin Horn"},{"floor":5,"key":"Question Card"},{"floor":8,"key":"Lantern"},{"floor":9,"key":"Blue Candle"},{"floor":12,"key":"Regal Pillow"},{"floor":13,"key":"Paper Frog"},{"floor":14,"key":"Toxic Egg 2"},{"floor":16,"key":"Strawberry"},{"floor":18,"key":"Darkstone Periapt"},{"floor":19,"key":"Enchiridion"},{"floor":21,"key":"Bottled Flame"},{"floor":22,"key":"Dodecahedron"},{"floor":24,"key":"Ornamental Fan"},{"floor":26,"key":"Juzu Bracelet"},{"floor":29,"key":"Whetstone"},{"floor":31,"key":"Red Skull"},{"floor":33,"key":"Orichalcum"},{"floor":35,"key":"Mercury Hourglass"},{"floor":37,"key":"MawBank"},{"floor":39,"key":"Singing Bowl"},{"floor":40,"key":"Boot"},{"floor":41,"key":"Ancient Tea Set"},{"floor":43,"key":"Matryoshka"},{"floor":47,"key":"Molten Egg 2"},{"floor":48,"key":"Pantograph"}],"event_choices":[{"event_name":"Golden Wing","player_choice":"Gained Gold","floor":2,"damage_taken":0},{"event_name":"Scrap Ooze","player_choice":"success","floor":11,"damage_taken":12},{"event_name":"Cursed Tome","player_choice":"Obtained Book","floor":19,"damage_taken":0},{"event_name":"The Library","player_choice":"Read","floor":28,"damage_taken":0},{"event_name":"Winding Halls","player_choice":"Embrace Madness","floor":36,"damage_taken":0},{"event_name":"SensoryStone","player_choice":"Memory 1","floor":45,"damage_taken":0},{"event_name":"Tomb of Lord Red Mask","player_choice":"Paid","floor":46,"damage_taken":0}],"is_beta":true,"boss_relics":[{"not_picked":["Tiny House","Calling Bell"],"picked":"Fusion Hammer"},{"not_picked":["Velvet Choker","Runic Pyramid"],"picked":"Sozu"}],"items_purged_floors":[],"is_endless":false,"potions_floor_spawned":[1,5,8,14,18,22,24,33,37,47,48],"ascension_level":0}