{"gold_per_floor":[368,388,313,313,313,344,344,362,362,437,437,450,400,13,13,113,113,124,124,141,56,102,102,118,118,169,169,198,297,172,184,184,279,279,297,297,70,70,170,170,181,196,264,264,55,84,84,96,96,96,96,96,96,122,122],"floor_reached":55,"playtime":2110,"items_purged":["Strike_R","Defend_R","Defend_R","Defend_R"],"score":739,"play_id":"ff38673e-7d04-4716-a5b1-c295714f17f3","local_time":"20181212182653","is_ascension_mode":false,"campfire_choices":[{"floor":7,"key":"REST"},{"data":"Armaments","floor":11,"key":"SMITH"},{"floor":15,"key":"RECALL"},{"data":"Demon Form","floor":23,"key":"SMITH"},{"data":"Iron Wave","floor":25,"key":"SMITH"},{"data":"Flame Barrier","floor":32,"key":"SMITH"},{"data":"Limit Break","floor":40,"key":"SMITH"},{"data":"Whirlwind","floor":44,"key":"SMITH"},{"data":"Uppercut","floor":49,"key":"SMITH"},{"data":"Madness","floor":52,"key":"SMITH"}],"neow_cost":"PERCENT_DAMAGE","seed_source_timestamp":1133127478867423,"circlet_count":0,"master_deck":["Bash","Flame Barrier+1","Clothesline","Reaper","Armaments+1","Iron Wave+1","Demon Form+1","Reaper","Warcry","Warcry","Warcry+1","Limit Break+1","Armaments+1","Uppercut+1","Flash of Steel","Whirlwind+1","Parasite","Madness","Madness+1"],"relics":["Burning Blood","Blue Candle","StoneCalendar","Coffee Dripper","Happy Flower","Anchor","Juzu Bracelet","Potion Belt","Cursed Key","Letter Opener","HandDrill","Shuriken","Bottled Tornado"],"potions_floor_usage":[6,16,28,50,55],"damage_taken":[{"damage":1,"enemies":"Cultist","floor":1,"turns":3},{"damage":6,"enemies":"Jaw Worm","floor":2,"turns":6},{"damage":43,"enemies":"Gremlin Nob","floor":6,"turns":7},{"damage":0,"enemies":"Small Slimes","floor":8,"turns":4},{"damage":2,"enemies":"3 Louse","floor":12,"turns":4},{"damage":53,"enemies":"Hexaghost","floor":16,"turns":15},{"damage":27,"enemies":"2 Thieves","floor":18,"turns":4},{"damage":17,"enemies":"Spheric Guardian","floor":20,"turns":5},{"damage":18,"enemies":"3 Cultists","floor":24,"turns":6},{"damage":65,"enemies":"Gremlin Leader","floor":28,"turns":7},{"damage":35,"enemies":"Cultist and Chosen","floor":31,"turns":7},{"damage":45,"enemies":"Champ","floor":33,"turns":10},{"damage":8,"enemies":"3 Darklings","floor":35,"turns":5},{"damage":4,"enemies":"3 Shapes","floor":41,"turns":6},{"damage":3,"enemies":"Transient","floor":42,"turns":5},{"damage":53,"enemies":"Nemesis","floor":46,"turns":7},{"damage":45,"enemies":"Sphere and 2 Shapes","floor":48,"turns":4},{"damage":75,"enemies":"Awakened One","floor":50,"turns":9},{"damage":65,"enemies":"Shield and Spear","floor":54,"turns":5},{"damage":73,"enemies":"The Heart","floor":55,"turns":3}],"seed_played":"2129841221825336074","potions_obtained":[{"floor":2,"key":"Block Potion"},{"floor":8,"key":"Fire Potion"},{"floor":24,"key":"Regen Potion"},{"floor":46,"key":"SkillPotion"},{"floor":54,"key":"AttackPotion"}],"is_trial":false,"path_per_floor":["M","M","$","?","?","E","R","M","T","?","R","M","?","$","R","B",null,"M","?","M","?","T","R","M","R","T","?","E","?","$","M","R","B",null,"M","?","$","?","?","R","M","M","T","R","$","E","?","M","R","B",null,"R","$","E","B"],"character_chosen":"IRONCLAD","items_purchased":["StoneCalendar","Uppercut","HandDrill"],"campfire_rested":1,"item_purchase_floors":[14,37,45],"current_hp_per_floor":[61,61,61,54,54,17,41,51,51,40,40,56,56,56,56,14,80,71,71,70,70,70,70,80,80,80,80,68,68,68,66,66,69,80,80,80,80,80,80,80,80,80,80,80,80,33,23,63,63,80,80,80,80,40,0],"gold":122,"neow_bonus":"TWO_FIFTY_GOLD","is_prod":false,"is_daily":false,"chose_seed":false,"campfire_upgraded":8,"win_rate":0,"timestamp":1544606813,"path_taken":["M","M","$","?","?","E","R","M","T","?","R","M","?","$","R","BOSS","M","?","?","?","?","R","M","R","T","?","E","?","$","M","R","BOSS","M","?","$","?","?","R","M","M","T","R","$","E","?","M","R","BOSS","R","$","E","BOSS"],"build_version":"2018-12-06","purchased_purges":4,"victory":false,"max_hp_per_floor":[80,80,80,80,80,80,80,80,80,80,80,80,80,80,80,80,80,80,80,80,80,80,80,80,80,80,80,80,80,80,80,80,80,80,80,80,80,80,80,80,80,80,80,80,80,80,80,80,80,80,80,80,80,80,80],"card_choices":[{"not_picked":["Clothesline","Heavy Blade"],"picked":"Flame Barrier","floor":1},{"not_picked":["Thunderclap","Flex"],"picked":"Clothesline","floor":2},{"not_picked":["Clothesline","Metallicize"],"picked":"Reaper","floor":6},{"not_picked":["Warcry","Sentinel"],"picked":"Armaments","floor":8},{"not_picked":["Dropkick","Clothesline"],"picked":"Iron Wave","floor":12},{"not_picked":["Limit Break","Double Tap"],"picked":"Demon Form","floor":16},{"not_picked":["Reckless Charge","Spot Weakness","Infernal Blade"],"picked":"SKIP","floor":18},{"not_picked":["Dual Wield","Armaments","Headbutt"],"picked":"SKIP","floor":20},{"not_picked":["Thunderclap","Wild Strike"],"picked":"Warcry","floor":24},{"not_picked":["Anger","Pommel Strike"],"picked":"Warcry","floor":28},{"not_picked":["Spot Weakness","Rampage"],"picked":"Warcry+1","floor":31},{"not_picked":["Impervious","Barricade"],"picked":"Limit Break","floor":33},{"not_picked":["Headbutt","Hemokinesis+1"],"picked":"Armaments+1","floor":35},{"not_picked":["Purity","Good Instincts"],"picked":"Flash of Steel","floor":38},{"not_picked":["Warcry","Pommel Strike+1","Clothesline"],"picked":"SKIP","floor":41},{"not_picked":["Rage+1","Infernal Blade+1"],"picked":"Whirlwind","floor":42},{"not_picked":["Thunderclap","Anger","Perfected Strike+1"],"picked":"SKIP","floor":46},{"not_picked":["Pommel Strike+1","Dual Wield+1","Evolve"],"picked":"SKIP","floor":48},{"not_picked":["Cleave+1","Headbutt","Bloodletting"],"picked":"SKIP","floor":54}],"player_experience":624899,"relics_obtained":[{"floor":6,"key":"Blue Candle"},{"floor":22,"key":"Anchor"},{"floor":26,"key":"Juzu Bracelet"},{"floor":28,"key":"Potion Belt"},{"floor":43,"key":"Letter Opener"},{"floor":46,"key":"Shuriken"},{"floor":54,"key":"Bottled Tornado"}],"event_choices":[{"cards_removed":["Strike_R"],"damage_healed":0,"gold_gain":0,"player_choice":"Card Removal","damage_taken":7,"max_hp_gain":0,"max_hp_loss":0,"event_name":"Golden Wing","floor":4,"gold_loss":0},{"cards_removed":["Strike_R"],"damage_healed":0,"gold_gain":0,"player_choice":"Forget","damage_taken":0,"max_hp_gain":0,"max_hp_loss":0,"event_name":"Living Wall","floor":5,"gold_loss":0},{"damage_healed":0,"gold_gain":75,"player_choice":"Gather Gold","damage_taken":11,"max_hp_gain":0,"max_hp_loss":0,"event_name":"World of Goop","floor":10,"gold_loss":0},{"cards_removed":["Defend_R"],"damage_healed":0,"gold_gain":0,"player_choice":"Card Removal","damage_taken":0,"max_hp_gain":0,"max_hp_loss":0,"event_name":"The Cleric","floor":13,"gold_loss":50},{"damage_healed":0,"gold_gain":0,"player_choice":"Copied","damage_taken":0,"max_hp_gain":0,"max_hp_loss":0,"event_name":"Duplicator","floor":19,"gold_loss":0,"cards_obtained":["Reaper"]},{"damage_healed":0,"gold_gain":0,"player_choice":"Obtained Relic","damage_taken":0,"relics_obtained":["Happy Flower"],"max_hp_gain":0,"max_hp_loss":0,"event_name":"Addict","floor":21,"gold_loss":85},{"cards_removed":["Strike_R"],"damage_healed":0,"gold_gain":0,"player_choice":"Purged","damage_taken":0,"max_hp_gain":0,"max_hp_loss":0,"event_name":"Purifier","floor":27,"gold_loss":0},{"damage_healed":0,"gold_gain":99,"player_choice":"Stole From Cult","damage_taken":0,"max_hp_gain":0,"max_hp_loss":0,"event_name":"Nest","floor":29,"gold_loss":0},{"cards_removed":["Strike_R"],"damage_healed":0,"gold_gain":0,"player_choice":"Offered Basic","damage_taken":0,"max_hp_gain":0,"max_hp_loss":0,"event_name":"Bonfire Elementals","floor":36,"gold_loss":0},{"damage_healed":0,"gold_gain":0,"player_choice":"Memory 1","damage_taken":0,"max_hp_gain":0,"max_hp_loss":0,"event_name":"SensoryStone","floor":38,"gold_loss":0},{"damage_healed":0,"gold_gain":100,"player_choice":"Pray","damage_taken":0,"max_hp_gain":0,"max_hp_loss":0,"event_name":"Golden Shrine","floor":39,"gold_loss":0},{"damage_healed":0,"gold_gain":0,"player_choice":"Embrace Madness","damage_taken":10,"max_hp_gain":0,"max_hp_loss":0,"event_name":"Winding Halls","floor":47,"gold_loss":0,"cards_obtained":["Madness","Madness"]}],"is_beta":false,"boss_relics":[{"not_picked":["Eternal Feather","Black Star"],"picked":"Coffee Dripper"},{"not_picked":["Runic Dome","Lizard Tail"],"picked":"Cursed Key"}],"items_purged_floors":[3,14,30,37],"is_endless":false,"potions_floor_spawned":[2,8,24,46,54],"killed_by":"The Heart","ascension_level":0}