{"gold_per_floor":[110,110,34,45,64,64,125,125,176,196,227,402,416,416,416,416],"floor_reached":16,"playtime":442,"items_purged":[],"score":145,"play_id":"84675bea-fc81-4ae0-bc05-ba4056df7e97","local_time":"20181214152757","is_ascension_mode":true,"campfire_choices":[{"data":"Static Discharge","floor":6,"key":"SMITH"},{"data":"Sweeping Beam","floor":8,"key":"SMITH"},{"data":"Storm","floor":15,"key":"SMITH"}],"neow_cost":"TEN_PERCENT_HP_LOSS","seed_source_timestamp":0,"circlet_count":0,"master_deck":["Strike_B","Strike_B","Strike_B","Defend_B","Defend_B","Defend_B","Zap+1","Dualcast","Storm+1","Static Discharge+1","Leap","Conserve Battery","Sweeping Beam+1","Force Field","Conserve Battery","Doubt","Force Field"],"special_seed":0,"relics":["Cracked Core","Letter Opener","Bronze Scales","Pear"],"potions_floor_usage":[],"damage_taken":[{"damage":11,"enemies":"Jaw Worm","floor":1,"turns":4},{"damage":6,"enemies":"Cultist","floor":4,"turns":3},{"damage":0,"enemies":"Small Slimes","floor":5,"turns":3},{"damage":26,"enemies":"Gremlin Nob","floor":7,"turns":4},{"damage":0,"enemies":"Exordium Wildlife","floor":10,"turns":3},{"damage":13,"enemies":"Lagavulin","floor":11,"turns":7},{"damage":4,"enemies":"Looter","floor":13,"turns":3},{"damage":18,"enemies":"Hexaghost","floor":16,"turns":9}],"seed_played":"-273635786279892014","potions_obtained":[{"floor":1,"key":"Dexterity Potion"},{"floor":4,"key":"GamblersBrew"},{"floor":11,"key":"Explosive Potion"},{"floor":13,"key":"Energy Potion"}],"is_trial":false,"path_per_floor":["M","?","$","M","M","R","?","R","T","M","E","?","M","?","R","B"],"character_chosen":"DEFECT","items_purchased":["Static Discharge"],"campfire_rested":0,"item_purchase_floors":[3],"current_hp_per_floor":[57,57,57,51,51,51,25,25,25,25,22,22,18,18,18,0],"gold":416,"neow_bonus":"REMOVE_TWO","is_prod":false,"is_daily":false,"chose_seed":false,"campfire_upgraded":3,"win_rate":0,"timestamp":1544819277,"path_taken":["M","?","?","M","M","R","?","R","T","?","E","?","M","?","R","BOSS"],"build_version":"2018-12-13","purchased_purges":0,"victory":false,"max_hp_per_floor":[68,68,68,68,68,68,68,68,68,68,78,78,78,78,78,78],"card_choices":[{"not_picked":["Hello World","Heatsinks"],"picked":"Storm","floor":1},{"not_picked":["Reinforced Body","Sweeping Beam"],"picked":"Leap","floor":4},{"not_picked":["BootSequence","Doom and Gloom"],"picked":"Conserve Battery","floor":5},{"not_picked":["Reinforced Body","Rebound"],"picked":"Sweeping Beam","floor":7},{"not_picked":["FTL","Meteor Strike"],"picked":"Force Field","floor":10},{"not_picked":["Compile Driver","Aggregate"],"picked":"Conserve Battery","floor":11},{"not_picked":["Beam Cell","Stack"],"picked":"Force Field","floor":13}],"player_experience":334263,"relics_obtained":[{"floor":9,"key":"Bronze Scales"},{"floor":11,"key":"Pear"}],"event_choices":[{"damage_healed":0,"gold_gain":0,"player_choice":"Upgraded","damage_taken":0,"max_hp_gain":0,"max_hp_loss":0,"event_name":"Upgrade Shrine","floor":2,"gold_loss":0,"cards_upgraded":["Zap"]},{"damage_healed":0,"gold_gain":0,"player_choice":"Searched \u00273\u0027 times","damage_taken":0,"relics_obtained":["Letter Opener"],"max_hp_gain":0,"max_hp_loss":0,"event_name":"Dead Adventurer","floor":7,"gold_loss":0},{"damage_healed":0,"gold_gain":175,"player_choice":"AGREE","damage_taken":0,"max_hp_gain":0,"max_hp_loss":0,"event_name":"Liars Game","floor":12,"gold_loss":0,"cards_obtained":["Doubt"]},{"damage_healed":0,"gold_gain":0,"player_choice":"Bought 0 Potions","damage_taken":0,"max_hp_gain":0,"max_hp_loss":0,"event_name":"The Woman in Blue","floor":14,"gold_loss":0}],"is_beta":false,"boss_relics":[],"items_purged_floors":[],"is_endless":false,"potions_floor_spawned":[1,4,11,13],"killed_by":"Hexaghost","ascension_level":9}