{"gold_per_floor":[117,42,61,80,94,94,94,104,104,117,127,156,56,56,56,155,155,166,179,204,129,147,147,161,161,188,217,234,234,109,134,134,236,236,247,26,26,36,46,46,74,74,74,74,74,174,174,186,186,186,186,186,11,45,45],"floor_reached":55,"playtime":2745,"items_purged":["Strike_G","Strike_G","Defend_G","Strike_G","Defend_G"],"score":747,"play_id":"a8291b5b-b1a5-4c1d-b448-44e13f8dee17","local_time":"20181212234208","is_ascension_mode":false,"campfire_choices":[{"data":"Neutralize","floor":7,"key":"SMITH"},{"data":"Bouncing Flask","floor":15,"key":"SMITH"},{"floor":23,"key":"RECALL"},{"data":"A Thousand Cuts","floor":25,"key":"SMITH"},{"floor":29,"key":"REST"},{"data":"After Image","floor":32,"key":"SMITH"},{"data":"A Thousand Cuts","floor":40,"key":"SMITH"},{"data":"After Image","floor":42,"key":"SMITH"},{"data":"Dash","floor":47,"key":"SMITH"},{"data":"Cloak And Dagger","floor":49,"key":"SMITH"},{"data":"Backflip","floor":52,"key":"SMITH"}],"neow_cost":"NONE","seed_source_timestamp":1151338200175014,"circlet_count":0,"master_deck":["Defend_G","Survivor","Neutralize+1","Backflip+1","Crippling Poison","Caltrops","Bouncing Flask+1","Well Laid Plans","Dash+1","PiercingWail","PiercingWail","After Image+1","A Thousand Cuts+1","Noxious Fumes","Bouncing Flask+1","Well Laid Plans","PiercingWail+1","Catalyst+1","After Image+1","PiercingWail","A Thousand Cuts+1","Well Laid Plans","Crippling Poison+1","Noxious Fumes","Malaise+1","Cloak And Dagger+1","Leg Sweep+1","Doppelganger+1"],"relics":["Ring of the Serpent","NeowsBlessing","Pantograph","Prayer Wheel","Blood Vial","Ninja Scroll","Juzu Bracelet","Coffee Dripper","Toxic Egg 2","Molten Egg 2","Ginger","Shuriken"],"potions_floor_usage":[24,55,55],"damage_taken":[{"damage":0,"enemies":"Cultist","floor":1,"turns":1},{"damage":0,"enemies":"2 Louse","floor":3,"turns":1},{"damage":0,"enemies":"Small Slimes","floor":4,"turns":1},{"damage":8,"enemies":"Exordium Wildlife","floor":5,"turns":6},{"damage":4,"enemies":"2 Fungi Beasts","floor":8,"turns":4},{"damage":1,"enemies":"Red Slaver","floor":10,"turns":4},{"damage":8,"enemies":"Looter","floor":11,"turns":3},{"damage":21,"enemies":"3 Sentries","floor":12,"turns":8},{"damage":23,"enemies":"The Guardian","floor":16,"turns":9},{"damage":11,"enemies":"Chosen","floor":18,"turns":6},{"damage":5,"enemies":"Shell Parasite","floor":19,"turns":5},{"damage":9,"enemies":"Chosen and Byrds","floor":22,"turns":7},{"damage":23,"enemies":"3 Cultists","floor":24,"turns":6},{"damage":5,"enemies":"Gremlin Leader","floor":27,"turns":6},{"damage":0,"enemies":"Centurion and Healer","floor":28,"turns":8},{"damage":34,"enemies":"Collector","floor":33,"turns":8},{"damage":2,"enemies":"3 Shapes","floor":35,"turns":5},{"damage":6,"enemies":"Orb Walker","floor":38,"turns":5},{"damage":0,"enemies":"Transient","floor":39,"turns":5},{"damage":31,"enemies":"Nemesis","floor":41,"turns":7},{"damage":0,"enemies":"Mind Bloom Boss Battle","floor":46,"turns":6},{"damage":30,"enemies":"Spire Growth","floor":48,"turns":5},{"damage":30,"enemies":"Donu and Deca","floor":50,"turns":9},{"damage":48,"enemies":"Shield and Spear","floor":54,"turns":7},{"damage":69,"enemies":"The Heart","floor":55,"turns":3}],"seed_played":"9020322107106445520","potions_obtained":[{"floor":4,"key":"Weak Potion"},{"floor":5,"key":"SkillPotion"},{"floor":8,"key":"Weak Potion"},{"floor":12,"key":"FairyPotion"},{"floor":28,"key":"FearPotion"}],"is_trial":false,"path_per_floor":["M","$","M","M","M","?","R","M","T","M","M","E","$","?","R","B",null,"M","M","T","?","M","R","M","R","T","E","M","R","$","T","R","B",null,"M","$","?","M","M","R","E","R","T","?","$","?","R","M","R","B",null,"R","$","E","B"],"character_chosen":"THE_SILENT","items_purchased":["Noxious Fumes"],"campfire_rested":1,"item_purchase_floors":[36],"current_hp_per_floor":[70,70,70,70,62,62,62,58,58,57,49,28,28,28,28,30,70,59,54,54,54,45,45,22,22,22,19,21,42,42,42,42,35,70,68,68,68,64,66,66,37,37,37,37,37,64,64,36,36,33,70,70,70,22,0],"gold":45,"neow_bonus":"THREE_ENEMY_KILL","is_prod":false,"is_daily":false,"chose_seed":false,"campfire_upgraded":9,"win_rate":0,"timestamp":1544625728,"path_taken":["M","$","?","M","?","?","R","M","T","M","?","E","$","?","R","BOSS","M","M","?","?","M","R","M","R","T","E","M","R","$","?","R","BOSS","M","$","?","M","M","R","E","R","T","?","?","?","R","M","R","BOSS","R","$","E","BOSS"],"build_version":"2018-12-06","purchased_purges":5,"victory":false,"max_hp_per_floor":[70,70,70,70,70,70,70,70,70,70,70,70,70,70,70,70,70,70,70,70,70,70,70,70,70,70,70,70,70,70,70,70,70,70,70,70,70,70,70,70,70,70,70,70,70,70,70,70,70,70,70,70,70,70,70],"card_choices":[{"not_picked":["Quick Slash","Endless Agony"],"picked":"Backflip","floor":1},{"not_picked":["All Out Attack","Skewer"],"picked":"Crippling Poison","floor":3},{"not_picked":["Deflect","Poisoned Stab"],"picked":"Caltrops","floor":4},{"not_picked":["Tactician","Dodge and Roll"],"picked":"Bouncing Flask","floor":5},{"not_picked":["Masterful Stab","Acrobatics"],"picked":"Dash","floor":8},{"not_picked":["Distraction","Concentrate"],"picked":"PiercingWail","floor":10},{"not_picked":["All Out Attack","Underhanded Strike"],"picked":"PiercingWail","floor":11},{"not_picked":["All Out Attack","Well Laid Plans"],"picked":"After Image","floor":12},{"not_picked":["Die Die Die","Night Terror"],"picked":"A Thousand Cuts","floor":16},{"not_picked":["PiercingWail+1","All Out Attack+1"],"picked":"Noxious Fumes","floor":18},{"not_picked":["Finisher+1","Slice"],"picked":"Bouncing Flask+1","floor":18},{"not_picked":["Riddle With Holes+1","Quick Slash"],"picked":"Well Laid Plans","floor":19},{"not_picked":["Sucker Punch","Slice","Acrobatics"],"picked":"SKIP","floor":19},{"not_picked":["Quick Slash","Infinite Blades"],"picked":"PiercingWail+1","floor":22},{"not_picked":["Grand Finale","Deflect","Sucker Punch+1"],"picked":"SKIP","floor":22},{"not_picked":["Deadly Poison+1","Finisher"],"picked":"Catalyst+1","floor":24},{"not_picked":["Envenom","Deflect","Calculated Gamble"],"picked":"SKIP","floor":24},{"not_picked":["Catalyst","Outmaneuver"],"picked":"After Image","floor":27},{"not_picked":["Dodge and Roll","Backflip"],"picked":"PiercingWail","floor":28},{"not_picked":["Sucker Punch+1","Quick Slash","Eviscerate"],"picked":"SKIP","floor":28},{"not_picked":["Doppelganger","Storm of Steel"],"picked":"A Thousand Cuts","floor":33},{"not_picked":["Flying Knee","PiercingWail"],"picked":"Well Laid Plans","floor":35},{"not_picked":["Cloak And Dagger+1","Flechettes+1"],"picked":"Crippling Poison+1","floor":35},{"not_picked":["Backstab+1","Dagger Throw+1"],"picked":"Cloak And Dagger","floor":38},{"not_picked":["Quick Slash+1","Slice"],"picked":"Leg Sweep+1","floor":38},{"not_picked":["Poisoned Stab+1","Quick Slash","Bane"],"picked":"SKIP","floor":39},{"not_picked":["Night Terror","Bane+1","Reflex"],"picked":"SKIP","floor":39},{"not_picked":["Slice+1","Eviscerate+1"],"picked":"Doppelganger","floor":41},{"not_picked":["Eviscerate+1","Flying Knee+1","Dagger Spray+1"],"picked":"SKIP","floor":48},{"not_picked":["Die Die Die+1","Quick Slash+1","Slice+1"],"picked":"SKIP","floor":48},{"not_picked":["Deadly Poison+1","Predator+1","Terror+1"],"picked":"SKIP","floor":54}],"player_experience":628588,"relics_obtained":[{"floor":9,"key":"Pantograph"},{"floor":12,"key":"Prayer Wheel"},{"floor":26,"key":"Blood Vial"},{"floor":27,"key":"Ninja Scroll"},{"floor":31,"key":"Juzu Bracelet"},{"floor":41,"key":"Toxic Egg 2"},{"floor":43,"key":"Molten Egg 2"},{"floor":46,"key":"Ginger"},{"floor":54,"key":"Shuriken"}],"event_choices":[{"damage_healed":0,"gold_gain":0,"cards_transformed":["Strike_G"],"player_choice":"Transformed","damage_taken":0,"max_hp_gain":0,"max_hp_loss":0,"event_name":"Transmorgrifier","floor":6,"gold_loss":0,"cards_obtained":["Well Laid Plans"]},{"cards_removed":["Defend_G"],"damage_healed":0,"gold_gain":0,"player_choice":"Offered Basic","damage_taken":0,"max_hp_gain":0,"max_hp_loss":0,"event_name":"Bonfire Elementals","floor":14,"gold_loss":0},{"cards_removed":["Defend_G"],"damage_healed":0,"gold_gain":0,"player_choice":"Gave Gold","damage_taken":0,"max_hp_gain":0,"max_hp_loss":0,"event_name":"Beggar","floor":21,"gold_loss":75},{"damage_healed":0,"gold_gain":0,"cards_transformed":["Strike_G"],"player_choice":"Transformed","damage_taken":0,"max_hp_gain":0,"max_hp_loss":0,"event_name":"Transmorgrifier","floor":37,"gold_loss":0,"cards_obtained":["Malaise"]},{"damage_healed":0,"gold_gain":0,"player_choice":"Forge","damage_taken":0,"max_hp_gain":0,"max_hp_loss":0,"event_name":"Accursed Blacksmith","floor":44,"gold_loss":0,"cards_upgraded":["Malaise"]},{"damage_healed":0,"gold_gain":0,"player_choice":"Fight","damage_taken":0,"max_hp_gain":0,"max_hp_loss":0,"event_name":"MindBloom","floor":46,"gold_loss":0}],"is_beta":false,"boss_relics":[{"not_picked":["Busted Crown","Black Star"],"picked":"Ring of the Serpent"},{"not_picked":["White Beast Statue","Astrolabe"],"picked":"Coffee Dripper"}],"items_purged_floors":[2,13,30,36,53],"is_endless":false,"potions_floor_spawned":[4,5,8,11,12,19,22,28,35,39,46],"killed_by":"The Heart","ascension_level":0}