{"gold_per_floor":[112,129,139,89,89,89,132,132,155,171,171,184,228,242,242,365,365,381,397,417,441,466,466,502,515,515,515],"floor_reached":27,"playtime":3141,"items_purged":[],"score":249,"play_id":"7b1a550b-07c1-488f-8d22-378da2fb1da4","local_time":"20181225171152","is_ascension_mode":false,"campfire_choices":[{"floor":6,"key":"REST"},{"floor":11,"key":"REST"},{"floor":15,"key":"REST"},{"floor":23,"key":"REST"}],"neow_cost":"NONE","seed_source_timestamp":2313349511507959,"circlet_count":0,"master_deck":["Strike_B","Strike_B","Strike_B","Defend_B","Defend_B","Defend_B+1","Defend_B+1","Zap","Dualcast","Finesse","Loop","Glacier","Melter","Coolheaded","Rip and Tear","Zap","Genetic Algorithm","Static Discharge","White Noise","Machine Learning","Ball Lightning","Sunder+1","Chaos","White Noise+1"],"relics":["Cracked Core","Golden Idol","Anchor","War Paint","Meat on the Bone","White Beast Statue","Pear","Vajra"],"potions_floor_usage":[24],"damage_taken":[{"damage":11,"enemies":"Jaw Worm","floor":1,"turns":3},{"damage":6,"enemies":"2 Louse","floor":2,"turns":3},{"damage":5,"enemies":"Cultist","floor":3,"turns":4},{"damage":16,"enemies":"3 Sentries","floor":7,"turns":11},{"damage":11,"enemies":"Gremlin Gang","floor":10,"turns":7},{"damage":4,"enemies":"2 Fungi Beasts","floor":12,"turns":4},{"damage":25,"enemies":"Gremlin Nob","floor":13,"turns":4},{"damage":13,"enemies":"Exordium Thugs","floor":14,"turns":4},{"damage":16,"enemies":"Hexaghost","floor":16,"turns":14},{"damage":2,"enemies":"Chosen","floor":18,"turns":7},{"damage":1,"enemies":"Shell Parasite","floor":19,"turns":8},{"damage":24,"enemies":"Shelled Parasite and Fungi","floor":20,"turns":6},{"damage":19,"enemies":"Cultist and Chosen","floor":21,"turns":5},{"damage":36,"enemies":"Centurion and Healer","floor":22,"turns":10},{"damage":32,"enemies":"Book of Stabbing","floor":24,"turns":7},{"damage":23,"enemies":"Snecko","floor":25,"turns":5},{"damage":37,"enemies":"Cultist and Chosen","floor":27,"turns":5}],"seed_played":"4266238540281888678","potions_obtained":[{"floor":2,"key":"FocusPotion"},{"floor":3,"key":"Fire Potion"},{"floor":7,"key":"Block Potion"},{"floor":19,"key":"Regen Potion"},{"floor":24,"key":"Poison Potion"},{"floor":25,"key":"Ancient Potion"}],"is_trial":false,"path_per_floor":["M","M","M","?","?","R","E","?","T","M","R","M","E","M","R","B",null,"M","M","M","M","M","R","E","M","T","M"],"character_chosen":"DEFECT","items_purchased":[],"campfire_rested":4,"item_purchase_floors":[],"current_hp_per_floor":[64,58,53,53,35,57,41,41,41,30,52,48,23,22,44,40,75,73,72,48,41,17,39,43,32,32,0],"gold":515,"neow_bonus":"RANDOM_COLORLESS","is_prod":false,"is_daily":false,"chose_seed":false,"campfire_upgraded":0,"win_rate":0.0,"timestamp":1545754312,"path_taken":["M","M","M","?","?","R","E","?","T","M","R","M","E","?","R","BOSS","M","M","M","M","M","R","E","M","T","M"],"build_version":"2018-12-20","purchased_purges":0,"victory":false,"max_hp_per_floor":[75,75,75,75,75,75,75,75,75,75,75,75,75,75,75,75,75,75,75,75,75,75,75,85,85,85,85],"card_choices":[{"not_picked":["Blizzard","Conserve Battery"],"picked":"Loop","floor":1},{"not_picked":["Loop","Ball Lightning"],"picked":"Glacier","floor":2},{"not_picked":["Compile Driver","Stack"],"picked":"Melter","floor":3},{"not_picked":["Double Energy","Fusion"],"picked":"Coolheaded","floor":7},{"not_picked":["Fusion","Rebound"],"picked":"Genetic Algorithm","floor":10},{"not_picked":["Compile Driver","Sweeping Beam","Steam"],"picked":"SKIP","floor":12},{"not_picked":["Gash","Barrage"],"picked":"Static Discharge","floor":13},{"not_picked":["Scrape","Skim"],"picked":"White Noise","floor":14},{"not_picked":["Meteor Strike","Seek"],"picked":"Machine Learning","floor":16},{"not_picked":["Conserve Battery","Turbo"],"picked":"Ball Lightning","floor":18},{"not_picked":["Steam+1","Reinforced Body","Cold Snap"],"picked":"SKIP","floor":19},{"not_picked":["Rebound","Barrage","Cold Snap"],"picked":"SKIP","floor":20},{"not_picked":["Self Repair","Force Field+1"],"picked":"Sunder+1","floor":21},{"not_picked":["Ball Lightning","Sweeping Beam"],"picked":"Chaos","floor":22},{"not_picked":["Reinforced Body","Rainbow"],"picked":"White Noise+1","floor":24},{"not_picked":["Beam Cell","Hologram","Cold Snap"],"picked":"SKIP","floor":25}],"player_experience":32864,"relics_obtained":[{"floor":7,"key":"Anchor"},{"floor":9,"key":"War Paint"},{"floor":13,"key":"Meat on the Bone"},{"floor":24,"key":"Pear"},{"floor":26,"key":"Vajra"}],"event_choices":[{"cards_removed":["Strike_B"],"damage_healed":0,"gold_gain":0,"player_choice":"Card Removal","damage_taken":0,"max_hp_gain":0,"max_hp_loss":0,"event_name":"The Cleric","floor":4,"gold_loss":50},{"damage_healed":0,"gold_gain":0,"player_choice":"Take Damage","damage_taken":18,"relics_obtained":["Golden Idol"],"max_hp_gain":0,"max_hp_loss":0,"event_name":"Golden Idol","floor":5,"gold_loss":0},{"damage_healed":0,"gold_gain":0,"player_choice":"2 cards matched","damage_taken":0,"max_hp_gain":0,"max_hp_loss":0,"event_name":"Match and Keep!","floor":8,"gold_loss":0,"cards_obtained":["Rip and Tear","Zap"]}],"is_beta":false,"boss_relics":[{"not_picked":["Busted Crown","Snecko Eye"],"picked":"White Beast Statue"}],"items_purged_floors":[],"is_endless":false,"potions_floor_spawned":[2,3,7,10,18,19,20,21,22,24,25],"killed_by":"Cultist and Chosen","ascension_level":0}