{"gold_per_floor":[211,225,225,325,344,344,364,364,364,396,145,164,178,97,97,202,202,218,318,328,22,39,39,52,83,83,83,83,83,83],"floor_reached":30,"playtime":1332,"items_purged":[],"score":252,"play_id":"2312639d-58fb-4549-8612-8fee078af9b9","local_time":"20190206190151","is_ascension_mode":false,"campfire_choices":[{"data":"Conserve Battery","floor":6,"key":"SMITH"},{"data":"Zap","floor":8,"key":"SMITH"},{"floor":15,"key":"REST"},{"data":"Fission","floor":23,"key":"SMITH"}],"neow_cost":"NONE","seed_source_timestamp":1210127248867300,"circlet_count":0,"master_deck":["Zap+1","Dualcast","Sweeping Beam","Conserve Battery+1","Sweeping Beam","FTL","Turbo","FTL","Steam Power","Ball Lightning","Hello World","Turbo","Thunder Strike","Defragment","Barrage","Consume","BootSequence","Steam Power","Fission+1","Auto Shields","Cold Snap","Leap+1","Ball Lightning","Sweeping Beam+1","Auto Shields","Echo Form","Turbo"],"relics":["Cracked Core","Dream Catcher","Dodecahedron","Omamori","Pandora\u0027s Box","Calipers","Bottled Flame","Meat on the Bone","Anchor","The Courier","Sundial"],"potions_floor_usage":[19,19,25],"damage_taken":[{"damage":0,"enemies":"Small Slimes","floor":1,"turns":4},{"damage":0,"enemies":"Cultist","floor":2,"turns":3},{"damage":0,"enemies":"2 Louse","floor":5,"turns":2},{"damage":1,"enemies":"Exordium Wildlife","floor":7,"turns":3},{"damage":32,"enemies":"Gremlin Nob","floor":10,"turns":4},{"damage":8,"enemies":"3 Louse","floor":12,"turns":3},{"damage":0,"enemies":"Looter","floor":13,"turns":2},{"damage":7,"enemies":"Slime Boss","floor":16,"turns":9},{"damage":0,"enemies":"Chosen","floor":18,"turns":4},{"damage":14,"enemies":"Colosseum Slavers","floor":19,"turns":4},{"damage":14,"enemies":"Colosseum Nobs","floor":19,"turns":5},{"damage":0,"enemies":"Shell Parasite","floor":20,"turns":4},{"damage":0,"enemies":"3 Cultists","floor":22,"turns":4},{"damage":16,"enemies":"Shelled Parasite and Fungi","floor":24,"turns":4},{"damage":7,"enemies":"Slavers","floor":25,"turns":3},{"damage":19,"enemies":"Centurion and Healer","floor":27,"turns":6},{"damage":31,"enemies":"Chosen and Byrds","floor":30,"turns":5}],"seed_played":"-5093903167335500090","potions_obtained":[{"floor":1,"key":"FairyPotion"},{"floor":12,"key":"Weak Potion"},{"floor":16,"key":"FearPotion"},{"floor":22,"key":"GamblersBrew"},{"floor":24,"key":"Regen Potion"}],"is_trial":false,"path_per_floor":["M","M","?","?","M","R","M","R","T","E","$","M","M","$","R","B",null,"M","?","M","$","M","R","M","E","T","M","?","$","M"],"character_chosen":"DEFECT","items_purchased":["Omamori","Turbo","FTL","Hello World","AttackPotion","Meat on the Bone"],"campfire_rested":1,"item_purchase_floors":[11,11,11,14,21,21],"current_hp_per_floor":[75,75,75,75,75,75,74,74,74,42,42,34,34,34,56,49,75,75,47,47,47,47,47,43,45,45,38,38,38,7],"gold":83,"neow_bonus":"HUNDRED_GOLD","is_prod":false,"is_daily":false,"chose_seed":false,"campfire_upgraded":3,"win_rate":0.0,"timestamp":1549508511,"path_taken":["M","M","?","?","M","R","M","R","T","E","$","?","M","$","R","BOSS","M","?","M","$","M","R","M","E","T","M","?","?","M"],"build_version":"2019-01-23","purchased_purges":0,"victory":false,"max_hp_per_floor":[75,75,75,75,75,75,75,75,75,75,75,75,75,75,75,75,75,75,75,75,75,75,75,75,75,75,75,75,75,75],"card_choices":[{"not_picked":["Darkness","Ball Lightning"],"picked":"Sweeping Beam","floor":1},{"not_picked":["Stack","Consume","Streamline"],"picked":"SKIP","floor":2},{"not_picked":["Defragment","Double Energy"],"picked":"Conserve Battery","floor":5},{"not_picked":["Stack","Gash"],"picked":"Sweeping Beam","floor":7},{"not_picked":["Heatsinks","Sweeping Beam"],"picked":"FTL","floor":10},{"not_picked":["Cold Snap","Sunder"],"picked":"Steam Power","floor":12},{"not_picked":["Rainbow","Rebound"],"picked":"Ball Lightning","floor":13},{"not_picked":["Go for the Eyes","Seek"],"picked":"Turbo","floor":15},{"not_picked":["Hyperbeam","Biased Cognition"],"picked":"Thunder Strike","floor":16},{"not_picked":["Compile Driver+1","Gash+1"],"picked":"Leap+1","floor":18},{"not_picked":["Hologram","Barrage"],"picked":"Ball Lightning","floor":19},{"not_picked":["Coolheaded","Turbo"],"picked":"Sweeping Beam+1","floor":20},{"not_picked":["Rebound+1","Fusion"],"picked":"Auto Shields","floor":22},{"not_picked":["Storm","Compile Driver"],"picked":"Echo Form","floor":24},{"not_picked":["Gash","Lockon+1"],"picked":"Turbo","floor":25},{"not_picked":["Cold Snap+1","Melter","Hologram"],"picked":"SKIP","floor":27}],"player_experience":103027,"relics_obtained":[{"floor":9,"key":"Dream Catcher"},{"floor":10,"key":"Dodecahedron"},{"floor":19,"key":"Calipers"},{"floor":19,"key":"Bottled Flame"},{"floor":25,"key":"Anchor"},{"floor":26,"key":"The Courier"}],"event_choices":[{"damage_healed":0,"gold_gain":0,"player_choice":"Leave","damage_taken":0,"max_hp_gain":0,"max_hp_loss":0,"event_name":"The Cleric","floor":3,"gold_loss":0},{"damage_healed":0,"gold_gain":100,"player_choice":"Pray","damage_taken":0,"max_hp_gain":0,"max_hp_loss":0,"event_name":"Golden Shrine","floor":4,"gold_loss":0},{"damage_healed":0,"gold_gain":0,"player_choice":"Fight","damage_taken":0,"max_hp_gain":0,"max_hp_loss":0,"event_name":"Colosseum","floor":19,"gold_loss":0},{"damage_healed":0,"gold_gain":0,"player_choice":"Fought Nobs","damage_taken":0,"max_hp_gain":0,"max_hp_loss":0,"event_name":"Colosseum","floor":19,"gold_loss":0},{"damage_healed":0,"gold_gain":0,"player_choice":"Opened","damage_taken":0,"relics_obtained":["Sundial"],"max_hp_gain":0,"max_hp_loss":0,"event_name":"The Mausoleum","floor":28,"gold_loss":0}],"is_beta":false,"boss_relics":[{"not_picked":["Coffee Dripper","Lizard Tail"],"picked":"Pandora\u0027s Box"}],"items_purged_floors":[],"is_endless":false,"potions_floor_spawned":[1,12,16,19,22,24],"killed_by":"Chosen and Byrds","ascension_level":0}