{"gold_per_floor":[115,27,39,52,70,70,90,118,118,118,135,166,180,210,210,287,287,304,320,370,383,383,383,394,67,67,67,67,99,117,152,152,226,226,246,259,534,134,134,134,153,153,178,25,52,72,82,115,115,115,115,115,115,36,67,67],"floor_reached":57,"playtime":5196,"items_purged":["Strike_G","Regret"],"score":3098,"play_id":"53209d7d-b448-4fc3-bdc9-a4af2f04e537","local_time":"20190208212214","is_ascension_mode":true,"campfire_choices":[{"data":"Cloak And Dagger","floor":6.0,"key":"SMITH"},{"floor":10.0,"key":"REST"},{"floor":15.0,"key":"REST"},{"data":"Accuracy","floor":23.0,"key":"SMITH"},{"floor":27.0,"key":"REST"},{"data":"After Image","floor":32.0,"key":"SMITH"},{"data":"Apotheosis","floor":40.0,"key":"SMITH"},{"floor":42.0,"key":"RECALL"},{"floor":49.0,"key":"REST"},{"data":"Well Laid Plans","floor":53.0,"key":"SMITH"}],"neow_cost":"NONE","seed_source_timestamp":179392116283000,"circlet_count":0,"master_deck":["AscendersBane","Defend_G+1","Defend_G+1","Defend_G+1","Defend_G+1","Defend_G+1","Strike_G+1","Strike_G+1","Strike_G+1","Strike_G+1","Survivor","Neutralize","Deflect","Accuracy+1","Footwork","Dodge and Roll","Cloak And Dagger+1","Blade Dance","Prepared","Cloak And Dagger","Dodge and Roll","After Image","After Image+1","Footwork","PiercingWail","Blur","Panache","Backflip","Escape Plan","PiercingWail","Caltrops","Malaise","Dash","Backflip","Leg Sweep","Acrobatics","Caltrops","Apotheosis+1","Well Laid Plans+1","After Image","Tools of the Trade","Escape Plan","Dodge and Roll","PiercingWail+1","Footwork"],"special_seed":0,"relics":["Ring of the Snake","NeowsBlessing","Question Card","Pocketwatch","Darkstone Periapt","StoneCalendar","Sozu","FossilizedHelix","Lantern","Pear","Orrery","Orichalcum","Oddly Smooth Stone","Molten Egg 2","Ginger"],"potions_floor_usage":[],"damage_taken":[{"damage":0.0,"enemies":"Cultist","floor":1.0,"turns":1.0},{"damage":0.0,"enemies":"2 Louse","floor":3.0,"turns":1.0},{"damage":0.0,"enemies":"Small Slimes","floor":4.0,"turns":1.0},{"damage":5.0,"enemies":"3 Louse","floor":5.0,"turns":8.0},{"damage":1.0,"enemies":"2 Fungi Beasts","floor":7.0,"turns":6.0},{"damage":30.0,"enemies":"Gremlin Nob","floor":8.0,"turns":6.0},{"damage":16.0,"enemies":"Exordium Thugs","floor":11.0,"turns":6.0},{"damage":7.0,"enemies":"Lagavulin","floor":12.0,"turns":9.0},{"damage":1.0,"enemies":"Exordium Wildlife","floor":13.0,"turns":5.0},{"damage":0.0,"enemies":"3 Sentries","floor":14.0,"turns":11.0},{"damage":35.0,"enemies":"The Guardian","floor":16.0,"turns":17.0},{"damage":2.0,"enemies":"Shell Parasite","floor":18.0,"turns":7.0},{"damage":0.0,"enemies":"Spheric Guardian","floor":19.0,"turns":7.0},{"damage":21.0,"enemies":"3 Cultists","floor":21.0,"turns":7.0},{"damage":28.0,"enemies":"Centurion and Healer","floor":24.0,"turns":7.0},{"damage":0.0,"enemies":"Book of Stabbing","floor":29.0,"turns":7.0},{"damage":0.0,"enemies":"Snecko","floor":30.0,"turns":7.0},{"damage":0.0,"enemies":"Gremlin Leader","floor":31.0,"turns":8.0},{"damage":0.0,"enemies":"Collector","floor":33.0,"turns":13.0},{"damage":0.0,"enemies":"Orb Walker","floor":35.0,"turns":5.0},{"damage":13.0,"enemies":"3 Darklings","floor":36.0,"turns":7.0},{"damage":0.0,"enemies":"Maw","floor":41.0,"turns":10.0},{"damage":0.0,"enemies":"Nemesis","floor":45.0,"turns":11.0},{"damage":18.0,"enemies":"Transient","floor":46.0,"turns":6.0},{"damage":0.0,"enemies":"Sphere and 2 Shapes","floor":47.0,"turns":7.0},{"damage":10.0,"enemies":"Giant Head","floor":48.0,"turns":12.0},{"damage":10.0,"enemies":"Donu and Deca","floor":50.0,"turns":20.0},{"damage":0.0,"enemies":"Time Eater","floor":51.0,"turns":15.0},{"damage":26.0,"enemies":"Shield and Spear","floor":55.0,"turns":14.0},{"damage":43,"enemies":"The Heart","floor":56,"turns":12}],"seed_played":"6462422551670334065","potions_obtained":[{"floor":7.0,"key":"GhostInAJar"},{"floor":8.0,"key":"GhostInAJar"},{"floor":11.0,"key":"GhostInAJar"},{"floor":12.0,"key":"Block Potion"}],"is_trial":false,"path_per_floor":["M","$","M","M","M","R","M","E","T","R","M","E","M","E","R","B",null,"M","M","?","M","?","R","M","$","T","R","?","E","M","E","R","B",null,"M","M","?","$","T","R","M","R","T","$","E","M","M","E","R","B","B",null,"R","$","E","B",null],"character_chosen":"THE_SILENT","items_purchased":["Accuracy","Panache","Backflip","Apotheosis","Well Laid Plans","After Image","Footwork"],"campfire_rested":4,"item_purchase_floors":[2,25,25,38,38,44,54],"current_hp_per_floor":[59,59,59,59,54,54,53,23,23,42,26,19,18,18,37,2,50,48,48,48,27,40,40,12,12,12,31,31,31,31,41,41,41,67,67,54,60,60,60,60,60,60,60,60,60,42,42,32,56,46,46,73,73,73,47,4],"gold":67,"neow_bonus":"THREE_ENEMY_KILL","is_prod":false,"is_daily":false,"chose_seed":false,"campfire_upgraded":5,"win_rate":0,"timestamp":1549657334,"path_taken":["M","$","M","M","M","R","M","E","T","R","M","E","?","E","R","BOSS","M","M","?","?","?","R","M","$","T","R","?","E","M","E","R","BOSS","M","M","?","$","?","R","M","R","T","?","E","?","M","E","R","BOSS","BOSS","R","$","E","BOSS"],"build_version":"2019-01-23","purchased_purges":2,"victory":true,"max_hp_per_floor":[66,66,66,66,66,66,66,66,66,66,66,66,66,66,66,66,66,66,66,66,66,66,66,66,66,66,66,66,66,66,76,76,76,76,76,76,82,82,82,82,82,82,82,82,82,82,82,82,82,82,82,82,82,82,82,82],"card_choices":[{"not_picked":["Poisoned Stab","Setup"],"picked":"Deflect","floor":1.0},{"not_picked":["Outmaneuver","Endless Agony"],"picked":"Footwork","floor":3.0},{"not_picked":["Deflect","Accuracy"],"picked":"Dodge and Roll","floor":4.0},{"not_picked":["Dagger Spray","Storm of Steel"],"picked":"Cloak And Dagger","floor":5.0},{"not_picked":["PiercingWail","Escape Plan"],"picked":"Blade Dance","floor":7.0},{"not_picked":["Expertise","Concentrate"],"picked":"Prepared","floor":8.0},{"not_picked":["Blade Dance","Prepared","Dagger Spray"],"picked":"Cloak And Dagger","floor":11.0},{"not_picked":["Underhanded Strike","Quick Slash","Slice","Sucker Punch"],"picked":"SKIP","floor":12.0},{"not_picked":["Slice","Finisher","Eviscerate"],"picked":"Dodge and Roll","floor":13.0},{"not_picked":["Underhanded Strike","Accuracy","Poisoned Stab"],"picked":"After Image","floor":14.0},{"not_picked":["Night Terror","Phantasmal Killer","Storm of Steel"],"picked":"After Image","floor":16.0},{"not_picked":["PiercingWail","Tactician+1","Escape Plan+1"],"picked":"Footwork","floor":18.0},{"not_picked":["Flechettes","Prepared","Deflect"],"picked":"PiercingWail","floor":19.0},{"not_picked":["Masterful Stab","Poisoned Stab","Cloak And Dagger"],"picked":"Blur","floor":21.0},{"not_picked":["Slice","Prepared","Storm of Steel","Dagger Throw"],"picked":"SKIP","floor":24.0},{"not_picked":["Caltrops","Storm of Steel","Dagger Spray"],"picked":"Escape Plan","floor":29.0},{"not_picked":["Bane","Concentrate+1","Sucker Punch"],"picked":"PiercingWail","floor":30.0},{"not_picked":["Noxious Fumes","Prepared","Blade Dance+1"],"picked":"Caltrops","floor":31.0},{"not_picked":["Wraith Form v2","Corpse Explosion","Grand Finale"],"picked":"Malaise","floor":33.0},{"not_picked":["Escape Plan+1","Blade Dance","Doppelganger"],"picked":"Dash","floor":34.0},{"not_picked":["Outmaneuver","Sucker Punch","Quick Slash"],"picked":"Backflip","floor":34.0},{"not_picked":["Cloak And Dagger","Dagger Spray","Acrobatics"],"picked":"Leg Sweep","floor":34.0},{"not_picked":["Dagger Spray","Deadly Poison","PiercingWail"],"picked":"Acrobatics","floor":34.0},{"not_picked":["PiercingWail","Blade Dance","Heel Hook"],"picked":"Caltrops","floor":35.0},{"not_picked":["Predator+1","Acrobatics","Deflect","Prepared"],"picked":"SKIP","floor":36.0},{"not_picked":["Deadly Poison","Outmaneuver+1","Reflex+1","Deflect+1"],"picked":"SKIP","floor":41.0},{"not_picked":["PiercingWail","Underhanded Strike","All Out Attack"],"picked":"Tools of the Trade","floor":45.0},{"not_picked":["Blade Dance+1","Heel Hook","Underhanded Strike"],"picked":"Escape Plan","floor":46.0},{"not_picked":["Blade Dance","Bouncing Flask+1","Distraction+1"],"picked":"Dodge and Roll","floor":47.0},{"not_picked":["Flying Knee","Dodge and Roll","Storm of Steel"],"picked":"PiercingWail+1","floor":48.0},{"not_picked":["Endless Agony+1","Deflect","Quick Slash+1","Crippling Poison"],"picked":"SKIP","floor":55.0}],"player_experience":639870,"relics_obtained":[{"floor":8.0,"key":"Question Card"},{"floor":9.0,"key":"Pocketwatch"},{"floor":12.0,"key":"Darkstone Periapt"},{"floor":14.0,"key":"StoneCalendar"},{"floor":26.0,"key":"FossilizedHelix"},{"floor":29.0,"key":"Lantern"},{"floor":31.0,"key":"Pear"},{"floor":43.0,"key":"Orichalcum"},{"floor":45.0,"key":"Oddly Smooth Stone"},{"floor":48.0,"key":"Molten Egg 2"},{"floor":55.0,"key":"Ginger"}],"event_choices":[{"damage_healed":0.0,"max_hp_gain":0.0,"max_hp_loss":0.0,"gold_gain":100.0,"event_name":"The Joust","player_choice":"Bet on Murderer","floor":20.0,"gold_loss":50.0,"damage_taken":0.0},{"damage_healed":13.0,"max_hp_gain":0.0,"max_hp_loss":0.0,"gold_gain":0.0,"event_name":"The Library","player_choice":"Heal","floor":22.0,"gold_loss":0.0,"damage_taken":0.0},{"damage_healed":0.0,"max_hp_gain":0.0,"max_hp_loss":0.0,"gold_gain":0.0,"event_name":"Back to Basics","player_choice":"Simplicity","floor":28.0,"gold_loss":0.0,"damage_taken":0.0,"cards_upgraded":["Defend_G","Defend_G","Defend_G","Defend_G","Defend_G","Strike_G","Strike_G","Strike_G","Strike_G"]},{"damage_healed":0.0,"max_hp_gain":0.0,"max_hp_loss":0.0,"gold_gain":275.0,"event_name":"Golden Shrine","player_choice":"Desecrate","floor":37.0,"gold_loss":0.0,"damage_taken":0.0,"cards_obtained":["Regret"]}],"is_beta":false,"boss_relics":[{"not_picked":["Busted Crown","Runic Dome"],"picked":"Sozu"},{"not_picked":["Empty Cage","Velvet Choker"],"picked":"Orrery"}],"items_purged_floors":[25,38],"is_endless":false,"potions_floor_spawned":[7,8,11,12,29,30,31,33,36,46,47,48,55],"ascension_level":20}