{"gold_per_floor":[109,109,109,125,145,145,161,161,161,180,200,220,220,220,232,345,357,338,350,77,94,107,124,49,49,98,98],"floor_reached":27,"playtime":1611,"items_purged":["Strike_R"],"score":207,"play_id":"90402438-41c7-4639-b258-ab8e09d7a8ca","local_time":"20190106114157","is_ascension_mode":false,"campfire_choices":[{"data":"Thunderclap","floor":6,"key":"SMITH"},{"data":"Demon Form","floor":13,"key":"SMITH"},{"data":"Rampage","floor":15,"key":"SMITH"}],"neow_cost":"CURSE","seed_source_timestamp":461039205704653,"circlet_count":0,"master_deck":["Strike_R","Strike_R","Defend_R","Defend_R","Defend_R","Defend_R+1","Bash","Thunderclap+1","Rampage+1","Demon Form+1","Reaper","Carnage","Cleave","Offering","Decay"],"relics":["Burning Blood","Thread and Needle","CultistMask","Pantograph","MawBank","Empty Cage","Girya","Bronze Scales"],"potions_floor_usage":[],"damage_taken":[{"damage":0,"enemies":"Cultist","floor":1,"turns":4},{"damage":3,"enemies":"Jaw Worm","floor":4,"turns":4},{"damage":0,"enemies":"2 Louse","floor":5,"turns":3},{"damage":14,"enemies":"Gremlin Gang","floor":7,"turns":5},{"damage":8,"enemies":"Lots of Slimes","floor":10,"turns":4},{"damage":4,"enemies":"2 Fungi Beasts","floor":11,"turns":4},{"damage":3,"enemies":"Large Slime","floor":12,"turns":6},{"damage":69,"enemies":"The Guardian","floor":16,"turns":9},{"damage":21,"enemies":"2 Thieves","floor":18,"turns":5},{"damage":11,"enemies":"Spheric Guardian","floor":21,"turns":5},{"damage":37,"enemies":"Snake Plant","floor":22,"turns":5},{"damage":41,"enemies":"Sentry and Sphere","floor":23,"turns":6},{"damage":15,"enemies":"Centurion and Healer","floor":27,"turns":3}],"seed_played":"6385670584148789517","potions_obtained":[{"floor":12,"key":"PowerPotion"},{"floor":21,"key":"BloodPotion"},{"floor":23,"key":"AttackPotion"}],"is_trial":false,"path_per_floor":["M","$","?","M","M","R","M","?","T","M","M","M","R","?","R","B",null,"M","?","$","M","M","M","$","?","T","M"],"character_chosen":"IRONCLAD","items_purchased":["Girya"],"campfire_rested":0,"item_purchase_floors":[20],"current_hp_per_floor":[80,80,80,80,80,80,72,72,72,70,72,75,75,72,72,17,80,78,78,78,73,42,7,7,7,7,0],"gold":98,"neow_bonus":"ONE_RARE_RELIC","is_prod":false,"is_daily":false,"chose_seed":false,"campfire_upgraded":3,"win_rate":0.0,"timestamp":1546771317,"path_taken":["M","$","?","M","M","R","?","?","T","M","M","?","R","?","R","BOSS","M","?","$","M","?","M","?","?","T","M"],"build_version":"2019-01-03v4","purchased_purges":1,"victory":false,"max_hp_per_floor":[80,80,80,80,80,80,80,80,80,80,80,80,80,80,80,80,80,80,80,80,80,80,80,80,80,80,80],"card_choices":[{"not_picked":["Carnage","Headbutt"],"picked":"Thunderclap","floor":1},{"not_picked":["Twin Strike","True Grit","Searing Blow"],"picked":"SKIP","floor":4},{"not_picked":["Feel No Pain","Corruption","Anger"],"picked":"SKIP","floor":5},{"not_picked":["Warcry","Rage","Hemokinesis"],"picked":"SKIP","floor":7},{"not_picked":["Wild Strike","Havoc","Sword Boomerang"],"picked":"SKIP","floor":10},{"not_picked":["Thunderclap","Clash"],"picked":"Rampage","floor":11},{"not_picked":["Clothesline","Corruption"],"picked":"Demon Form","floor":12},{"not_picked":["Offering","Dark Embrace"],"picked":"Reaper","floor":16},{"not_picked":["Searing Blow+1","Wild Strike","Thunderclap"],"picked":"SKIP","floor":18},{"not_picked":["Warcry","True Grit+1"],"picked":"Cleave","floor":21},{"not_picked":["Sword Boomerang+1","Wild Strike"],"picked":"Offering","floor":22},{"not_picked":["Iron Wave","Headbutt","Sword Boomerang"],"picked":"SKIP","floor":23}],"player_experience":102493,"relics_obtained":[{"floor":9,"key":"Pantograph"},{"floor":26,"key":"Bronze Scales"}],"event_choices":[{"damage_healed":0,"gold_gain":0,"player_choice":"Trade","damage_taken":0,"relics_obtained":["CultistMask"],"max_hp_gain":0,"max_hp_loss":0,"event_name":"FaceTrader","floor":3,"gold_loss":0},{"damage_healed":0,"gold_gain":0,"player_choice":"Upgraded","damage_taken":0,"max_hp_gain":0,"max_hp_loss":0,"event_name":"Upgrade Shrine","floor":8,"gold_loss":0,"cards_upgraded":["Defend_R"]},{"damage_healed":0,"gold_gain":0,"player_choice":"Success","damage_taken":3,"relics_obtained":["MawBank"],"max_hp_gain":0,"max_hp_loss":0,"event_name":"Scrap Ooze","floor":14,"gold_loss":0},{"damage_healed":0,"gold_gain":0,"cards_transformed":["Strike_R"],"player_choice":"Transformed","damage_taken":0,"max_hp_gain":0,"max_hp_loss":0,"event_name":"Transmorgrifier","floor":19,"gold_loss":0,"cards_obtained":["Carnage"]},{"damage_healed":0,"gold_gain":0,"player_choice":"Smashed Altar","damage_taken":0,"max_hp_gain":0,"max_hp_loss":0,"event_name":"Forgotten Altar","floor":25,"gold_loss":0,"cards_obtained":["Decay"]}],"is_beta":false,"boss_relics":[{"not_picked":["Cursed Key","Orrery"],"picked":"Empty Cage"}],"items_purged_floors":[24],"is_endless":false,"potions_floor_spawned":[4,5,12,18,21,23],"killed_by":"Centurion and Healer","ascension_level":0}