{"gold_per_floor":[365,383,81,97,112,112,112,136,136,136,44,64,78,151,151,282,282,301,301,178,194,212,212,243,26,103,127,127,127],"floor_reached":29,"playtime":1198,"items_purged":["Defend_R"],"score":237,"play_id":"e286dcf2-fa94-4eef-8fd5-573e818c962f","local_time":"20190204154956","is_ascension_mode":false,"campfire_choices":[{"data":"Flame Barrier","floor":7,"key":"SMITH"},{"data":"Perfected Strike","floor":10,"key":"SMITH"},{"data":"Cleave","floor":15,"key":"SMITH"},{"data":"Armaments","floor":23,"key":"SMITH"}],"neow_cost":"PERCENT_DAMAGE","seed_source_timestamp":2301262197511976,"circlet_count":0,"master_deck":["Strike_R","Strike_R","Strike_R","Strike_R","Strike_R","Defend_R","Defend_R","Defend_R","Bash","Flame Barrier+1","Cleave+1","Double Tap","Perfected Strike+1","Spot Weakness","Pommel Strike","Wild Strike","Cleave","Limit Break","Thunderclap","Battle Trance","Armaments+1","Headbutt+1","Immolate","Shrug It Off"],"relics":["Burning Blood","Bag of Marbles","Happy Flower","Golden Idol","Mummified Hand","Black Star","Paper Frog","Ornamental Fan","Medical Kit","Tiny Chest","Nilry\u0027s Codex"],"potions_floor_usage":[16,16,18,27,29],"damage_taken":[{"damage":7,"enemies":"2 Louse","floor":1,"turns":3},{"damage":5,"enemies":"Jaw Worm","floor":2,"turns":6},{"damage":3,"enemies":"Small Slimes","floor":4,"turns":4},{"damage":0,"enemies":"2 Fungi Beasts","floor":5,"turns":2},{"damage":7,"enemies":"Looter","floor":8,"turns":4},{"damage":0,"enemies":"Blue Slaver","floor":12,"turns":2},{"damage":6,"enemies":"Exordium Thugs","floor":13,"turns":4},{"damage":38,"enemies":"The Guardian","floor":16,"turns":10},{"damage":0,"enemies":"Shell Parasite","floor":18,"turns":1},{"damage":0,"enemies":"Chosen","floor":21,"turns":3},{"damage":25,"enemies":"Sentry and Sphere","floor":22,"turns":4},{"damage":49,"enemies":"Gremlin Leader","floor":24,"turns":6},{"damage":0,"enemies":"Centurion and Healer","floor":27,"turns":1},{"damage":11,"enemies":"Cultist and Chosen","floor":29,"turns":4}],"seed_played":"5620514143676634368","potions_obtained":[{"floor":2,"key":"Weak Potion"},{"floor":5,"key":"EssenceOfSteel"},{"floor":8,"key":"Energy Potion"},{"floor":21,"key":"Ancient Potion"},{"floor":24,"key":"Energy Potion"},{"floor":27,"key":"SkillPotion"}],"is_trial":false,"path_per_floor":["M","M","$","M","M","?","R","M","T","R","$","M","M","?","R","B",null,"M","?","$","M","M","R","E","$","T","M","?","M"],"character_chosen":"IRONCLAD","items_purchased":["Bag of Marbles","Happy Flower","Spot Weakness","Pommel Strike","Armaments","Medical Kit","Shrug It Off"],"campfire_rested":0,"item_purchase_floors":[3,3,11,11,20,25,25],"current_hp_per_floor":[55,56,56,59,65,45,45,44,44,44,44,50,50,50,50,18,80,80,80,80,80,61,61,18,18,18,24,8,0],"gold":127,"neow_bonus":"TWO_FIFTY_GOLD","is_prod":false,"is_daily":false,"chose_seed":false,"campfire_upgraded":4,"win_rate":0.0,"timestamp":1549331396,"path_taken":["M","M","$","M","M","?","R","M","T","R","$","M","M","?","R","BOSS","M","?","$","M","M","R","E","$","T","M","?","M"],"build_version":"2019-01-23","purchased_purges":1,"victory":false,"max_hp_per_floor":[80,80,80,80,80,80,80,80,80,80,80,80,80,80,80,80,80,80,80,80,80,80,80,80,80,80,80,80,80],"card_choices":[{"not_picked":["Sword Boomerang","Wild Strike"],"picked":"Flame Barrier","floor":1},{"not_picked":["Fire Breathing","Heavy Blade","Clash"],"picked":"SKIP","floor":2},{"not_picked":["Twin Strike","Second Wind"],"picked":"Cleave","floor":4},{"not_picked":["Iron Wave","Body Slam"],"picked":"Double Tap","floor":5},{"not_picked":["Shrug It Off","Reckless Charge"],"picked":"Perfected Strike","floor":8},{"not_picked":["Body Slam","Clothesline"],"picked":"Wild Strike","floor":12},{"not_picked":["Pommel Strike","Combust"],"picked":"Cleave","floor":13},{"not_picked":["Impervious","Exhume"],"picked":"Limit Break","floor":16},{"not_picked":["Heavy Blade+1","Havoc"],"picked":"Thunderclap","floor":18},{"not_picked":["Sentinel","Second Wind"],"picked":"Headbutt+1","floor":21},{"not_picked":["Heavy Blade","Flex","Headbutt"],"picked":"SKIP","floor":22},{"not_picked":["Hemokinesis+1","Thunderclap"],"picked":"Immolate","floor":24},{"not_picked":["Second Wind","Body Slam","Flex"],"picked":"SKIP","floor":27}],"player_experience":84319,"relics_obtained":[{"floor":9,"key":"Mummified Hand"},{"floor":24,"key":"Paper Frog"},{"floor":24,"key":"Ornamental Fan"},{"floor":26,"key":"Tiny Chest"},{"floor":28,"key":"Nilry\u0027s Codex"}],"event_choices":[{"damage_healed":0,"gold_gain":0,"player_choice":"Take Damage","damage_taken":20,"relics_obtained":["Golden Idol"],"max_hp_gain":0,"max_hp_loss":0,"event_name":"Golden Idol","floor":6,"gold_loss":0},{"damage_healed":0,"gold_gain":73,"player_choice":"Gained Gold","damage_taken":0,"max_hp_gain":0,"max_hp_loss":0,"event_name":"Golden Wing","floor":14,"gold_loss":0},{"damage_healed":0,"gold_gain":0,"player_choice":"Read","damage_taken":0,"max_hp_gain":0,"max_hp_loss":0,"event_name":"The Library","floor":19,"gold_loss":0,"cards_obtained":["Battle Trance"]},{"damage_healed":0,"gold_gain":0,"player_choice":"Obtained Book","damage_taken":16,"max_hp_gain":0,"max_hp_loss":0,"event_name":"Cursed Tome","floor":28,"gold_loss":0}],"is_beta":false,"boss_relics":[{"not_picked":["Philosopher\u0027s Stone","Cursed Key"],"picked":"Black Star"}],"items_purged_floors":[20],"is_endless":false,"potions_floor_spawned":[2,5,8,21,24,27],"killed_by":"Cultist and Chosen","ascension_level":0}