{"gold_per_floor":[110,110,185,204,218,218,76,76,76,95,95,95,126,151,151,242,242,257,257,75,12,31,31,31],"floor_reached":24,"playtime":1196,"items_purged":["Strike_G"],"score":388,"play_id":"ccd31955-2d89-4736-8c11-0ccf245bcbd1","local_time":"20181103040242","is_ascension_mode":true,"campfire_choices":[{"data":"Neutralize","floor":6.0,"key":"SMITH"},{"data":"Footwork","floor":8.0,"key":"SMITH"},{"data":"Bouncing Flask","floor":15,"key":"SMITH"},{"floor":23,"key":"REST"}],"neow_cost":"NONE","seed_source_timestamp":119736836757500,"circlet_count":0,"master_deck":["AscendersBane","Defend_G","Defend_G","Defend_G","Defend_G","Defend_G","Strike_G","Survivor","Neutralize+1","Distraction+1","Finisher+1","Storm of Steel+1","Flying Knee","Footwork+1","Dagger Throw","Well Laid Plans","Dagger Spray","Backflip","Bouncing Flask+1","Die Die Die","Cloak And Dagger","Crippling Poison"],"special_seed":0,"relics":["Astrolabe","Golden Idol","Gremlin Horn","Orichalcum","Velvet Choker","Lantern"],"potions_floor_usage":[16,24],"damage_taken":[{"damage":18.0,"enemies":"Jaw Worm","floor":1.0,"turns":6.0},{"damage":0.0,"enemies":"2 Louse","floor":4.0,"turns":4.0},{"damage":0.0,"enemies":"Small Slimes","floor":5.0,"turns":5.0},{"damage":1.0,"enemies":"2 Fungi Beasts","floor":10.0,"turns":4.0},{"damage":15.0,"enemies":"Lagavulin","floor":13.0,"turns":6.0},{"damage":6,"enemies":"Looter","floor":14,"turns":3},{"damage":13,"enemies":"The Guardian","floor":16,"turns":11},{"damage":20,"enemies":"2 Thieves","floor":18,"turns":4},{"damage":13,"enemies":"3 Byrds","floor":22,"turns":3},{"damage":54,"enemies":"Slavers","floor":24,"turns":5}],"seed_played":"-4583124567710722312","potions_obtained":[{"floor":5.0,"key":"FearPotion"},{"floor":13.0,"key":"FairyPotion"}],"is_trial":false,"path_per_floor":["M","?","?","M","M","R","$","R","T","M","?","?","E","M","R","B",null,"M","?","$","?","M","R","E"],"character_chosen":"THE_SILENT","items_purchased":["Well Laid Plans","Dexterity Potion","Cloak And Dagger","Strength Potion"],"campfire_rested":1,"item_purchase_floors":[7,7,20,20],"current_hp_per_floor":[41,41,30,30,30,30,30,30,30,29,29,34,19,13,13,6,50,30,43,43,43,30,49,0],"gold":31,"neow_bonus":"BOSS_RELIC","is_prod":false,"is_daily":false,"chose_seed":false,"campfire_upgraded":3,"win_rate":0,"timestamp":1541232162,"path_taken":["M","?","?","M","?","R","$","R","T","M","?","?","E","M","R","BOSS","M","?","$","?","M","R","E"],"build_version":"2018-11-01","purchased_purges":1,"victory":false,"max_hp_per_floor":[66,60,60,60,60,60,60,60,60,60,60,65,65,65,65,65,65,65,65,65,65,65,65,65],"card_choices":[{"not_picked":["Backflip","Blade Dance"],"picked":"Flying Knee","floor":1.0},{"not_picked":["Prepared","Heel Hook"],"picked":"Footwork","floor":4.0},{"not_picked":["Dodge and Roll","Riddle With Holes"],"picked":"Dagger Throw","floor":5.0},{"not_picked":["Prepared","Reflex"],"picked":"Dagger Spray","floor":10.0},{"not_picked":["All Out Attack","Dash"],"picked":"Backflip","floor":13.0},{"not_picked":["Grand Finale","Dagger Spray"],"picked":"Bouncing Flask","floor":14},{"not_picked":["Glass Knife","Grand Finale"],"picked":"Die Die Die","floor":16},{"not_picked":["Expertise","Flying Knee","Choke"],"picked":"SKIP","floor":18},{"not_picked":["Sucker Punch","Tactician"],"picked":"Crippling Poison","floor":22}],"player_experience":1609570,"relics_obtained":[{"floor":9.0,"key":"Gremlin Horn"},{"floor":13.0,"key":"Orichalcum"}],"event_choices":[{"damage_healed":0.0,"max_hp_gain":0.0,"max_hp_loss":6.0,"gold_gain":0.0,"event_name":"Golden Idol","player_choice":"Lose Max HP","floor":2.0,"gold_loss":0.0,"damage_taken":0.0,"relics_obtained":["Golden Idol"]},{"damage_healed":0.0,"max_hp_gain":0.0,"max_hp_loss":0.0,"gold_gain":75.0,"event_name":"World of Goop","player_choice":"Gather Gold","floor":3.0,"gold_loss":0.0,"damage_taken":11.0},{"damage_healed":0.0,"max_hp_gain":0.0,"max_hp_loss":0.0,"gold_gain":0.0,"event_name":"Golden Wing","player_choice":"Ignored","floor":11.0,"gold_loss":0.0,"damage_taken":0.0},{"damage_healed":0.0,"max_hp_gain":5.0,"max_hp_loss":0.0,"gold_gain":0.0,"event_name":"Big Fish","player_choice":"Donut","floor":12.0,"gold_loss":0.0,"damage_taken":0.0},{"damage_healed":13,"gold_gain":0,"player_choice":"Heal","damage_taken":0,"max_hp_gain":0,"max_hp_loss":0,"event_name":"The Library","floor":19,"gold_loss":0},{"damage_healed":0,"gold_gain":0,"player_choice":"Paid Gold","damage_taken":0,"relics_obtained":["Lantern"],"max_hp_gain":0,"max_hp_loss":0,"event_name":"WeMeetAgain","floor":21,"gold_loss":63}],"is_beta":true,"boss_relics":[{"not_picked":["Eternal Feather","White Beast Statue"],"picked":"Velvet Choker"}],"items_purged_floors":[20],"is_endless":false,"potions_floor_spawned":[5,13],"killed_by":"Slavers","ascension_level":20}