{"gold_per_floor":[114,114,69,87,105,132,151,151,151,151],"floor_reached":10,"playtime":532,"items_purged":[],"score":68,"play_id":"23ec6801-1d76-4e63-a59e-01bc96dbcc6a","local_time":"20181112163240","is_ascension_mode":false,"campfire_choices":[],"neow_cost":"PERCENT_DAMAGE","seed_source_timestamp":1973804858515713,"circlet_count":0,"master_deck":["Strike_B","Strike_B","Strike_B","Defend_B","Defend_B","Defend_B","Defend_B","Zap","Dualcast","Cold Snap","Coolheaded","Coolheaded","Static Discharge","Sweeping Beam","Cold Snap","Regret"],"relics":["Cracked Core","StoneCalendar","Bottled Tornado","Sundial"],"potions_floor_usage":[],"damage_taken":[{"damage":8,"enemies":"Jaw Worm","floor":1,"turns":3},{"damage":0,"enemies":"Cultist","floor":4,"turns":3},{"damage":0,"enemies":"2 Louse","floor":5,"turns":2},{"damage":26,"enemies":"3 Sentries","floor":6,"turns":7},{"damage":8,"enemies":"2 Fungi Beasts","floor":7,"turns":3},{"damage":14,"enemies":"Gremlin Nob","floor":10,"turns":4}],"seed_played":"8672673568657409842","potions_obtained":[{"floor":1,"key":"GamblersBrew"},{"floor":6,"key":"Ancient Potion"},{"floor":7,"key":"GamblersBrew"}],"is_trial":false,"path_per_floor":["M","?","$","M","M","E","M","?","T","?"],"character_chosen":"DEFECT","items_purchased":["Coolheaded"],"campfire_rested":0,"item_purchase_floors":[3],"current_hp_per_floor":[46,46,46,46,46,20,12,12,12,0],"gold":151,"neow_bonus":"ONE_RARE_RELIC","is_prod":false,"is_daily":false,"chose_seed":false,"campfire_upgraded":0,"win_rate":0.0,"timestamp":1542058360,"path_taken":["M","?","?","?","M","E","M","?","T","?"],"build_version":"2018-11-08","purchased_purges":0,"victory":false,"max_hp_per_floor":[75,75,75,75,75,75,75,75,75,75],"card_choices":[{"not_picked":["Blizzard","Barrage"],"picked":"Cold Snap","floor":1},{"not_picked":["Doom and Gloom","Hologram"],"picked":"Coolheaded","floor":4},{"not_picked":["Steam","Loop"],"picked":"Static Discharge","floor":5},{"not_picked":["FTL","Storm"],"picked":"Sweeping Beam","floor":6},{"not_picked":["Leap","Double Energy"],"picked":"Cold Snap","floor":7}],"player_experience":47555,"relics_obtained":[{"floor":6,"key":"Bottled Tornado"}],"event_choices":[{"cards_removed":["Strike_B"],"damage_healed":0,"gold_gain":0,"player_choice":"Purged","damage_taken":0,"max_hp_gain":0,"max_hp_loss":0,"event_name":"Purifier","floor":2,"gold_loss":0},{"damage_healed":0,"gold_gain":0,"player_choice":"Box","damage_taken":0,"relics_obtained":["Sundial"],"max_hp_gain":0,"max_hp_loss":0,"event_name":"Big Fish","floor":8,"gold_loss":0,"cards_obtained":["Regret"]},{"damage_healed":0,"gold_gain":0,"player_choice":"Searched \u00271\u0027 times","damage_taken":0,"max_hp_gain":0,"max_hp_loss":0,"event_name":"Dead Adventurer","floor":10,"gold_loss":0}],"is_beta":false,"boss_relics":[],"items_purged_floors":[],"is_endless":false,"potions_floor_spawned":[1,6,7],"killed_by":"Gremlin Nob","ascension_level":0}