{"path_per_floor":["M","$","?","M","?","R","E","R","T","?","M","R","M","$","R"],"character_chosen":"DEFECT","items_purchased":["Loop","Loop"],"gold_per_floor":[113,33,33,53,53,53,88,88,141,216,241,241,257,106,106,106],"floor_reached":16,"campfire_rested":0,"playtime":691,"item_purchase_floors":[2,14],"current_hp_per_floor":[73,73,55,52,75,75,66,66,66,55,51,51,51,51,51,0],"items_purged":["Strike_B"],"gold":106,"score":98,"play_id":"5284b088-be63-46bc-b677-35e9765f0aaa","local_time":"20180523124627","is_prod":false,"is_daily":false,"chose_seed":false,"is_ascension_mode":false,"campfire_upgraded":4,"timestamp":1527047187,"campfire_choices":[{"data":"Loop","floor":6,"key":"SMITH"},{"data":"Fusion","floor":8,"key":"SMITH"},{"data":"Dualcast","floor":12,"key":"SMITH"},{"data":"Loop","floor":15,"key":"SMITH"}],"path_taken":["M","$","?","?","?","R","E","R","T","?","?","R","M","?","R","BOSS"],"build_version":"2018-05-21v2","seed_source_timestamp":4998032387529,"purchased_purges":1,"victory":false,"master_deck":["Strike_B","Strike_B","Strike_B","Defend_B","Defend_B","Defend_B","Defend_B","Zap","Dualcast+1","Auto Shields","Capacitor","Loop+1","Capacitor","Fusion+1","FTL","Loop+1"],"max_hp_per_floor":[75,75,75,75,75,75,75,75,75,75,75,75,75,75,75,75],"relics":["Cracked Core","Golden Idol","Potion Belt","Tiny Chest"],"card_choices":[{"not_picked":["Sweeping Beam","Axe Kick"],"picked":"Auto Shields","floor":0},{"not_picked":["Leap","Rip and Tear"],"picked":"Capacitor","floor":1},{"not_picked":["Sweeping Beam","Hologram"],"picked":"Capacitor","floor":4},{"not_picked":["Streamline","Storm"],"picked":"Fusion","floor":7},{"not_picked":["Cold Snap","Tempest","Stack"],"picked":"SKIP","floor":11},{"not_picked":["Barrage","Coolheaded"],"picked":"FTL","floor":13}],"player_experience":174788,"potions_floor_usage":[],"damage_taken":[{"damage":2,"enemies":"Jaw Worm","floor":1,"turns":3},{"damage":3,"enemies":"2 Louse","floor":4,"turns":3},{"damage":9,"enemies":"3 Sentries","floor":7,"turns":7},{"damage":4,"enemies":"Cultist","floor":11,"turns":4},{"damage":0,"enemies":"Exordium Thugs","floor":13,"turns":4},{"damage":55,"enemies":"The Guardian","floor":16,"turns":10}],"relics_obtained":[{"floor":7,"key":"Potion Belt"},{"floor":9,"key":"Tiny Chest"}],"event_choices":[{"event_name":"Golden Idol","player_choice":"Take Damage","floor":3,"damage_taken":0},{"event_name":"Wheel of Change","player_choice":"Full Heal","floor":5,"damage_taken":0},{"event_name":"World of Goop","player_choice":"Gather Gold","floor":10,"damage_taken":0}],"boss_relics":[],"items_purged_floors":[14],"potions_floor_spawned":[7,11],"seed_played":"-4500121860170123508","killed_by":"The Guardian","ascension_level":0,"potions_obtained":[{"floor":7,"key":"SpeedPotion"},{"floor":11,"key":"Regen Potion"}],"is_trial":false}