{"gold_per_floor":[116,132,149,149,169,199,199,227,252,252,284,239,239,239,239,311,311,326,405,418,40,56,56],"floor_reached":23,"playtime":1014,"items_purged":["Writhe"],"score":431,"play_id":"eedc6ada-a2e5-493e-905c-008460484c19","local_time":"20190209212440","is_ascension_mode":true,"campfire_choices":[{"data":"Armaments","floor":7,"key":"SMITH"},{"floor":13,"key":"REST"},{"data":"Combust","floor":15,"key":"SMITH"}],"neow_cost":"PERCENT_DAMAGE","seed_source_timestamp":1044796281275212,"circlet_count":0,"master_deck":["AscendersBane","Strike_R","Strike_R","Strike_R","Strike_R","Defend_R","Defend_R","Defend_R","Defend_R","Bash","Armaments+1","Whirlwind","Combust+1","Pummel","Evolve","Rupture","Dual Wield+1","Reaper","Sword Boomerang+1","Inflame","Headbutt"],"relics":["Burning Blood","Nunchaku","Lantern","PreservedInsect","Orichalcum","Potion Belt","Cursed Key","Bottled Lightning","Girya"],"potions_floor_usage":[6,8,10,23],"damage_taken":[{"damage":7,"enemies":"2 Louse","floor":1,"turns":4},{"damage":10,"enemies":"Cultist","floor":2,"turns":5},{"damage":3,"enemies":"Small Slimes","floor":3,"turns":3},{"damage":9,"enemies":"Red Slaver","floor":5,"turns":3},{"damage":23,"enemies":"Gremlin Nob","floor":6,"turns":4},{"damage":13,"enemies":"3 Sentries","floor":8,"turns":7},{"damage":0,"enemies":"Lots of Slimes","floor":10,"turns":1},{"damage":26,"enemies":"Gremlin Nob","floor":11,"turns":5},{"damage":15,"enemies":"Slime Boss","floor":16,"turns":6},{"damage":35,"enemies":"Shell Parasite","floor":18,"turns":7},{"damage":14,"enemies":"Spheric Guardian","floor":20,"turns":4},{"damage":18,"enemies":"Snake Plant","floor":22,"turns":3},{"damage":42,"enemies":"Book of Stabbing","floor":23,"turns":5}],"seed_played":"-7495233186309424267","potions_obtained":[{"floor":1,"key":"Block Potion"},{"floor":5,"key":"Poison Potion"},{"floor":6,"key":"SmokeBomb"},{"floor":11,"key":"Weak Potion"},{"floor":18,"key":"Energy Potion"},{"floor":22,"key":"Regen Potion"}],"is_trial":false,"path_per_floor":["M","M","M","?","M","E","R","E","T","M","E","?","R","?","R","B",null,"M","T","M","$","M","E"],"character_chosen":"IRONCLAD","items_purchased":["Girya"],"campfire_rested":1,"item_purchase_floors":[21],"current_hp_per_floor":[50,46,49,49,46,29,29,22,22,28,8,8,32,32,32,23,66,44,44,41,41,36,0],"gold":56,"neow_bonus":"ONE_RARE_RELIC","is_prod":false,"is_daily":false,"chose_seed":false,"campfire_upgraded":2,"win_rate":0,"timestamp":1549769080,"path_taken":["M","M","M","?","?","E","R","E","T","M","E","?","R","?","R","BOSS","M","?","?","$","?","E"],"build_version":"2019-01-23","purchased_purges":1,"victory":false,"max_hp_per_floor":[80,80,80,80,80,80,80,80,80,80,80,80,80,80,80,80,80,80,80,80,80,80,80],"card_choices":[{"not_picked":["Rampage","Wild Strike"],"picked":"Armaments","floor":1},{"not_picked":["Pommel Strike","Body Slam"],"picked":"Whirlwind","floor":2},{"not_picked":["Flex","Reckless Charge"],"picked":"Combust","floor":3},{"not_picked":["Carnage","Hemokinesis"],"picked":"Pummel","floor":5},{"not_picked":["Burning Pact","Anger"],"picked":"Evolve","floor":6},{"not_picked":["Reaper","Iron Wave"],"picked":"Rupture","floor":8},{"not_picked":["Reckless Charge","Pommel Strike"],"picked":"Dual Wield","floor":11},{"not_picked":["Impervious","Bludgeon"],"picked":"Reaper","floor":16},{"not_picked":["Armaments","True Grit"],"picked":"Sword Boomerang+1","floor":18},{"not_picked":["Iron Wave","Twin Strike+1"],"picked":"Inflame","floor":20},{"not_picked":["Barricade","Anger"],"picked":"Headbutt","floor":22}],"player_experience":541806,"relics_obtained":[{"floor":6,"key":"Lantern"},{"floor":8,"key":"PreservedInsect"},{"floor":9,"key":"Orichalcum"},{"floor":11,"key":"Potion Belt"},{"floor":19,"key":"Bottled Lightning"}],"event_choices":[{"cards_removed":["Strike_R"],"damage_healed":0,"gold_gain":0,"player_choice":"Purged","damage_taken":0,"max_hp_gain":0,"max_hp_loss":0,"event_name":"Purifier","floor":4,"gold_loss":0},{"damage_healed":0,"gold_gain":0,"player_choice":"Left Gold","damage_taken":0,"max_hp_gain":0,"max_hp_loss":0,"event_name":"World of Goop","floor":12,"gold_loss":45},{"damage_healed":0,"gold_gain":0,"player_choice":"Upgraded","damage_taken":0,"max_hp_gain":0,"max_hp_loss":0,"event_name":"Upgrade Shrine","floor":14,"gold_loss":0,"cards_upgraded":["Dual Wield"]}],"is_beta":false,"boss_relics":[{"not_picked":["Ectoplasm","Pandora\u0027s Box"],"picked":"Cursed Key"}],"items_purged_floors":[21],"is_endless":false,"potions_floor_spawned":[1,5,6,11,18,22],"killed_by":"Book of Stabbing","ascension_level":13}