{"gold_per_floor":[112,112,123,136,48,48,68,68,68,68,68,68,97,114,114,209,209,225,225,241,21,0,0,25,25,25,25,25,25,2,17,17,113,113,128,128,28,43,343,374,390,37,37,37,57,67,67,67,67,67],"floor_reached":50,"playtime":3625,"items_purged":["Strike_G","Parasite"],"score":511,"play_id":"cbf03788-84d8-433d-92b9-7ff95d012088","local_time":"20190209042631","is_ascension_mode":false,"campfire_choices":[{"data":"Accuracy","floor":6,"key":"SMITH"},{"data":"Blade Dance","floor":8,"key":"SMITH"},{"data":"Deadly Poison","floor":10,"key":"SMITH"},{"floor":15,"key":"REST"},{"data":"Accuracy","floor":23,"key":"SMITH"},{"floor":25,"key":"REST"},{"floor":32,"key":"REST"},{"floor":47,"key":"REST"},{"data":"Crippling Poison","floor":49,"key":"SMITH"}],"neow_cost":"NONE","seed_source_timestamp":26843755930800,"circlet_count":0,"master_deck":["Defend_G","Defend_G+1","Defend_G","Defend_G","Defend_G+1","Strike_G+1","Strike_G","Strike_G+1","Survivor","Neutralize","Blade Dance+1","Jack Of All Trades","Deflect","Slice","Accuracy+1","Deadly Poison+1","PiercingWail","Accuracy+1","Leg Sweep","Cloak And Dagger","Malaise","Deflect+1","Crippling Poison+1","Cloak And Dagger","Poisoned Stab","Corpse Explosion","Footwork+1","Parasite","Accuracy+1","Noxious Fumes+1","Cloak And Dagger"],"relics":["Ring of the Snake","War Paint","Kunai","Singing Bowl","Sozu","Blood Vial","Frozen Egg 2","Bottled Flame","Enchiridion","Juzu Bracelet","Eternal Feather","Potion Belt","Regal Pillow","MealTicket","Mummified Hand","Ancient Tea Set"],"potions_floor_usage":[13,16,17],"damage_taken":[{"damage":0,"enemies":"Small Slimes","floor":1,"turns":4},{"damage":0,"enemies":"Cultist","floor":3,"turns":5},{"damage":0,"enemies":"Jaw Worm","floor":4,"turns":6},{"damage":0,"enemies":"Looter","floor":7,"turns":4},{"damage":3,"enemies":"Lagavulin","floor":13,"turns":6},{"damage":0,"enemies":"2 Fungi Beasts","floor":14,"turns":4},{"damage":6,"enemies":"The Guardian","floor":16,"turns":13},{"damage":3,"enemies":"3 Byrds","floor":18,"turns":7},{"damage":10,"enemies":"2 Thieves","floor":20,"turns":5},{"damage":11,"enemies":"Gremlin Leader","floor":24,"turns":8},{"damage":9,"enemies":"Snake Plant","floor":31,"turns":4},{"damage":55,"enemies":"Champ","floor":33,"turns":14},{"damage":0,"enemies":"Orb Walker","floor":35,"turns":4},{"damage":30,"enemies":"3 Darklings","floor":38,"turns":5},{"damage":25,"enemies":"Giant Head","floor":40,"turns":10},{"damage":14,"enemies":"Writhing Mass","floor":41,"turns":8},{"damage":7,"enemies":"Transient","floor":45,"turns":5},{"damage":47,"enemies":"Spire Growth","floor":46,"turns":5},{"damage":83,"enemies":"Time Eater","floor":50,"turns":7}],"seed_played":"1675584571729164993","potions_obtained":[{"floor":7,"key":"Ancient Potion"},{"floor":13,"key":"Weak Potion"},{"floor":14,"key":"SmokeBomb"},{"floor":16,"key":"Fruit Juice"}],"is_trial":false,"path_per_floor":["M","?","M","M","$","R","M","R","T","R","?","?","E","M","R","B",null,"M","?","M","$","?","R","E","R","T","?","?","T","$","M","R","B",null,"M","?","$","M","?","E","M","$","T","?","M","M","R","?","R","B"],"character_chosen":"THE_SILENT","items_purchased":["Accuracy","Deadly Poison","Blood Vial","Poisoned Stab","Regal Pillow","MealTicket"],"campfire_rested":4,"item_purchase_floors":[5,5,21,30,42,42],"current_hp_per_floor":[70,70,70,70,70,70,70,70,70,70,56,56,53,53,70,64,75,72,72,62,62,62,62,55,77,77,63,47,47,47,42,67,14,84,84,86,83,55,55,34,22,22,22,76,69,24,76,76,76,0],"gold":67,"neow_bonus":"RANDOM_COMMON_RELIC","is_prod":false,"is_daily":false,"chose_seed":false,"campfire_upgraded":5,"win_rate":0.0,"timestamp":1549715191,"path_taken":["M","?","M","M","?","R","M","R","T","R","?","?","E","?","R","BOSS","M","?","M","$","?","R","E","R","T","?","?","?","?","M","R","BOSS","M","?","$","M","?","E","M","?","T","?","M","M","R","?","R","BOSS"],"build_version":"2019-01-23","purchased_purges":2,"victory":false,"max_hp_per_floor":[70,70,70,70,70,70,70,70,70,70,70,70,70,70,70,70,75,75,75,75,75,75,75,77,77,77,82,82,82,82,84,84,84,84,84,86,83,85,85,87,87,87,87,76,76,76,76,76,76,76],"card_choices":[{"not_picked":["Slice","Deflect"],"picked":"Blade Dance","floor":1},{"not_picked":["All Out Attack","Reflex"],"picked":"Deflect","floor":3},{"not_picked":["Dagger Throw","Bullet Time"],"picked":"Slice","floor":4},{"not_picked":["Dagger Throw","Calculated Gamble"],"picked":"PiercingWail","floor":7},{"not_picked":["Dodge and Roll","Outmaneuver"],"picked":"Leg Sweep","floor":13},{"not_picked":["Acrobatics","Blade Dance"],"picked":"Cloak And Dagger","floor":14},{"not_picked":["Phantasmal Killer","Adrenaline"],"picked":"Malaise","floor":16},{"not_picked":["Underhanded Strike","Riddle With Holes"],"picked":"Deflect+1","floor":18},{"not_picked":["Quick Slash+1","Skewer"],"picked":"Cloak And Dagger","floor":20},{"not_picked":["Unload","Underhanded Strike+1","Dagger Spray"],"picked":"Singing Bowl","floor":24},{"not_picked":["Blade Dance","Phantasmal Killer","Caltrops+1"],"picked":"Singing Bowl","floor":31},{"not_picked":["Wraith Form v2+1","Storm of Steel"],"picked":"Corpse Explosion","floor":33},{"not_picked":["Bane","Acrobatics"],"picked":"Footwork+1","floor":35},{"not_picked":["Violence","Discovery","Flash of Steel"],"picked":"Singing Bowl","floor":36},{"not_picked":["Slice+1","Caltrops+1","Finisher+1"],"picked":"Singing Bowl","floor":38},{"not_picked":["Terror","Backflip+1","Underhanded Strike+1"],"picked":"Singing Bowl","floor":40},{"not_picked":["Bane","Sucker Punch"],"picked":"Accuracy+1","floor":41},{"not_picked":["Deadly Poison","Distraction"],"picked":"Noxious Fumes+1","floor":45},{"not_picked":["Backflip+1","Poisoned Stab"],"picked":"Cloak And Dagger","floor":46}],"player_experience":93016,"relics_obtained":[{"floor":9,"key":"Kunai"},{"floor":13,"key":"Singing Bowl"},{"floor":24,"key":"Frozen Egg 2"},{"floor":26,"key":"Bottled Flame"},{"floor":28,"key":"Enchiridion"},{"floor":29,"key":"Juzu Bracelet"},{"floor":40,"key":"Potion Belt"},{"floor":43,"key":"Mummified Hand"}],"event_choices":[{"damage_healed":0,"gold_gain":0,"player_choice":"2 cards matched","damage_taken":0,"max_hp_gain":0,"max_hp_loss":0,"event_name":"Match and Keep!","floor":2,"gold_loss":0,"cards_obtained":["Jack Of All Trades","Parasite"]},{"damage_healed":0,"gold_gain":0,"player_choice":"Entered Light","damage_taken":14,"max_hp_gain":0,"max_hp_loss":0,"event_name":"Shining Light","floor":11,"gold_loss":0,"cards_upgraded":["Strike_G","Strike_G"]},{"damage_healed":0,"gold_gain":0,"cards_transformed":["Strike_G"],"player_choice":"Transformed","damage_taken":0,"max_hp_gain":0,"max_hp_loss":0,"event_name":"Transmorgrifier","floor":12,"gold_loss":0,"cards_obtained":["Accuracy"]},{"damage_healed":0,"gold_gain":0,"player_choice":"Read","damage_taken":0,"max_hp_gain":0,"max_hp_loss":0,"event_name":"The Library","floor":19,"gold_loss":0,"cards_obtained":["Crippling Poison"]},{"damage_healed":0,"gold_gain":0,"player_choice":"Paid Fearfully","damage_taken":0,"max_hp_gain":0,"max_hp_loss":0,"event_name":"Masked Bandits","floor":22,"gold_loss":21},{"damage_healed":0,"gold_gain":0,"player_choice":"Shed Blood","damage_taken":19,"max_hp_gain":5,"max_hp_loss":0,"event_name":"Forgotten Altar","floor":27,"gold_loss":0},{"damage_healed":0,"gold_gain":0,"player_choice":"Obtained Book","damage_taken":16,"max_hp_gain":0,"max_hp_loss":0,"event_name":"Cursed Tome","floor":28,"gold_loss":0},{"damage_healed":0,"gold_gain":0,"player_choice":"Memory 1","damage_taken":0,"max_hp_gain":0,"max_hp_loss":0,"event_name":"SensoryStone","floor":36,"gold_loss":0},{"damage_healed":0,"gold_gain":300,"player_choice":"Gold","damage_taken":0,"max_hp_gain":0,"max_hp_loss":0,"event_name":"Wheel of Change","floor":39,"gold_loss":0},{"damage_healed":76,"gold_gain":0,"player_choice":"Heal","damage_taken":0,"max_hp_gain":0,"max_hp_loss":11,"event_name":"The Moai Head","floor":44,"gold_loss":0},{"damage_healed":0,"gold_gain":0,"player_choice":"Gave Potion","damage_taken":0,"relics_obtained":["Ancient Tea Set"],"max_hp_gain":0,"max_hp_loss":0,"event_name":"WeMeetAgain","floor":48,"gold_loss":0}],"is_beta":false,"boss_relics":[{"not_picked":["Velvet Choker","Cursed Key"],"picked":"Sozu"},{"not_picked":["Empty Cage","Calling Bell"],"picked":"Eternal Feather"}],"items_purged_floors":[21,37],"is_endless":false,"potions_floor_spawned":[7,13,14,16,20,31,38,40,41],"killed_by":"Time Eater","ascension_level":0}