{"path_per_floor":["M","M","M","$","?","R","$","R","T","M","$","M","E","?","R","B",null,"M","M","?","M"],"character_chosen":"DEFECT","items_purchased":["Self Repair","Capacitor"],"gold_per_floor":[111,122,134,134,134,134,54,54,81,94,21,36,71,71,71,199,199,187,201,126,141,141],"floor_reached":22,"campfire_rested":0,"playtime":1581,"item_purchase_floors":[7,11],"current_hp_per_floor":[67,67,64,64,47,47,47,47,47,50,50,51,44,37,37,35,68,55,58,58,35,0],"items_purged":[],"gold":141,"score":211,"play_id":"0d40bf37-c749-47d0-9275-a46689445e35","local_time":"20180601121852","is_prod":false,"is_daily":false,"chose_seed":false,"is_ascension_mode":false,"campfire_upgraded":3,"win_rate":0,"timestamp":1527823132,"campfire_choices":[{"data":"Dualcast","floor":6,"key":"SMITH"},{"data":"Zap","floor":8,"key":"SMITH"},{"data":"Consume","floor":15,"key":"SMITH"}],"path_taken":["M","M","?","$","?","R","$","R","T","?","$","M","E","?","R","BOSS","M","M","?","M","M"],"build_version":"2018-05-30v2","seed_source_timestamp":8008323670201,"purchased_purges":0,"victory":false,"master_deck":["Strike_B","Defend_B","Defend_B","Defend_B","Zap+1","Dualcast+1","White Noise","Streamline","Turbo","Self Repair","Redo","Self Repair","Consume+1","Capacitor","Self Repair","Redo","Electrodynamics","Self Repair","Static Discharge","Steam","Capacitor","Fission","Defragment+1","Steam","Loop"],"max_hp_per_floor":[68,68,68,68,68,68,68,68,68,68,68,68,68,68,68,68,68,68,68,68,68,68],"relics":["Cracked Core","Golden Idol","Vajra","Ginger","Orrery"],"card_choices":[{"not_picked":["Sweeping Beam","Rip and Tear"],"picked":"Turbo","floor":1},{"not_picked":["Fusion","Go for the Eyes"],"picked":"Self Repair","floor":2},{"not_picked":["Conserve Battery","Barrage"],"picked":"Redo","floor":3},{"not_picked":["Static Discharge","Conserve Battery"],"picked":"Consume","floor":10},{"not_picked":["Steam","Redo"],"picked":"Self Repair","floor":12},{"not_picked":["Undo","Aggregate"],"picked":"Redo","floor":13},{"not_picked":["Amplify","Rainbow"],"picked":"Electrodynamics","floor":16},{"not_picked":["Darkness","Rebound"],"picked":"Self Repair","floor":17},{"not_picked":["Stack","Go for the Eyes"],"picked":"Static Discharge","floor":17},{"not_picked":["Blizzard","Stack"],"picked":"Steam","floor":17},{"not_picked":["Stack","Gash"],"picked":"Capacitor","floor":17},{"not_picked":["Chill","Skim"],"picked":"Fission","floor":17},{"not_picked":["Gash","Sweeping Beam"],"picked":"Defragment+1","floor":18},{"not_picked":["Stack","Coolheaded"],"picked":"Steam","floor":19},{"not_picked":["Gash+1","Double Energy"],"picked":"Loop","floor":21}],"player_experience":222631,"potions_floor_usage":[13,16,21],"damage_taken":[{"damage":1,"enemies":"Cultist","floor":1,"turns":3},{"damage":0,"enemies":"2 Louse","floor":2,"turns":2},{"damage":10,"enemies":"Small Slimes","floor":3,"turns":3},{"damage":11,"enemies":"Blue Slaver","floor":10,"turns":4},{"damage":13,"enemies":"Large Slime","floor":12,"turns":4},{"damage":28,"enemies":"3 Sentries","floor":13,"turns":7},{"damage":23,"enemies":"The Guardian","floor":16,"turns":8},{"damage":34,"enemies":"2 Thieves","floor":18,"turns":4},{"damage":25,"enemies":"Spheric Guardian","floor":19,"turns":4},{"damage":63,"enemies":"Snecko","floor":21,"turns":8},{"damage":35,"enemies":"Chosen and Byrds","floor":22,"turns":3}],"relics_obtained":[{"floor":9,"key":"Vajra"},{"floor":13,"key":"Ginger"}],"event_choices":[{"event_name":"Golden Idol","player_choice":"Take Damage","floor":5,"damage_taken":0},{"event_name":"Golden Wing","player_choice":"Card Removal","floor":14,"damage_taken":0},{"event_name":"Beggar","player_choice":"Gave Gold","floor":20,"damage_taken":0}],"boss_relics":[{"not_picked":["White Beast Statue","Runic Dome"],"picked":"Orrery"}],"items_purged_floors":[],"potions_floor_spawned":[2,3,13,19],"seed_played":"-14400916657492164","killed_by":"Chosen and Byrds","ascension_level":0,"potions_obtained":[{"floor":2,"key":"Weak Potion"},{"floor":3,"key":"FocusPotion"},{"floor":13,"key":"Regen Potion"},{"floor":19,"key":"Ancient Potion"}],"is_trial":false}