{"gold_per_floor":[163,163,69,69,82,82,114,114,141,155,184,184,184,200,200,296,296,319,333,333,29,43,43,57,57,57,82,94,126,138,184,196,307,319,350,146,169,182,57,57,57],"floor_reached":41,"playtime":2593,"items_purged":["Writhe","Endless Agony","Parasite"],"score":942,"play_id":"f0944188-c176-4e54-9086-b3acfad4aa4a","local_time":"20190209175454","is_ascension_mode":true,"campfire_choices":[{"data":"Poisoned Stab","floor":6,"key":"SMITH"},{"data":"Leg Sweep","floor":8,"key":"SMITH"},{"data":"Deadly Poison","floor":12,"key":"SMITH"},{"data":"Survivor","floor":15,"key":"SMITH"},{"data":"Glass Knife","floor":23,"key":"SMITH"},{"floor":25,"key":"REST"},{"floor":28,"key":"REST"},{"floor":30,"key":"REST"},{"floor":32,"key":"REST"},{"data":"Catalyst","floor":40,"key":"SMITH"}],"neow_cost":"NONE","seed_source_timestamp":130956266105200,"circlet_count":0,"master_deck":["AscendersBane","Defend_G+1","Defend_G+1","Defend_G","Defend_G","Defend_G","Strike_G","Strike_G","Strike_G","Strike_G","Strike_G","Survivor+1","Neutralize+1","Leg Sweep+1","Masterful Stab","Poisoned Stab+1","PiercingWail","Cloak And Dagger","Deadly Poison+1","Glass Knife+1","Backflip","Footwork+1","Deflect","Terror","Cloak And Dagger","All Out Attack+1","Backflip","Skewer+1","PiercingWail","Cloak And Dagger","Caltrops+1","Corpse Explosion","Backflip+1","Backflip","Predator","Catalyst+1","Burst"],"relics":["Tiny House","Frozen Egg 2","Pen Nib","Mummified Hand","Golden Idol","Orrery","Snake Skull","ClockworkSouvenir","MawBank","FossilizedHelix","Snecko Eye"],"potions_floor_usage":[7,7,11,18,33,33,41,41],"damage_taken":[{"damage":2,"enemies":"Jaw Worm","floor":1,"turns":4},{"damage":0,"enemies":"Small Slimes","floor":5,"turns":2},{"damage":0,"enemies":"Lagavulin","floor":7,"turns":4},{"damage":0,"enemies":"2 Louse","floor":10,"turns":3},{"damage":12,"enemies":"Gremlin Nob","floor":11,"turns":4},{"damage":0,"enemies":"Blue Slaver","floor":14,"turns":3},{"damage":1,"enemies":"The Guardian","floor":16,"turns":11},{"damage":8,"enemies":"Spheric Guardian","floor":18,"turns":11},{"damage":4,"enemies":"Chosen","floor":19,"turns":5},{"damage":11,"enemies":"3 Cultists","floor":22,"turns":7},{"damage":8,"enemies":"Sentry and Sphere","floor":24,"turns":7},{"damage":18,"enemies":"Chosen and Byrds","floor":27,"turns":6},{"damage":1,"enemies":"Snecko","floor":29,"turns":5},{"damage":37,"enemies":"Book of Stabbing","floor":31,"turns":6},{"damage":42,"enemies":"Collector","floor":33,"turns":18},{"damage":8,"enemies":"Orb Walker","floor":35,"turns":5},{"damage":0,"enemies":"3 Darklings","floor":37,"turns":7},{"damage":5,"enemies":"Writhing Mass","floor":38,"turns":8},{"damage":46,"enemies":"Reptomancer","floor":41,"turns":3}],"seed_played":"2578717343543210910","potions_obtained":[{"floor":0,"key":"FairyPotion"},{"floor":5,"key":"FearPotion"},{"floor":10,"key":"GamblersBrew"},{"floor":11,"key":"SkillPotion"},{"floor":16,"key":"SpeedPotion"},{"floor":24,"key":"Dexterity Potion"},{"floor":33,"key":"Block Potion"},{"floor":35,"key":"SpeedPotion"}],"is_trial":false,"path_per_floor":["M","?","$","?","M","R","E","R","T","M","E","R","?","M","R","B",null,"M","M","?","$","M","R","M","R","T","M","R","M","R","E","R","B",null,"M","$","M","M","$","R","E"],"character_chosen":"THE_SILENT","items_purchased":["Masterful Stab","SteroidPotion","ClockworkSouvenir","Backflip","Predator"],"campfire_rested":4,"item_purchase_floors":[3,3,21,36,36],"current_hp_per_floor":[62,67,67,44,44,44,44,44,44,44,32,32,32,32,32,31,60,52,48,48,48,37,37,29,49,49,31,51,50,69,32,52,10,54,46,46,46,41,41,41,0],"gold":57,"neow_bonus":"BOSS_RELIC","is_prod":false,"is_daily":false,"chose_seed":false,"campfire_upgraded":6,"win_rate":0,"timestamp":1549752894,"path_taken":["M","?","$","?","M","R","E","R","T","M","E","R","?","?","R","BOSS","M","M","?","$","M","R","M","R","T","M","R","M","R","E","R","BOSS","M","$","M","M","$","R","E"],"build_version":"2019-01-23","purchased_purges":3,"victory":false,"max_hp_per_floor":[71,76,76,76,76,76,76,76,76,76,76,76,69,69,69,69,69,69,69,69,69,69,69,69,69,69,69,69,69,69,69,69,69,69,69,69,69,69,66,66,66],"card_choices":[{"not_picked":["Prepared","Outmaneuver"],"picked":"Endless Agony","floor":0},{"not_picked":["Backflip","Endless Agony"],"picked":"Leg Sweep","floor":1},{"not_picked":["Distraction","Escape Plan"],"picked":"Poisoned Stab","floor":5},{"not_picked":["Flying Knee","Prepared"],"picked":"PiercingWail","floor":7},{"not_picked":["PiercingWail","Dagger Throw"],"picked":"Cloak And Dagger","floor":10},{"not_picked":["Escape Plan","Outmaneuver"],"picked":"Deadly Poison","floor":11},{"not_picked":["Accuracy+1","Prepared","Blade Dance"],"picked":"SKIP","floor":14},{"not_picked":["Grand Finale","Burst"],"picked":"Glass Knife","floor":16},{"not_picked":["Deflect","Flechettes"],"picked":"Backflip","floor":17},{"not_picked":["Well Laid Plans+1","Poisoned Stab"],"picked":"Footwork+1","floor":17},{"not_picked":["Finisher","Outmaneuver"],"picked":"Deflect","floor":17},{"not_picked":["Riddle With Holes","Prepared"],"picked":"Terror","floor":17},{"not_picked":["Deadly Poison","Crippling Poison"],"picked":"Cloak And Dagger","floor":18},{"not_picked":["Underhanded Strike","Distraction+1"],"picked":"All Out Attack+1","floor":19},{"not_picked":["Prepared","Bouncing Flask"],"picked":"Backflip","floor":22},{"not_picked":["Dagger Spray","Acrobatics+1"],"picked":"Skewer+1","floor":24},{"not_picked":["Skewer","Blade Dance"],"picked":"PiercingWail","floor":27},{"not_picked":["Storm of Steel","Acrobatics"],"picked":"Cloak And Dagger","floor":29},{"not_picked":["PiercingWail","Heel Hook"],"picked":"Caltrops+1","floor":31},{"not_picked":["Unload","Venomology"],"picked":"Corpse Explosion","floor":33},{"not_picked":["Cloak And Dagger+1","Quick Slash"],"picked":"Backflip+1","floor":35},{"not_picked":["Quick Slash","Riddle With Holes"],"picked":"Catalyst","floor":37},{"not_picked":["Backflip","Prepared+1"],"picked":"Burst","floor":38}],"player_experience":2054635,"relics_obtained":[{"floor":7,"key":"Frozen Egg 2"},{"floor":9,"key":"Pen Nib"},{"floor":11,"key":"Mummified Hand"},{"floor":26,"key":"MawBank"},{"floor":31,"key":"FossilizedHelix"}],"event_choices":[{"damage_healed":0,"gold_gain":0,"player_choice":"Donut","damage_taken":0,"max_hp_gain":5,"max_hp_loss":0,"event_name":"Big Fish","floor":2,"gold_loss":0},{"damage_healed":0,"gold_gain":0,"player_choice":"Entered Light","damage_taken":23,"max_hp_gain":0,"max_hp_loss":0,"event_name":"Shining Light","floor":4,"gold_loss":0,"cards_upgraded":["Defend_G","Defend_G"]},{"damage_healed":0,"gold_gain":0,"player_choice":"Lose Max HP","damage_taken":0,"relics_obtained":["Golden Idol"],"max_hp_gain":0,"max_hp_loss":7,"event_name":"Golden Idol","floor":13,"gold_loss":0},{"damage_healed":0,"gold_gain":0,"player_choice":"Opened","damage_taken":0,"relics_obtained":["Snake Skull"],"max_hp_gain":0,"max_hp_loss":0,"event_name":"The Mausoleum","floor":20,"gold_loss":0,"cards_obtained":["Writhe"]}],"is_beta":true,"boss_relics":[{"not_picked":["Runic Dome","Pandora\u0027s Box"],"picked":"Orrery"},{"not_picked":["Astrolabe","Eternal Feather"],"picked":"Snecko Eye"}],"items_purged_floors":[21,36,39],"is_endless":false,"potions_floor_spawned":[5,10,11,16,24,29,33,35],"killed_by":"Reptomancer","ascension_level":20}