{"gold_per_floor":[99,99,5,5,5,5,5,5,5,5,5,5,0,0,0,0,0,0,0,0,0,0,0,0,0],"floor_reached":25,"playtime":1194,"items_purged":[],"score":542,"play_id":"4d1bd6e3-00df-4300-9289-4d021b670791","local_time":"20190207185847","is_ascension_mode":true,"campfire_choices":[{"floor":7,"key":"REST"},{"data":"Noxious Fumes","floor":11,"key":"SMITH"},{"data":"Dagger Spray","floor":15,"key":"SMITH"},{"data":"Malaise","floor":23,"key":"SMITH"}],"neow_cost":"NONE","seed_source_timestamp":49271290665400,"circlet_count":0,"master_deck":["AscendersBane","Defend_G","Defend_G","Defend_G","Defend_G","Defend_G","Strike_G+1","Strike_G+1","Strike_G","Strike_G","Strike_G","Survivor","Neutralize+1","Bouncing Flask","Noxious Fumes+1","Predator","Quick Slash+1","Dagger Spray+1","PiercingWail","Expertise","Well Laid Plans","Malaise+1","Dash","Calculated Gamble","Bane+1","Cloak And Dagger"],"relics":["Ectoplasm","Gambling Chip","Tough Bandages","Sundial","Anchor","Tiny House","Whetstone","Enchiridion"],"potions_floor_usage":[10,16,16,25],"damage_taken":[{"damage":14,"enemies":"Jaw Worm","floor":1,"turns":4},{"damage":4,"enemies":"Small Slimes","floor":4,"turns":3},{"damage":0,"enemies":"Cultist","floor":5,"turns":3},{"damage":17,"enemies":"Lagavulin","floor":6,"turns":5},{"damage":8,"enemies":"Exordium Thugs","floor":8,"turns":5},{"damage":0,"enemies":"3 Sentries","floor":10,"turns":4},{"damage":0,"enemies":"Looter","floor":13,"turns":2},{"damage":0,"enemies":"Gremlin Nob","floor":14,"turns":3},{"damage":30,"enemies":"Slime Boss","floor":16,"turns":9},{"damage":6,"enemies":"Shell Parasite","floor":18,"turns":5},{"damage":0,"enemies":"Spheric Guardian","floor":20,"turns":4},{"damage":0,"enemies":"Snake Plant","floor":21,"turns":3},{"damage":36,"enemies":"Book of Stabbing","floor":25,"turns":5}],"seed_played":"-2253441464624565566","potions_obtained":[{"floor":1,"key":"Fire Potion"},{"floor":10,"key":"Regen Potion"},{"floor":17,"key":"SkillPotion"},{"floor":20,"key":"Ancient Potion"}],"is_trial":false,"path_per_floor":["M","?","$","M","M","E","R","M","T","E","R","?","M","E","R","B",null,"M","?","M","M","T","R","?","E"],"character_chosen":"THE_SILENT","items_purchased":["Noxious Fumes","Fire Potion"],"campfire_rested":1,"item_purchase_floors":[3,3],"current_hp_per_floor":[45,45,45,41,41,24,43,35,35,35,35,35,35,35,35,20,60,54,54,54,54,54,54,33,0],"gold":0,"neow_bonus":"BOSS_RELIC","is_prod":false,"is_daily":false,"chose_seed":false,"campfire_upgraded":3,"win_rate":0,"timestamp":1549583927,"path_taken":["M","?","$","M","M","E","R","M","T","E","R","?","M","E","R","BOSS","M","?","?","M","?","R","?","E"],"build_version":"2019-01-23","purchased_purges":0,"victory":false,"max_hp_per_floor":[66,66,66,66,66,66,66,66,66,66,66,66,66,66,66,66,71,71,71,71,71,71,71,71,71],"card_choices":[{"not_picked":["Sucker Punch","Masterful Stab"],"picked":"Bouncing Flask","floor":1},{"not_picked":["Deadly Poison","Infinite Blades"],"picked":"Predator","floor":4},{"not_picked":["Endless Agony","Blade Dance"],"picked":"Quick Slash","floor":5},{"not_picked":["Distraction","Slice"],"picked":"Dagger Spray","floor":6},{"not_picked":["Heel Hook","Caltrops"],"picked":"PiercingWail","floor":8},{"not_picked":["Underhanded Strike","Poisoned Stab"],"picked":"Expertise","floor":10},{"not_picked":["Flechettes","Endless Agony"],"picked":"Well Laid Plans","floor":13},{"not_picked":["Outmaneuver","Finisher","Deadly Poison"],"picked":"SKIP","floor":14},{"not_picked":["Glass Knife","After Image"],"picked":"Malaise","floor":16},{"not_picked":["Blade Dance","PiercingWail"],"picked":"Dash","floor":17},{"not_picked":["Reflex","Prepared"],"picked":"Calculated Gamble","floor":18},{"not_picked":["All Out Attack","Prepared"],"picked":"Bane+1","floor":20},{"not_picked":["Prepared","Bane"],"picked":"Cloak And Dagger","floor":21}],"player_experience":2040785,"relics_obtained":[{"floor":6,"key":"Gambling Chip"},{"floor":9,"key":"Tough Bandages"},{"floor":10,"key":"Sundial"},{"floor":14,"key":"Anchor"},{"floor":22,"key":"Whetstone"},{"floor":24,"key":"Enchiridion"}],"event_choices":[{"damage_healed":0,"gold_gain":0,"player_choice":"Ignored","damage_taken":0,"max_hp_gain":0,"max_hp_loss":0,"event_name":"Golden Idol","floor":2,"gold_loss":0},{"damage_healed":0,"gold_gain":0,"player_choice":"Grow","damage_taken":0,"max_hp_gain":0,"max_hp_loss":0,"event_name":"Living Wall","floor":12,"gold_loss":0,"cards_upgraded":["Neutralize"]},{"damage_healed":0,"gold_gain":0,"player_choice":"Leave","damage_taken":0,"max_hp_gain":0,"max_hp_loss":0,"event_name":"FaceTrader","floor":19,"gold_loss":0},{"damage_healed":0,"gold_gain":0,"player_choice":"Obtained Book","damage_taken":21,"max_hp_gain":0,"max_hp_loss":0,"event_name":"Cursed Tome","floor":24,"gold_loss":0}],"is_beta":true,"boss_relics":[{"not_picked":["Calling Bell","Pandora\u0027s Box"],"picked":"Tiny House"}],"items_purged_floors":[],"is_endless":false,"potions_floor_spawned":[1,8,10,13,20,21],"killed_by":"Book of Stabbing","ascension_level":20}