{"gold_per_floor":[110,110,126,146,163,175,175,29,29,29,58,58,73,103,103,180,180,198,218,143,143,156,188,188,188,260,291,291,10,10,10,10,86,86,103,103,103],"floor_reached":38,"playtime":2230,"items_purged":["Strike_R"],"score":1119,"play_id":"31445629-a71d-4ae7-9f05-e0f9ef404e1d","local_time":"20190127225509","is_ascension_mode":true,"campfire_choices":[{"data":"Wild Strike","floor":7.0,"key":"SMITH"},{"data":"Uppercut","floor":10.0,"key":"SMITH"},{"data":"Barricade","floor":15.0,"key":"SMITH"},{"floor":24.0,"key":"REST"},{"floor":30.0,"key":"REST"},{"floor":32.0,"key":"REST"}],"neow_cost":"NONE","seed_source_timestamp":1623119061499482,"circlet_count":0,"master_deck":["AscendersBane","Strike_R+1","Strike_R+1","Strike_R+1","Strike_R+1","Defend_R+1","Defend_R+1","Defend_R+1","Defend_R+1","Bash+1","Shrug It Off","Clash","Spot Weakness","Offering","Wild Strike+1","Uppercut+1","Battle Trance","Cleave","Pommel Strike","Barricade+1","Feed","Body Slam","Evolve+1","Juggernaut","True Grit"],"special_seed":0,"relics":["Burning Blood","Gremlin Horn","Pen Nib","Thread and Needle","Busted Crown","Paper Frog","Matryoshka","Ornamental Fan","Kunai","Sozu"],"potions_floor_usage":[],"damage_taken":[{"damage":0.0,"enemies":"2 Louse","floor":1.0,"turns":3.0},{"damage":3.0,"enemies":"Cultist","floor":3.0,"turns":4.0},{"damage":4.0,"enemies":"Jaw Worm","floor":4.0,"turns":4.0},{"damage":9.0,"enemies":"2 Fungi Beasts","floor":5.0,"turns":3.0},{"damage":8.0,"enemies":"3 Louse","floor":6.0,"turns":4.0},{"damage":13.0,"enemies":"3 Sentries","floor":11.0,"turns":6.0},{"damage":4.0,"enemies":"Blue Slaver","floor":13.0,"turns":2.0},{"damage":13.0,"enemies":"Gremlin Nob","floor":14.0,"turns":3.0},{"damage":27.0,"enemies":"The Guardian","floor":16.0,"turns":11.0},{"damage":2.0,"enemies":"Spheric Guardian","floor":18.0,"turns":3.0},{"damage":21.0,"enemies":"2 Thieves","floor":19.0,"turns":4.0},{"damage":16.0,"enemies":"Centurion and Healer","floor":22.0,"turns":5.0},{"damage":17.0,"enemies":"Book of Stabbing","floor":23.0,"turns":5.0},{"damage":37.0,"enemies":"Slavers","floor":27.0,"turns":4.0},{"damage":67.0,"enemies":"Collector","floor":33.0,"turns":8.0},{"damage":3.0,"enemies":"Orb Walker","floor":35.0,"turns":4.0},{"damage":45,"enemies":"Awakened One","floor":37,"turns":12}],"seed_played":"-7856911264807587845","potions_obtained":[{"floor":1.0,"key":"Explosive Potion"},{"floor":3.0,"key":"BloodPotion"},{"floor":6.0,"key":"SkillPotion"},{"floor":27.0,"key":"PowerPotion"},{"floor":33.0,"key":"Block Potion"}],"is_trial":false,"path_per_floor":["M","?","M","M","M","M","R","$","T","R","E","$","M","E","R","B",null,"M","M","$","?","M","E","R","?","T","E","?","$","R","?","R","B",null,"M","?","B",null],"character_chosen":"IRONCLAD","items_purchased":["Uppercut","Battle Trance","Kunai","True Grit"],"campfire_rested":3,"item_purchase_floors":[8,8,29,29],"current_hp_per_floor":[74,74,75,75,72,70,70,70,70,70,70,70,72,65,65,44,67,71,59,59,59,52,41,65,65,65,37,21,21,47,47,73,12,70,73,73,34],"gold":103,"neow_bonus":"THREE_CARDS","is_prod":false,"is_daily":false,"chose_seed":false,"campfire_upgraded":3,"win_rate":0,"timestamp":1548647709,"path_taken":["M","?","?","M","M","M","R","?","T","R","E","?","M","E","R","BOSS","M","M","$","?","M","E","R","?","T","E","?","?","R","?","R","BOSS","M","?","BOSS"],"build_version":"2019-01-23","purchased_purges":1,"victory":true,"max_hp_per_floor":[75,75,75,75,75,75,75,75,75,75,75,75,75,75,75,75,75,75,78,78,78,81,81,81,81,81,84,89,89,89,89,89,89,89,89,89,89],"card_choices":[{"not_picked":["Havoc","Sword Boomerang"],"picked":"Shrug It Off","floor":0.0},{"not_picked":["Rupture","Infernal Blade","Thunderclap"],"picked":"SKIP","floor":1.0},{"not_picked":["Sword Boomerang","Sever Soul"],"picked":"Clash","floor":3.0},{"not_picked":["Flex","Clash"],"picked":"Spot Weakness","floor":4.0},{"not_picked":["Twin Strike","Feel No Pain"],"picked":"Offering","floor":5.0},{"not_picked":["Armaments","Rampage"],"picked":"Wild Strike","floor":6.0},{"not_picked":["Entrench","Flex"],"picked":"Cleave","floor":11.0},{"not_picked":["True Grit","Flex"],"picked":"Pommel Strike","floor":13.0},{"not_picked":["Cleave","Wild Strike"],"picked":"Barricade","floor":14.0},{"not_picked":["Brutality","Limit Break"],"picked":"Feed","floor":16.0},{"not_picked":[],"picked":"Body Slam","floor":18.0},{"not_picked":[],"picked":"Evolve+1","floor":19.0},{"not_picked":["Iron Wave"],"picked":"SKIP","floor":22.0},{"not_picked":["Havoc"],"picked":"SKIP","floor":23.0},{"not_picked":["Intimidate"],"picked":"SKIP","floor":27.0},{"not_picked":["Clash+1"],"picked":"SKIP","floor":35.0}],"player_experience":405904,"relics_obtained":[{"floor":9.0,"key":"Gremlin Horn"},{"floor":11.0,"key":"Pen Nib"},{"floor":14.0,"key":"Thread and Needle"},{"floor":23.0,"key":"Paper Frog"},{"floor":26.0,"key":"Matryoshka"},{"floor":27.0,"key":"Ornamental Fan"}],"event_choices":[{"damage_healed":0.0,"max_hp_gain":0.0,"max_hp_loss":0.0,"gold_gain":0.0,"event_name":"Upgrade Shrine","player_choice":"Upgraded","floor":2.0,"gold_loss":0.0,"damage_taken":0.0,"cards_upgraded":["Bash"]},{"damage_healed":0.0,"max_hp_gain":0.0,"max_hp_loss":0.0,"gold_gain":0.0,"event_name":"Back to Basics","player_choice":"Simplicity","floor":21.0,"gold_loss":0.0,"damage_taken":0.0,"cards_upgraded":["Strike_R","Strike_R","Strike_R","Strike_R","Defend_R","Defend_R","Defend_R","Defend_R"]},{"damage_healed":0.0,"max_hp_gain":0.0,"max_hp_loss":0.0,"gold_gain":0.0,"event_name":"The Library","player_choice":"Read","floor":25.0,"gold_loss":0.0,"damage_taken":0.0,"cards_obtained":["Juggernaut"]},{"damage_healed":0.0,"max_hp_gain":5.0,"max_hp_loss":0.0,"gold_gain":0.0,"event_name":"Forgotten Altar","player_choice":"Shed Blood","floor":28.0,"gold_loss":0.0,"damage_taken":21.0},{"damage_healed":0.0,"max_hp_gain":0.0,"max_hp_loss":0.0,"gold_gain":0.0,"event_name":"Vampires","player_choice":"Ignored","floor":31.0,"gold_loss":0.0,"damage_taken":0.0},{"damage_healed":0.0,"max_hp_gain":0.0,"max_hp_loss":0.0,"gold_gain":0.0,"event_name":"SecretPortal","player_choice":"Took Portal","floor":36.0,"gold_loss":0.0,"damage_taken":0.0}],"is_beta":false,"boss_relics":[{"not_picked":["Empty Cage","Runic Pyramid"],"picked":"Busted Crown"},{"not_picked":["Philosopher\u0027s Stone","Lizard Tail"],"picked":"Sozu"}],"items_purged_floors":[20],"is_endless":false,"potions_floor_spawned":[1,3,6,27,33],"ascension_level":14}