{"gold_per_floor":[209,221,78,90,109,109,140,140,165,180,76,76,94,106,106,202,202,214,227,104,104,121,121,138,138,208,208,208,221,253,253,253,348,348,368,368,368,67,87,87,100,120,143,143,45,58,73,85,85,85],"floor_reached":50,"playtime":3745,"items_purged":[],"score":468,"play_id":"bfa41806-8a80-4396-8b50-19a94aaeb831","local_time":"20190204185459","is_ascension_mode":false,"campfire_choices":[{"data":"Shrug It Off","floor":6,"key":"SMITH"},{"data":"Cleave","floor":8,"key":"SMITH"},{"data":"Demon Form","floor":15,"key":"SMITH"},{"floor":23,"key":"REST"},{"floor":25,"key":"REST"},{"data":"Double Tap","floor":27,"key":"SMITH"},{"floor":32,"key":"REST"},{"floor":40,"key":"RECALL"},{"floor":44,"key":"REST"},{"floor":49,"key":"REST"}],"neow_cost":"NONE","seed_source_timestamp":381442007802440,"circlet_count":0,"master_deck":["Strike_R","Strike_R","Strike_R","Strike_R","Defend_R","Defend_R","Defend_R","Defend_R","Bash","Shrug It Off+1","Rampage","Cleave+1","Anger","Dropkick","Uppercut","Dual Wield","Warcry+1","Demon Form+1","Iron Wave","Double Tap+1","RitualDagger","Shrug It Off","Headbutt+1","Barricade","Clothesline+1","Enlightenment","True Grit","Iron Wave+1","Shrug It Off+1","Parasite","Pummel+1"],"relics":["Burning Blood","Dream Catcher","Snecko Eye","Letter Opener","Oddly Smooth Stone","HandDrill","Bag of Preparation"],"potions_floor_usage":[4,7,7,16,16,16,22,30,30,35,41,41,48],"damage_taken":[{"damage":6,"enemies":"Jaw Worm","floor":1,"turns":5},{"damage":2,"enemies":"Cultist","floor":2,"turns":4},{"damage":2,"enemies":"2 Louse","floor":4,"turns":3},{"damage":22,"enemies":"Exordium Thugs","floor":5,"turns":4},{"damage":2,"enemies":"Gremlin Nob","floor":7,"turns":3},{"damage":5,"enemies":"Gremlin Gang","floor":10,"turns":4},{"damage":3,"enemies":"Blue Slaver","floor":13,"turns":3},{"damage":0,"enemies":"3 Louse","floor":14,"turns":2},{"damage":41,"enemies":"Hexaghost","floor":16,"turns":8},{"damage":5,"enemies":"Chosen","floor":18,"turns":5},{"damage":20,"enemies":"Shell Parasite","floor":19,"turns":6},{"damage":16,"enemies":"Snake Plant","floor":22,"turns":4},{"damage":32,"enemies":"Shelled Parasite and Fungi","floor":24,"turns":7},{"damage":14,"enemies":"Centurion and Healer","floor":29,"turns":4},{"damage":7,"enemies":"Gremlin Leader","floor":30,"turns":7},{"damage":41,"enemies":"Champ","floor":33,"turns":6},{"damage":11,"enemies":"Orb Walker","floor":35,"turns":2},{"damage":5,"enemies":"3 Shapes","floor":39,"turns":6},{"damage":13,"enemies":"Sphere and 2 Shapes","floor":41,"turns":7},{"damage":33,"enemies":"3 Darklings","floor":42,"turns":7},{"damage":0,"enemies":"Writhing Mass","floor":46,"turns":5},{"damage":4,"enemies":"Spire Growth","floor":47,"turns":5},{"damage":31,"enemies":"Transient","floor":48,"turns":5},{"damage":78,"enemies":"Awakened One","floor":50,"turns":6}],"seed_played":"-5810789048306447738","potions_obtained":[{"floor":5,"key":"Energy Potion"},{"floor":7,"key":"Strength Potion"},{"floor":16,"key":"SkillPotion"},{"floor":22,"key":"Dexterity Potion"},{"floor":30,"key":"SpeedPotion"},{"floor":33,"key":"Energy Potion"},{"floor":41,"key":"Ancient Potion"}],"is_trial":false,"path_per_floor":["M","M","$","M","M","R","E","R","T","M","$","?","M","M","R","B",null,"M","M","$","?","M","R","M","R","T","R","$","M","E","?","R","B",null,"M","?","?","$","M","R","M","M","T","R","$","M","M","M","R","B"],"character_chosen":"IRONCLAD","items_purchased":["Cleave","EntropicBrew","Block Potion","Warcry","PowerPotion","GamblersBrew","HandDrill","SkillPotion","Fire Potion","Block Potion","Explosive Potion"],"campfire_rested":5,"item_purchase_floors":[3,3,11,11,20,20,38,38,38,45,45],"current_hp_per_floor":[80,80,80,80,64,64,68,68,68,69,69,69,72,78,78,43,80,80,66,66,60,50,74,48,72,72,72,72,64,63,63,80,45,80,75,75,75,75,76,76,69,42,42,66,66,72,74,49,73,0],"gold":85,"neow_bonus":"HUNDRED_GOLD","is_prod":false,"is_daily":false,"chose_seed":false,"campfire_upgraded":4,"win_rate":0,"timestamp":1549324499,"path_taken":["M","M","$","M","M","R","E","R","T","M","$","?","M","M","R","BOSS","M","M","$","?","M","R","M","R","T","R","$","M","E","?","R","BOSS","M","?","?","$","M","R","M","?","T","R","$","?","M","M","R","BOSS"],"build_version":"2019-01-23","purchased_purges":0,"victory":false,"max_hp_per_floor":[80,80,80,80,80,80,80,80,80,80,80,80,80,80,80,80,80,80,80,80,80,80,80,80,80,80,80,80,80,80,80,80,80,80,80,80,80,80,80,80,80,80,80,80,80,80,80,80,80,80],"card_choices":[{"not_picked":["Havoc","Twin Strike"],"picked":"Shrug It Off","floor":1},{"not_picked":["Shockwave","True Grit"],"picked":"Rampage","floor":2},{"not_picked":["Power Through","Warcry"],"picked":"Anger","floor":4},{"not_picked":["Fire Breathing","Shockwave"],"picked":"Dropkick","floor":5},{"not_picked":["Berserk","Shrug It Off"],"picked":"Uppercut","floor":7},{"not_picked":["Cleave","Second Wind"],"picked":"Dual Wield","floor":10},{"not_picked":["Armaments","Body Slam"],"picked":"Demon Form","floor":13},{"not_picked":["Bloodletting","Cleave"],"picked":"Iron Wave","floor":14},{"not_picked":["Dark Embrace","Bludgeon"],"picked":"Double Tap","floor":16},{"not_picked":["Sword Boomerang","Thunderclap","Flex"],"picked":"SKIP","floor":18},{"not_picked":["Shockwave","Sever Soul","Flex"],"picked":"SKIP","floor":19},{"not_picked":["Thunderclap","Searing Blow+1","Dual Wield"],"picked":"SKIP","floor":22},{"not_picked":["Anger","Feel No Pain"],"picked":"Shrug It Off","floor":23},{"not_picked":["Shockwave+1","Cleave+1","Thunderclap"],"picked":"SKIP","floor":24},{"not_picked":["Dark Embrace","Bloodletting+1"],"picked":"Headbutt+1","floor":25},{"not_picked":["Intimidate","Cleave","True Grit"],"picked":"SKIP","floor":29},{"not_picked":["Double Tap","True Grit","Thunderclap"],"picked":"SKIP","floor":30},{"not_picked":["Double Tap","Berserk"],"picked":"Barricade","floor":33},{"not_picked":["Inflame","Havoc+1"],"picked":"Clothesline+1","floor":35},{"not_picked":["Blind","PanicButton"],"picked":"Enlightenment","floor":36},{"not_picked":["Perfected Strike","Twin Strike+1"],"picked":"Iron Wave+1","floor":39},{"not_picked":["Headbutt+1","Thunderclap","Iron Wave+1"],"picked":"SKIP","floor":41},{"not_picked":["Body Slam","Iron Wave+1"],"picked":"Shrug It Off+1","floor":42},{"not_picked":["Feel No Pain","Offering","Thunderclap"],"picked":"SKIP","floor":46},{"not_picked":["Clash","Dual Wield+1","True Grit"],"picked":"SKIP","floor":47},{"not_picked":["Spot Weakness","Thunderclap","Anger"],"picked":"SKIP","floor":48},{"not_picked":["Headbutt+1","Dropkick"],"picked":"Pummel+1","floor":49}],"player_experience":143883,"relics_obtained":[{"floor":7,"key":"Dream Catcher"},{"floor":26,"key":"Letter Opener"},{"floor":30,"key":"Oddly Smooth Stone"},{"floor":43,"key":"Bag of Preparation"}],"event_choices":[{"damage_healed":0,"gold_gain":0,"player_choice":"Upgraded","damage_taken":0,"max_hp_gain":0,"max_hp_loss":0,"event_name":"Upgrade Shrine","floor":12,"gold_loss":0,"cards_upgraded":["Warcry"]},{"damage_healed":0,"gold_gain":0,"player_choice":"Joined the Cult","damage_taken":6,"max_hp_gain":0,"max_hp_loss":0,"event_name":"Nest","floor":21,"gold_loss":0,"cards_obtained":["RitualDagger"]},{"damage_healed":0,"gold_gain":0,"player_choice":"Ignored","damage_taken":0,"max_hp_gain":0,"max_hp_loss":0,"event_name":"Vampires","floor":31,"gold_loss":0},{"damage_healed":0,"gold_gain":0,"player_choice":"Memory 1","damage_taken":0,"max_hp_gain":0,"max_hp_loss":0,"event_name":"SensoryStone","floor":36,"gold_loss":0},{"damage_healed":0,"gold_gain":0,"cards_transformed":["Strike_R"],"player_choice":"Transformed","damage_taken":0,"max_hp_gain":0,"max_hp_loss":0,"event_name":"Transmorgrifier","floor":37,"gold_loss":0,"cards_obtained":["True Grit"]}],"is_beta":false,"boss_relics":[{"not_picked":["Cursed Key","Calling Bell"],"picked":"Snecko Eye"},{"not_picked":["Runic Dome","Empty Cage","Coffee Dripper"]}],"items_purged_floors":[],"is_endless":false,"potions_floor_spawned":[5,7,16,22,30,33,41,47],"killed_by":"Awakened One","ascension_level":0}