{"path_per_floor":["M","M","M","?","M","E","$","E","T","?","E","?","R","M","R","B",null,"M","?","?","M","?"],"character_chosen":"IRONCLAD","items_purchased":[],"gold_per_floor":[116,130,149,149,169,198,123,158,235,185,219,219,219,234,234,339,339,355,355,270,251,501,501],"floor_reached":23,"campfire_rested":1,"playtime":1665,"current_hp_per_floor":[80,80,78,78,80,85,85,67,67,67,20,20,20,20,48,12,94,94,94,94,94,94,0],"items_purged":["Strike_R"],"gold":501,"score":219,"play_id":"5db26fb5-48d4-421d-a741-2f836f582271","local_time":"20180417174119","is_prod":false,"is_daily":false,"chose_seed":false,"is_ascension_mode":true,"campfire_upgraded":1,"timestamp":1523954479,"path_taken":["M","?","M","?","M","E","$","E","T","?","E","?","R","M","R","BOSS","M","?","?","?","?","E"],"build_version":"2018-04-12","seed_source_timestamp":75289815247760,"purchased_purges":2,"victory":false,"master_deck":["Strike_R","Strike_R","Strike_R","Defend_R","Defend_R","Defend_R","Defend_R","Bash","Cleave","Armaments","Flex","Twin Strike","Barricade+1","Heavy Blade","Flex","Regret","Rage","Berserk","Seeing Red+1","Writhe","Rampage","Regret"],"max_hp_per_floor":[80,80,80,80,80,94,94,94,94,94,94,94,94,94,94,94,94,94,94,94,94,94,94],"relics":["Burning Blood","Mango","Toolbox","Tiny Chest","Blood Vial","Question Card","Cursed Key","Oddly Smooth Stone","Ancient Tea Set"],"card_choices":[{"not_picked":["Warcry","Shockwave"],"picked":"Cleave","floor":1},{"not_picked":["Feel No Pain","True Grit"],"picked":"Armaments","floor":2},{"not_picked":["Power Through","Perfected Strike"],"picked":"Flex","floor":3},{"not_picked":["Fire Breathing","Entrench"],"picked":"Twin Strike","floor":5},{"not_picked":["Anger","Body Slam"],"picked":"Barricade","floor":6},{"not_picked":["Clothesline","Seeing Red"],"picked":"Heavy Blade","floor":8},{"not_picked":["Thunderclap","Perfected Strike"],"picked":"Flex","floor":11},{"not_picked":["Spot Weakness","Body Slam","Entrench"],"picked":"Rage","floor":14},{"not_picked":["Limit Break","Bludgeon","Feed"],"picked":"Berserk","floor":16},{"not_picked":["Pommel Strike","Searing Blow","Sword Boomerang"],"picked":"Seeing Red","floor":18},{"not_picked":["Headbutt","Armaments","Heavy Blade"],"picked":"Rampage","floor":21}],"player_experience":74390,"potions_floor_usage":[8,16,16,18,23],"damage_taken":[{"damage":5,"enemies":"Cultist","floor":1,"turns":4},{"damage":0,"enemies":"2 Louse","floor":2,"turns":2},{"damage":8,"enemies":"Jaw Worm","floor":3,"turns":4},{"damage":0,"enemies":"Large Slime","floor":5,"turns":5},{"damage":15,"enemies":"3 Sentries","floor":6,"turns":8},{"damage":24,"enemies":"Gremlin Nob","floor":8,"turns":5},{"damage":53,"enemies":"Lagavulin","floor":11,"turns":7},{"damage":8,"enemies":"2 Fungi Beasts","floor":14,"turns":3},{"damage":44,"enemies":"The Guardian","floor":16,"turns":13},{"damage":4,"enemies":"Chosen","floor":18,"turns":4},{"damage":6,"enemies":"2 Thieves","floor":21,"turns":4},{"damage":108,"enemies":"Gremlin Leader","floor":23,"turns":13}],"event_choices":[{"event_name":"The Lab","player_choice":"Got Potions","floor":4,"damage_taken":0},{"event_name":"The Cleric","player_choice":"Card Removal","floor":10,"damage_taken":0},{"event_name":"Big Fish","player_choice":"Box","floor":12,"damage_taken":0},{"event_name":"The Mausoleum","player_choice":"Yes","floor":19,"damage_taken":0},{"event_name":"Addict","player_choice":"Obtained Relic","floor":20,"damage_taken":0},{"event_name":"Golden Shrine","player_choice":"Desecrate","floor":22,"damage_taken":0}],"boss_relics":[{"not_picked":["Tiny House","Lizard Tail"],"picked":"Cursed Key"}],"potions_floor_spawned":[2,3,11,14,21],"seed_played":"291529608592186617","killed_by":"Gremlin Leader","ascension_level":1,"is_trial":false}