{"gold_per_floor":[111,111,111,129,129,157,4,37,37,112,112,142,42,58,58,163,163,178,178,178,192,192,192,218,229,229,16,32,51,79,97,97,194,194,210,210,210,225,239,239,239,259,259,259,269,297,308,54,54,54],"floor_reached":51,"playtime":4611,"items_purged":["Regret","Strike_B","Strike_B"],"score":810,"play_id":"87c97cf5-74b6-4b75-b38d-88eada86ee8d","local_time":"20180729013240","is_ascension_mode":false,"campfire_choices":[{"data":"Loop","floor":15,"key":"SMITH"},{"data":"Dualcast","floor":23,"key":"SMITH"},{"data":"Consume","floor":32,"key":"SMITH"},{"data":"Loop","floor":40,"key":"SMITH"},{"data":"Double Energy","floor":44,"key":"SMITH"},{"floor":49,"key":"REST"}],"neow_cost":"NONE","seed_source_timestamp":8043578494539,"circlet_count":0,"master_deck":["Defend_B","Defend_B","Defend_B","Defend_B","Zap","Dualcast+1","Ball Lightning","Hologram","Conserve Battery","Reboot","Loop+1","Loop+1","Coolheaded","Go for the Eyes","All For One","Tempest+1","Writhe","Double Energy+1","FTL","Go for the Eyes","Self Repair","Go for the Eyes","Consume+1","Self Repair","Stack+1","Go for the Eyes+1","Echo Form","Cold Snap+1","Madness","Madness","Go for the Eyes","Conserve Battery+1","Go for the Eyes+1","Beam Cell+1","Stack","Redo"],"relics":["Cracked Core","NeowsBlessing","Ornamental Fan","Bag of Marbles","Lantern","Darkstone Periapt","Meat on the Bone","Nuclear Battery","Calipers","Ginger","Happy Flower","Incense Burner","Turnip","Eternal Feather","Frozen Egg 2","Dead Branch","Mummified Hand"],"potions_floor_usage":[12,25,28,30,46,46,50,50],"damage_taken":[{"damage":0,"enemies":"Jaw Worm","floor":1,"turns":1},{"damage":0,"enemies":"Small Slimes","floor":4,"turns":1},{"damage":0,"enemies":"Gremlin Nob","floor":6,"turns":1},{"damage":17,"enemies":"3 Sentries","floor":8,"turns":7},{"damage":14,"enemies":"Gremlin Nob","floor":12,"turns":3},{"damage":1,"enemies":"Cultist","floor":14,"turns":3},{"damage":19,"enemies":"The Guardian","floor":16,"turns":9},{"damage":2,"enemies":"Shell Parasite","floor":18,"turns":6},{"damage":0,"enemies":"Spheric Guardian","floor":21,"turns":2},{"damage":32,"enemies":"Book of Stabbing","floor":24,"turns":5},{"damage":21,"enemies":"Snake Plant","floor":25,"turns":2},{"damage":6,"enemies":"Sentry and Sphere","floor":28,"turns":4},{"damage":3,"enemies":"Centurion and Healer","floor":29,"turns":5},{"damage":18,"enemies":"Gremlin Leader","floor":30,"turns":4},{"damage":0,"enemies":"Snake Plant","floor":31,"turns":6},{"damage":0,"enemies":"Champ","floor":33,"turns":9},{"damage":8,"enemies":"3 Darklings","floor":35,"turns":9},{"damage":15,"enemies":"Flame Bruiser 1 Orb","floor":38,"turns":8},{"damage":35,"enemies":"3 Darklings","floor":39,"turns":11},{"damage":5,"enemies":"Transient","floor":42,"turns":5},{"damage":16,"enemies":"4 Shapes","floor":45,"turns":9},{"damage":75,"enemies":"Giant Head","floor":46,"turns":12},{"damage":14,"enemies":"Sphere and 2 Shapes","floor":47,"turns":9},{"damage":36,"enemies":"Awakened One","floor":50,"turns":23}],"seed_played":"-6074775799610272650","potions_obtained":[{"floor":1,"key":"Poison Potion"},{"floor":6,"key":"GamblersBrew"},{"floor":8,"key":"Fire Potion"},{"floor":14,"key":"EntropicBrew"},{"floor":21,"key":"Explosive Potion"},{"floor":29,"key":"PowerPotion"},{"floor":30,"key":"Weak Potion"},{"floor":33,"key":"Fire Potion"},{"floor":39,"key":"LiquidBronze"},{"floor":46,"key":"LiquidBronze"}],"is_trial":false,"path_per_floor":["M","?","$","M","?","E","$","E","T","?","?","E","$","M","R","B",null,"M","?","?","M","?","R","E","M","T","$","M","M","E","M","R","B",null,"M","?","?","M","M","R","?","M","T","R","M","E","M","$","R","B"],"character_chosen":"DEFECT","items_purchased":["Loop","Self Repair","Go for the Eyes","Mummified Hand"],"campfire_rested":1,"item_purchase_floors":[7,27,27,48],"current_hp_per_floor":[75,75,75,75,75,75,75,58,58,47,47,33,33,44,44,37,75,73,79,64,64,64,64,44,35,35,35,48,52,60,74,74,86,86,86,86,75,86,65,83,83,86,86,86,84,42,54,54,86,57],"gold":54,"neow_bonus":"THREE_ENEMY_KILL","is_prod":false,"is_daily":false,"chose_seed":false,"campfire_upgraded":5,"win_rate":0,"timestamp":1532795560,"path_taken":["M","?","$","?","?","E","$","E","T","?","?","E","$","M","R","BOSS","M","?","?","M","?","R","E","M","T","$","M","M","E","?","R","BOSS","M","?","?","M","?","R","?","?","T","R","M","E","M","$","R","BOSS"],"build_version":"2018-07-26","purchased_purges":3,"victory":true,"max_hp_per_floor":[75,75,75,75,75,75,75,75,75,75,75,75,75,75,75,75,75,75,81,86,86,86,86,86,86,86,86,86,86,86,86,86,86,86,86,86,86,86,86,86,86,86,86,86,86,86,86,86,86,86],"card_choices":[{"not_picked":["Chaos","Barrage"],"picked":"Ball Lightning","floor":1},{"not_picked":["Cold Snap","Compile Driver"],"picked":"Conserve Battery","floor":4},{"not_picked":["Undo","Go for the Eyes"],"picked":"Reboot","floor":6},{"not_picked":["Tempest","Go for the Eyes"],"picked":"Loop","floor":8},{"not_picked":["Rebound","Steam"],"picked":"Coolheaded","floor":12},{"not_picked":["Sweeping Beam","Stack"],"picked":"Go for the Eyes","floor":14},{"not_picked":["Buffer","Seek"],"picked":"All For One","floor":16},{"not_picked":["White Noise","Leap"],"picked":"Tempest+1","floor":18},{"not_picked":["Barrage","Reprogram"],"picked":"Double Energy","floor":21},{"not_picked":["Compile Driver","Static Discharge"],"picked":"FTL","floor":24},{"not_picked":["Leap+1","Cold Snap"],"picked":"Go for the Eyes","floor":25},{"not_picked":["Skim","Stack"],"picked":"Consume","floor":28},{"not_picked":["Hologram","Genetic Algorithm"],"picked":"Self Repair","floor":29},{"not_picked":["Conserve Battery","Machine Learning"],"picked":"Stack+1","floor":30},{"not_picked":["Steam Power","Melter+1"],"picked":"Go for the Eyes+1","floor":31},{"not_picked":["Biased Cognition","Multi-Cast"],"picked":"Echo Form","floor":33},{"not_picked":["Chaos","Undo"],"picked":"Cold Snap+1","floor":35},{"not_picked":["Chaos+1","Melter"],"picked":"Go for the Eyes","floor":38},{"not_picked":["Rebound+1","Ball Lightning+1"],"picked":"Conserve Battery+1","floor":39},{"not_picked":["Sweeping Beam+1","Recycle+1"],"picked":"Go for the Eyes+1","floor":42},{"not_picked":["Genetic Algorithm+1","Compile Driver+1"],"picked":"Beam Cell+1","floor":45},{"not_picked":["Double Energy","Rebound"],"picked":"Stack","floor":46},{"not_picked":["Turbo","Sweeping Beam"],"picked":"Redo","floor":47}],"player_experience":306429,"relics_obtained":[{"floor":6,"key":"Bag of Marbles"},{"floor":8,"key":"Lantern"},{"floor":9,"key":"Darkstone Periapt"},{"floor":12,"key":"Meat on the Bone"},{"floor":24,"key":"Happy Flower"},{"floor":26,"key":"Incense Burner"},{"floor":30,"key":"Turnip"},{"floor":43,"key":"Frozen Egg 2"},{"floor":46,"key":"Dead Branch"}],"event_choices":[{"event_name":"Living Wall","player_choice":"Change","floor":2,"damage_taken":0},{"event_name":"Big Fish","player_choice":"Box","floor":5,"damage_taken":0},{"event_name":"World of Goop","player_choice":"Gather Gold","floor":10,"damage_taken":0},{"event_name":"The Woman in Blue","player_choice":"Bought 0 Potions","floor":11,"damage_taken":0},{"event_name":"The Mausoleum","player_choice":"Yes","floor":19,"damage_taken":0},{"event_name":"Forgotten Altar","player_choice":"Shed Blood","floor":20,"damage_taken":0},{"event_name":"WeMeetAgain","player_choice":"Potion","floor":22,"damage_taken":0},{"event_name":"Tomb of Lord Red Mask","player_choice":"Ignored","floor":36,"damage_taken":0},{"event_name":"Winding Halls","player_choice":"Embrace Madness","floor":37,"damage_taken":0},{"event_name":"Purifier","player_choice":"One Purge","floor":41,"damage_taken":0}],"is_beta":true,"boss_relics":[{"not_picked":["Lizard Tail","Tiny House"],"picked":"Nuclear Battery"},{"not_picked":["Velvet Choker","Snecko Eye"],"picked":"Eternal Feather"}],"items_purged_floors":[7,13,27],"is_endless":false,"potions_floor_spawned":[1,6,8,14,21,29,30,33,38,39,45,46],"ascension_level":0}