{"gold_per_floor":[119,135,59,69,69,101,101,117,169,169],"floor_reached":10,"playtime":365,"items_purged":[],"score":71,"play_id":"97eca2c0-b259-423c-bca0-d5ff03a56c9c","local_time":"20190113143141","is_ascension_mode":true,"campfire_choices":[{"floor":7,"key":"REST"}],"neow_cost":"NONE","seed_source_timestamp":997515724062247,"circlet_count":0,"master_deck":["Strike_B","Strike_B+1","Strike_B","Strike_B","Defend_B","Defend_B","Defend_B","Defend_B","Zap","Dualcast+1","Consume","Hologram","Capacitor","Conserve Battery","Creative AI","Glacier"],"relics":["Cracked Core","Pantograph","Strawberry"],"potions_floor_usage":[],"damage_taken":[{"damage":0,"enemies":"Cultist","floor":1,"turns":4},{"damage":5,"enemies":"2 Louse","floor":2,"turns":3},{"damage":20,"enemies":"Jaw Worm","floor":4,"turns":4},{"damage":22,"enemies":"Lagavulin","floor":6,"turns":8},{"damage":17,"enemies":"3 Louse","floor":8,"turns":3},{"damage":50,"enemies":"Gremlin Nob","floor":10,"turns":5}],"seed_played":"-2061867838607873601","potions_obtained":[{"floor":1,"key":"Dexterity Potion"},{"floor":2,"key":"Ancient Potion"},{"floor":4,"key":"LiquidBronze"}],"is_trial":false,"path_per_floor":["M","M","$","M","?","E","R","M","T","E"],"character_chosen":"DEFECT","items_purchased":["Capacitor"],"campfire_rested":1,"item_purchase_floors":[3],"current_hp_per_floor":[82,77,77,57,41,19,43,26,33,0],"gold":169,"neow_bonus":"TEN_PERCENT_HP_BONUS","is_prod":false,"is_daily":false,"chose_seed":false,"campfire_upgraded":0,"win_rate":0,"timestamp":1547386301,"path_taken":["M","M","$","M","?","E","R","M","T","E"],"build_version":"2019-01-10","purchased_purges":0,"victory":false,"max_hp_per_floor":[82,82,82,82,82,82,82,82,89,89],"card_choices":[{"not_picked":["FTL","Turbo"],"picked":"Consume","floor":1},{"not_picked":["Gash","Steam"],"picked":"Hologram","floor":2},{"not_picked":["Ball Lightning","Fusion"],"picked":"Conserve Battery","floor":4},{"not_picked":["Fusion","Capacitor"],"picked":"Creative AI","floor":6},{"not_picked":["Sweeping Beam","Barrage"],"picked":"Glacier","floor":8}],"player_experience":164439,"relics_obtained":[{"floor":6,"key":"Pantograph"},{"floor":9,"key":"Strawberry"}],"event_choices":[{"damage_healed":0,"gold_gain":0,"player_choice":"Entered Light","damage_taken":16,"max_hp_gain":0,"max_hp_loss":0,"event_name":"Shining Light","floor":5,"gold_loss":0,"cards_upgraded":["Strike_B","Dualcast"]}],"is_beta":false,"boss_relics":[],"items_purged_floors":[],"is_endless":false,"potions_floor_spawned":[1,2,4],"killed_by":"Gremlin Nob","ascension_level":1}