{"gold_per_floor":[116,130,141,291,47,47,65,100,100,113,141,141,141,141],"floor_reached":14,"playtime":610,"items_purged":["Doubt"],"score":200,"play_id":"f62d04ae-e8c8-4379-aac3-57e3284f8935","local_time":"20181105224526","is_ascension_mode":true,"campfire_choices":[{"data":"Flechettes","floor":6.0,"key":"SMITH"},{"data":"1","floor":13.0,"key":"LIFT"}],"neow_cost":"NONE","seed_source_timestamp":7507936093800,"circlet_count":0,"master_deck":["AscendersBane","Defend_G","Defend_G","Defend_G","Defend_G","Defend_G","Strike_G","Strike_G","Strike_G","Strike_G","Strike_G","Survivor","Neutralize","Flechettes+1","Crippling Poison","Cloak And Dagger","Footwork","Predator","Dagger Throw","Blur","Cloak And Dagger","Backflip","Parasite"],"special_seed":0,"relics":["Eternal Feather","Potion Belt","Kunai","Girya"],"potions_floor_usage":[],"damage_taken":[{"damage":3.0,"enemies":"Cultist","floor":1.0,"turns":5.0},{"damage":0.0,"enemies":"2 Louse","floor":2.0,"turns":4.0},{"damage":1.0,"enemies":"Small Slimes","floor":3.0,"turns":3.0},{"damage":9.0,"enemies":"Red Slaver","floor":7.0,"turns":3.0},{"damage":17.0,"enemies":"3 Sentries","floor":8.0,"turns":6.0},{"damage":1.0,"enemies":"Large Slime","floor":10.0,"turns":6.0},{"damage":33.0,"enemies":"Lagavulin","floor":11.0,"turns":8.0},{"damage":44,"enemies":"Gremlin Nob","floor":14,"turns":4}],"seed_played":"-2625767980706063383","potions_obtained":[{"floor":1.0,"key":"Explosive Potion"},{"floor":3.0,"key":"Swift Potion"}],"is_trial":false,"path_per_floor":["M","M","M","?","$","R","M","E","T","M","E","?","R","E"],"character_chosen":"THE_SILENT","items_purchased":["Footwork","Predator"],"campfire_rested":0,"item_purchase_floors":[5,5],"current_hp_per_floor":[56,56,55,55,55,64,55,38,38,37,4,20,32,0],"gold":141,"neow_bonus":"BOSS_RELIC","is_prod":false,"is_daily":false,"chose_seed":false,"campfire_upgraded":1,"win_rate":0,"timestamp":1541475926,"path_taken":["M","M","M","?","$","R","M","E","T","M","E","?","R","E"],"build_version":"2018-11-01","purchased_purges":1,"victory":false,"max_hp_per_floor":[66,66,66,66,66,66,66,66,66,66,66,66,66,66],"card_choices":[{"not_picked":["Cloak And Dagger","Eviscerate"],"picked":"Flechettes","floor":1.0},{"not_picked":["Bane","Reflex"],"picked":"Crippling Poison","floor":2.0},{"not_picked":["Dodge and Roll","Terror"],"picked":"Cloak And Dagger","floor":3.0},{"not_picked":["Footwork","Bane"],"picked":"Dagger Throw","floor":7.0},{"not_picked":["Underhanded Strike","Quick Slash"],"picked":"Blur","floor":8.0},{"not_picked":["Leg Sweep","Dagger Spray"],"picked":"Cloak And Dagger","floor":10.0},{"not_picked":["Deflect","All Out Attack"],"picked":"Backflip","floor":11.0}],"player_experience":1641844,"relics_obtained":[{"floor":8.0,"key":"Potion Belt"},{"floor":9.0,"key":"Kunai"},{"floor":11.0,"key":"Girya"}],"event_choices":[{"damage_healed":0.0,"max_hp_gain":0.0,"max_hp_loss":0.0,"gold_gain":150.0,"event_name":"Liars Game","player_choice":"AGREE","floor":4.0,"gold_loss":0.0,"damage_taken":0.0,"cards_obtained":["Doubt"]},{"damage_healed":16.0,"max_hp_gain":0.0,"max_hp_loss":0.0,"gold_gain":0.0,"event_name":"Mushrooms","player_choice":"Healed and dodged fight","floor":12.0,"gold_loss":0.0,"damage_taken":0.0,"cards_obtained":["Parasite"]}],"is_beta":true,"boss_relics":[],"items_purged_floors":[5],"is_endless":false,"potions_floor_spawned":[1,3],"killed_by":"Gremlin Nob","ascension_level":20}