{"gold_per_floor":[110,110,110,122,138,163,163,180,180,212,212,222,26,26,26,129,129,143,143,159,209,227,227,242,242,242,96,96,111,210,222,222,222],"floor_reached":33,"playtime":3887,"items_purged":[],"score":257,"play_id":"c4904de2-d5bc-4178-98b2-8162550f2660","local_time":"20190106173232","is_ascension_mode":false,"campfire_choices":[{"data":"Spot Weakness","floor":7,"key":"SMITH"},{"floor":11,"key":"REST"},{"floor":15,"key":"REST"},{"floor":23,"key":"REST"},{"floor":25,"key":"REST"},{"floor":32,"key":"REST"}],"neow_cost":"NONE","seed_source_timestamp":479800798815947,"circlet_count":0,"master_deck":["Strike_R","Strike_R","Strike_R","Defend_R+1","Defend_R","Defend_R","Defend_R","Bash","Cleave","Blood for Blood","Spot Weakness+1","Combust","Blood for Blood","Whirlwind","Dropkick","Limit Break","Warcry+1","Inflame+1"],"relics":["Burning Blood","NeowsBlessing","PreservedInsect","Boot","Dodecahedron","Chemical X","Sozu","War Paint","Juzu Bracelet"],"potions_floor_usage":[],"damage_taken":[{"damage":0,"enemies":"Jaw Worm","floor":1,"turns":1},{"damage":0,"enemies":"Cultist","floor":4,"turns":1},{"damage":0,"enemies":"2 Louse","floor":5,"turns":2},{"damage":23,"enemies":"Gremlin Nob","floor":6,"turns":4},{"damage":9,"enemies":"Blue Slaver","floor":8,"turns":3},{"damage":28,"enemies":"3 Sentries","floor":10,"turns":5},{"damage":29,"enemies":"Large Slime","floor":12,"turns":5},{"damage":46,"enemies":"Hexaghost","floor":16,"turns":7},{"damage":16,"enemies":"3 Byrds","floor":18,"turns":2},{"damage":21,"enemies":"Chosen","floor":20,"turns":5},{"damage":21,"enemies":"Snake Plant","floor":22,"turns":2},{"damage":31,"enemies":"Centurion and Healer","floor":24,"turns":5},{"damage":31,"enemies":"Shelled Parasite and Fungi","floor":29,"turns":4},{"damage":0,"enemies":"Snake Plant","floor":31,"turns":2},{"damage":86,"enemies":"Collector","floor":33,"turns":5}],"seed_played":"-1220375428329062400","potions_obtained":[{"floor":4,"key":"Ancient Potion"},{"floor":6,"key":"Fire Potion"},{"floor":12,"key":"Regen Potion"}],"is_trial":false,"path_per_floor":["M","?","$","M","M","E","R","M","T","E","R","M","$","?","R","B",null,"M","?","M","?","M","R","M","R","T","$","?","M","?","M","R","B"],"character_chosen":"IRONCLAD","items_purchased":["Chemical X","Juzu Bracelet"],"campfire_rested":5,"item_purchase_floors":[13,27],"current_hp_per_floor":[80,80,80,80,80,63,63,60,60,38,62,39,39,39,63,23,80,70,70,55,55,40,64,39,63,63,63,63,38,38,44,68,0],"gold":222,"neow_bonus":"THREE_ENEMY_KILL","is_prod":false,"is_daily":false,"chose_seed":false,"campfire_upgraded":1,"win_rate":0.0,"timestamp":1546792352,"path_taken":["M","?","?","M","M","E","R","M","T","E","R","M","$","?","R","BOSS","M","?","M","?","?","R","M","R","T","?","?","M","?","M","R","BOSS"],"build_version":"2019-01-03v4","purchased_purges":0,"victory":false,"max_hp_per_floor":[80,80,80,80,80,80,80,80,80,80,80,80,80,80,80,80,80,80,80,80,80,80,80,80,80,80,80,80,80,80,80,80,80],"card_choices":[{"not_picked":["True Grit","Anger"],"picked":"Cleave","floor":1},{"not_picked":["Warcry","Bloodletting"],"picked":"Spot Weakness","floor":4},{"not_picked":["Sword Boomerang","Wild Strike"],"picked":"Combust","floor":5},{"not_picked":["Sever Soul","Flex"],"picked":"Blood for Blood","floor":6},{"not_picked":["True Grit","Battle Trance"],"picked":"Whirlwind","floor":8},{"not_picked":["Burning Pact","Shrug It Off"],"picked":"Dropkick","floor":10},{"not_picked":["Shrug It Off","Twin Strike"],"picked":"Limit Break","floor":12},{"not_picked":["Reckless Charge+1","Shrug It Off","Clash"],"picked":"SKIP","floor":18},{"not_picked":["True Grit","Power Through","Wild Strike"],"picked":"SKIP","floor":20},{"not_picked":["Headbutt","Feel No Pain","Flex+1"],"picked":"SKIP","floor":22},{"not_picked":["Double Tap","Iron Wave","Shrug It Off"],"picked":"SKIP","floor":24},{"not_picked":["Clothesline","Burning Pact","Wild Strike"],"picked":"SKIP","floor":29},{"not_picked":["Warcry","Perfected Strike","Cleave"],"picked":"SKIP","floor":31}],"player_experience":110638,"relics_obtained":[{"floor":6,"key":"PreservedInsect"},{"floor":9,"key":"Boot"},{"floor":10,"key":"Dodecahedron"},{"floor":26,"key":"War Paint"}],"event_choices":[{"damage_healed":0,"gold_gain":0,"cards_transformed":["Strike_R"],"player_choice":"Transformed","damage_taken":0,"max_hp_gain":0,"max_hp_loss":0,"event_name":"Transmorgrifier","floor":2,"gold_loss":0,"cards_obtained":["Blood for Blood"]},{"damage_healed":0,"gold_gain":0,"cards_transformed":["Strike_R"],"player_choice":"Change","damage_taken":0,"max_hp_gain":0,"max_hp_loss":0,"event_name":"Living Wall","floor":14,"gold_loss":0,"cards_obtained":["Warcry"]},{"damage_healed":0,"gold_gain":0,"player_choice":"Read","damage_taken":0,"max_hp_gain":0,"max_hp_loss":0,"event_name":"The Library","floor":19,"gold_loss":0,"cards_obtained":["Inflame"]},{"damage_healed":0,"gold_gain":100,"player_choice":"Bet on Murderer","damage_taken":0,"max_hp_gain":0,"max_hp_loss":0,"event_name":"The Joust","floor":21,"gold_loss":50},{"damage_healed":0,"gold_gain":0,"player_choice":"Upgraded","damage_taken":0,"max_hp_gain":0,"max_hp_loss":0,"event_name":"Upgrade Shrine","floor":28,"gold_loss":0,"cards_upgraded":["Inflame"]},{"damage_healed":0,"gold_gain":99,"player_choice":"Stole From Cult","damage_taken":0,"max_hp_gain":0,"max_hp_loss":0,"event_name":"Nest","floor":30,"gold_loss":0}],"is_beta":false,"boss_relics":[{"not_picked":["Black Blood","Eternal Feather"],"picked":"Sozu"}],"items_purged_floors":[],"is_endless":false,"potions_floor_spawned":[4,6,12,18,20,24,29],"killed_by":"Collector","ascension_level":0}