{"gold_per_floor":[116,33,33,47,60,60,78,128,128,143,143,161,190,202,202,276,276,294,141,159,172,182,182,213,213,213,213,245,245,274,287,287,361,361,372,372,43,54,69,69,99,99,99,99,99],"floor_reached":45,"playtime":3100,"items_purged":["Strike_G","Strike_G"],"score":1160,"play_id":"0f98c07d-8180-4e04-826f-900c62e5bf5a","local_time":"20181126234224","is_ascension_mode":true,"campfire_choices":[{"data":"Dagger Spray","floor":6,"key":"SMITH"},{"floor":11,"key":"REST"},{"data":"Bouncing Flask","floor":15,"key":"SMITH"},{"data":"Flechettes","floor":23,"key":"SMITH"},{"data":"Strike_G","floor":25,"key":"PURGE"},{"floor":27,"key":"REST"},{"floor":29,"key":"REST"},{"floor":32,"key":"REST"},{"floor":40,"key":"REST"},{"floor":42,"key":"REST"},{"data":"Strike_G","floor":44,"key":"PURGE"}],"neow_cost":"NONE","seed_source_timestamp":322647782838000,"circlet_count":0,"master_deck":["AscendersBane","Defend_G","Defend_G","Defend_G","Defend_G","Defend_G","Strike_G","Survivor","Neutralize","Backflip","Cloak And Dagger","Dagger Spray+1","Cloak And Dagger","Leg Sweep","Dash","Flechettes+1","Bouncing Flask+1","Blur","Phantasmal Killer","Bouncing Flask","Crippling Poison","Predator","PiercingWail","Predator","Storm of Steel","Backflip","Leg Sweep"],"relics":["Snecko Eye","Pocketwatch","Peace Pipe","Cursed Key","Darkstone Periapt","Letter Opener","Dream Catcher","Busted Crown","Vajra","Singing Bowl"],"potions_floor_usage":[10,10,28,30,33,39,41],"damage_taken":[{"damage":15,"enemies":"Small Slimes","floor":1,"turns":5},{"damage":0,"enemies":"2 Louse","floor":4,"turns":3},{"damage":0,"enemies":"Cultist","floor":5,"turns":3},{"damage":10,"enemies":"Exordium Wildlife","floor":7,"turns":4},{"damage":5,"enemies":"Exordium Thugs","floor":10,"turns":5},{"damage":0,"enemies":"2 Fungi Beasts","floor":12,"turns":3},{"damage":0,"enemies":"3 Sentries","floor":13,"turns":8},{"damage":0,"enemies":"Blue Slaver","floor":14,"turns":3},{"damage":0,"enemies":"The Guardian","floor":16,"turns":9},{"damage":3,"enemies":"Shell Parasite","floor":18,"turns":4},{"damage":0,"enemies":"3 Byrds","floor":20,"turns":5},{"damage":8,"enemies":"Cultist and Chosen","floor":21,"turns":5},{"damage":0,"enemies":"3 Cultists","floor":22,"turns":5},{"damage":18,"enemies":"Gremlin Leader","floor":24,"turns":5},{"damage":34,"enemies":"Slavers","floor":28,"turns":2},{"damage":15,"enemies":"Book of Stabbing","floor":30,"turns":4},{"damage":8,"enemies":"Snake Plant","floor":31,"turns":3},{"damage":42,"enemies":"Automaton","floor":33,"turns":10},{"damage":0,"enemies":"3 Shapes","floor":35,"turns":6},{"damage":0,"enemies":"3 Darklings","floor":38,"turns":4},{"damage":22,"enemies":"Jaw Worm Horde","floor":39,"turns":4},{"damage":26,"enemies":"Reptomancer","floor":41,"turns":6},{"damage":79,"enemies":"Giant Head","floor":45,"turns":7}],"seed_played":"8452652587743205702","potions_obtained":[{"floor":4,"key":"SkillPotion"},{"floor":7,"key":"FearPotion"},{"floor":10,"key":"PowerPotion"},{"floor":13,"key":"Strength Potion"},{"floor":20,"key":"Strength Potion"},{"floor":28,"key":"GamblersBrew"},{"floor":31,"key":"Fire Potion"},{"floor":38,"key":"PowerPotion"},{"floor":41,"key":"Weak Potion"}],"is_trial":false,"path_per_floor":["M","$","?","M","M","R","M","?","T","M","R","M","E","M","R","B",null,"M","$","M","M","M","R","E","R","T","R","E","R","E","M","R","B",null,"M","?","$","M","M","R","E","R","T","R","E"],"character_chosen":"THE_SILENT","items_purchased":["Cloak And Dagger","Dagger Spray","Bouncing Flask","Vajra","PowerPotion"],"campfire_rested":6,"item_purchase_floors":[2,2,19,37,37],"current_hp_per_floor":[44,44,49,49,49,49,39,39,39,34,55,55,55,55,55,55,67,64,64,64,56,56,56,38,38,38,59,25,46,31,23,44,2,54,54,54,54,54,32,53,29,52,52,52,0],"gold":99,"neow_bonus":"BOSS_RELIC","is_prod":false,"is_daily":false,"chose_seed":false,"campfire_upgraded":3,"win_rate":0,"timestamp":1543293744,"path_taken":["M","$","?","M","M","R","M","?","T","M","R","M","E","M","R","BOSS","M","$","M","M","M","R","E","R","T","R","E","R","E","?","R","BOSS","M","?","$","M","?","R","E","R","T","R","E"],"build_version":"2018-11-15","purchased_purges":2,"victory":false,"max_hp_per_floor":[66,66,71,71,71,71,71,71,71,71,71,71,71,71,71,71,71,71,71,71,71,71,71,71,71,71,71,71,71,71,71,71,71,71,71,71,71,71,71,71,73,75,75,75,75],"card_choices":[{"not_picked":["Infinite Blades","Blade Dance"],"picked":"Backflip","floor":1},{"not_picked":["Distraction","Concentrate"],"picked":"Cloak And Dagger","floor":4},{"not_picked":["Heel Hook","Distraction","Deflect"],"picked":"SKIP","floor":5},{"not_picked":["Blade Dance","Deflect"],"picked":"Leg Sweep","floor":7},{"not_picked":["Backstab","Expertise"],"picked":"Dash","floor":10},{"not_picked":["Heel Hook","Deadly Poison"],"picked":"Flechettes","floor":12},{"not_picked":["Underhanded Strike","Concentrate"],"picked":"Bouncing Flask","floor":13},{"not_picked":["Acrobatics","Bane"],"picked":"Blur","floor":14},{"not_picked":["Tools of the Trade","Unload"],"picked":"Phantasmal Killer","floor":16},{"not_picked":["Bane","Quick Slash","Tactician"],"picked":"SKIP","floor":18},{"not_picked":["Outmaneuver","Tools of the Trade","Acrobatics"],"picked":"SKIP","floor":20},{"not_picked":["Distraction","Endless Agony"],"picked":"Crippling Poison","floor":21},{"not_picked":["Expertise","Sucker Punch","Blade Dance+1"],"picked":"SKIP","floor":22},{"not_picked":["Tactician+1","Outmaneuver","Infinite Blades"],"picked":"SKIP","floor":24},{"not_picked":["Cloak And Dagger","Burst"],"picked":"Predator","floor":28},{"not_picked":["Dagger Throw","Outmaneuver"],"picked":"PiercingWail","floor":30},{"not_picked":["Bouncing Flask","Flying Knee"],"picked":"Predator","floor":31},{"not_picked":["Grand Finale","Venomology"],"picked":"Storm of Steel","floor":33},{"not_picked":[],"picked":"Backflip","floor":35},{"not_picked":["Caltrops"],"picked":"SKIP","floor":38},{"not_picked":["Caltrops"],"picked":"SKIP","floor":38},{"not_picked":["Blade Dance"],"picked":"SKIP","floor":39},{"not_picked":["Slice"],"picked":"Singing Bowl","floor":41},{"not_picked":["Expertise+1"],"picked":"Singing Bowl","floor":42}],"player_experience":1691227,"relics_obtained":[{"floor":9,"key":"Pocketwatch"},{"floor":13,"key":"Peace Pipe"},{"floor":24,"key":"Darkstone Periapt"},{"floor":28,"key":"Letter Opener"},{"floor":30,"key":"Dream Catcher"},{"floor":41,"key":"Singing Bowl"}],"event_choices":[{"damage_healed":0,"gold_gain":0,"player_choice":"Donut","damage_taken":0,"max_hp_gain":5,"max_hp_loss":0,"event_name":"Big Fish","floor":3,"gold_loss":0},{"damage_healed":0,"gold_gain":50,"player_choice":"Pray","damage_taken":0,"max_hp_gain":0,"max_hp_loss":0,"event_name":"Golden Shrine","floor":8,"gold_loss":0},{"damage_healed":0,"gold_gain":0,"player_choice":"Copied","damage_taken":0,"max_hp_gain":0,"max_hp_loss":0,"event_name":"Duplicator","floor":36,"gold_loss":0,"cards_obtained":["Leg Sweep"]}],"is_beta":true,"boss_relics":[{"not_picked":["Fusion Hammer","HoveringKite"],"picked":"Cursed Key"},{"not_picked":["Lizard Tail","White Beast Statue"],"picked":"Busted Crown"}],"items_purged_floors":[19,37],"is_endless":false,"potions_floor_spawned":[4,7,10,13,20,21,28,31,38,41],"killed_by":"Giant Head","ascension_level":20}