{"gold_per_floor":[111,123,198,198,198,229,239,252,252,316,10,42,55,67,67,170,170,185,185,203,223,52,85,85,110,133,133,58,93,56,88,88,187,187,207,70,89,89,13,27,52,52,79,99,99,130,130,141,141,141,141,141,0,33,33],"floor_reached":55,"playtime":2505,"items_purged":["Strike_B","Strike_B","Strike_B"],"score":1345,"play_id":"b3f76157-4674-4368-ba62-0467bf39a177","local_time":"20181222205045","is_ascension_mode":true,"campfire_choices":[{"data":"Blizzard","floor":15,"key":"SMITH"},{"floor":24,"key":"REST"},{"floor":32,"key":"REST"},{"data":"Panacea","floor":42,"key":"SMITH"},{"data":"Biased Cognition","floor":45,"key":"SMITH"},{"floor":49,"key":"RECALL"},{"data":"Storm","floor":52,"key":"SMITH"}],"neow_cost":"NONE","seed_source_timestamp":186056220891119,"circlet_count":0,"master_deck":["AscendersBane","Defend_B","Defend_B+1","Defend_B","Defend_B","Zap+1","Dualcast","Blizzard+1","Chill+1","White Noise","Loop","Glacier","Recycle","Capacitor","Cold Snap","Glacier","Amplify","BootSequence","Hologram","Blizzard+1","Storm+1","Biased Cognition+1","Loop","Panacea+1","Compile Driver+1","Glacier+1","Defragment","Compile Driver","Stack+1"],"relics":["Cracked Core","NeowsBlessing","Calipers","Thread and Needle","Pocketwatch","Membership Card","Ancient Tea Set","Philosopher\u0027s Stone","Du-Vu Doll","Mercury Hourglass","Boot","Ice Cream","Lantern","Dodecahedron","PreservedInsect","Eternal Feather","DataDisk","Anchor","Oddly Smooth Stone","Dead Branch","OrangePellets","War Paint"],"potions_floor_usage":[10,12,16,25,31,50,50],"damage_taken":[{"damage":0,"enemies":"Small Slimes","floor":1,"turns":1},{"damage":0,"enemies":"2 Louse","floor":2,"turns":1},{"damage":0,"enemies":"Lagavulin","floor":6,"turns":2},{"damage":7,"enemies":"Jaw Worm","floor":7,"turns":3},{"damage":12,"enemies":"Blue Slaver","floor":8,"turns":3},{"damage":0,"enemies":"Lagavulin Event","floor":10,"turns":6},{"damage":0,"enemies":"Gremlin Nob","floor":12,"turns":7},{"damage":0,"enemies":"Lots of Slimes","floor":13,"turns":2},{"damage":6,"enemies":"2 Fungi Beasts","floor":14,"turns":4},{"damage":17,"enemies":"The Guardian","floor":16,"turns":11},{"damage":3,"enemies":"Shell Parasite","floor":18,"turns":9},{"damage":8,"enemies":"Spheric Guardian","floor":20,"turns":6},{"damage":1,"enemies":"Centurion and Healer","floor":21,"turns":8},{"damage":17,"enemies":"Gremlin Leader","floor":23,"turns":7},{"damage":25,"enemies":"Book of Stabbing","floor":25,"turns":7},{"damage":0,"enemies":"Gremlin Leader","floor":29,"turns":7},{"damage":2,"enemies":"Book of Stabbing","floor":31,"turns":6},{"damage":1,"enemies":"Automaton","floor":33,"turns":8},{"damage":7,"enemies":"Orb Walker","floor":35,"turns":4},{"damage":0,"enemies":"3 Darklings","floor":37,"turns":4},{"damage":0,"enemies":"Sphere and 2 Shapes","floor":40,"turns":5},{"damage":6,"enemies":"Nemesis","floor":41,"turns":9},{"damage":30,"enemies":"Jaw Worm Horde","floor":44,"turns":5},{"damage":35,"enemies":"Reptomancer","floor":46,"turns":5},{"damage":0,"enemies":"4 Shapes","floor":48,"turns":3},{"damage":23,"enemies":"Time Eater","floor":50,"turns":8},{"damage":7,"enemies":"Shield and Spear","floor":54,"turns":5},{"damage":74,"enemies":"The Heart","floor":55,"turns":5}],"seed_played":"7273204393507101007","potions_obtained":[{"floor":2,"key":"Weak Potion"},{"floor":10,"key":"FocusPotion"},{"floor":12,"key":"SteroidPotion"},{"floor":13,"key":"SkillPotion"},{"floor":16,"key":"Ancient Potion"},{"floor":20,"key":"Block Potion"},{"floor":29,"key":"LiquidBronze"},{"floor":37,"key":"PowerPotion"},{"floor":40,"key":"FocusPotion"},{"floor":54,"key":"Explosive Potion"}],"is_trial":false,"path_per_floor":["M","M","?","?","?","E","M","M","T","?","$","E","M","M","R","B",null,"M","?","M","M","$","E","R","E","T","?","?","E","$","E","R","B",null,"M","$","M","?","$","M","E","R","T","M","R","E","?","M","R","B",null,"R","$","E","B"],"character_chosen":"DEFECT","items_purchased":["Capacitor","Membership Card","Mercury Hourglass","Storm","DataDisk","Anchor","OrangePellets","Defragment","Compile Driver"],"campfire_rested":2,"item_purchase_floors":[11,11,22,30,36,39,53,53,53],"current_hp_per_floor":[68,68,57,57,62,62,55,43,43,43,43,43,43,37,37,20,65,62,62,54,53,53,36,60,35,35,35,35,35,35,33,57,56,74,67,67,67,67,67,67,61,76,76,46,61,26,26,26,41,18,65,80,80,73,0],"gold":33,"neow_bonus":"THREE_ENEMY_KILL","is_prod":false,"is_daily":false,"chose_seed":false,"campfire_upgraded":4,"win_rate":0,"timestamp":1545529845,"path_taken":["M","M","?","?","?","E","M","M","T","?","$","E","?","M","R","BOSS","M","?","M","?","$","E","R","E","T","?","?","E","?","E","R","BOSS","M","$","M","?","$","M","E","R","T","M","R","E","?","?","R","BOSS","R","$","E","BOSS"],"build_version":"2018-12-20","purchased_purges":3,"victory":false,"max_hp_per_floor":[75,75,75,75,80,80,80,80,80,80,80,80,80,80,80,80,80,80,80,80,80,80,80,80,80,80,80,80,80,80,80,80,80,80,80,80,80,80,80,80,80,80,80,80,80,80,80,80,80,80,80,80,80,80,80],"card_choices":[{"not_picked":["Go for the Eyes","Rebound"],"picked":"Blizzard","floor":1},{"not_picked":["Coolheaded","Undo"],"picked":"Chill","floor":2},{"not_picked":["All For One","Tempest"],"picked":"White Noise","floor":6},{"not_picked":["Blizzard","Ball Lightning"],"picked":"Loop","floor":7},{"not_picked":["Barrage","Force Field"],"picked":"Glacier","floor":8},{"not_picked":["Chaos","Hologram"],"picked":"Recycle","floor":10},{"not_picked":["Tempest","Leap","Go for the Eyes"],"picked":"SKIP","floor":12},{"not_picked":["Leap","Barrage"],"picked":"Cold Snap","floor":13},{"not_picked":["Undo","Hello World"],"picked":"Glacier","floor":14},{"not_picked":["Electrodynamics","Rainbow"],"picked":"Amplify","floor":16},{"not_picked":["Reprogram","Steam"],"picked":"BootSequence","floor":18},{"not_picked":["Gash","Redo"],"picked":"Hologram","floor":20},{"not_picked":["Sunder","Redo","Barrage"],"picked":"SKIP","floor":21},{"not_picked":["FTL","Turbo"],"picked":"Blizzard+1","floor":23},{"not_picked":["Sweeping Beam","Scrape","Doom and Gloom+1"],"picked":"SKIP","floor":25},{"not_picked":["FTL+1","Blizzard","Streamline"],"picked":"SKIP","floor":29},{"not_picked":["Reinforced Body","Heatsinks"],"picked":"Biased Cognition","floor":31},{"not_picked":["Capacitor","Stack"],"picked":"Loop","floor":35},{"not_picked":["Rebound+1","Compile Driver","Beam Cell+1"],"picked":"SKIP","floor":37},{"not_picked":["Panache","Magnetism"],"picked":"Panacea","floor":38},{"not_picked":["Storm","Steam","Stack+1"],"picked":"SKIP","floor":40},{"not_picked":["Leap+1","Undo"],"picked":"Compile Driver+1","floor":41},{"not_picked":["Redo+1","Storm"],"picked":"Glacier+1","floor":44},{"not_picked":["Sweeping Beam+1","Sunder+1","Redo+1"],"picked":"SKIP","floor":46},{"not_picked":["Darkness+1","Beam Cell","BootSequence+1"],"picked":"SKIP","floor":48},{"not_picked":["Biased Cognition","Skim+1"],"picked":"Stack+1","floor":54}],"player_experience":393976,"relics_obtained":[{"floor":6,"key":"Calipers"},{"floor":9,"key":"Thread and Needle"},{"floor":10,"key":"Pocketwatch"},{"floor":12,"key":"Ancient Tea Set"},{"floor":19,"key":"Du-Vu Doll"},{"floor":23,"key":"Boot"},{"floor":25,"key":"Ice Cream"},{"floor":26,"key":"Lantern"},{"floor":29,"key":"Dodecahedron"},{"floor":31,"key":"PreservedInsect"},{"floor":41,"key":"Oddly Smooth Stone"},{"floor":46,"key":"Dead Branch"},{"floor":54,"key":"War Paint"}],"event_choices":[{"damage_healed":0,"gold_gain":75,"player_choice":"Gather Gold","damage_taken":11,"max_hp_gain":0,"max_hp_loss":0,"event_name":"World of Goop","floor":3,"gold_loss":0},{"damage_healed":0,"gold_gain":0,"player_choice":"Grow","damage_taken":0,"max_hp_gain":0,"max_hp_loss":0,"event_name":"Living Wall","floor":4,"gold_loss":0,"cards_upgraded":["Zap"]},{"damage_healed":0,"gold_gain":0,"player_choice":"Donut","damage_taken":0,"max_hp_gain":5,"max_hp_loss":0,"event_name":"Big Fish","floor":5,"gold_loss":0},{"damage_healed":0,"gold_gain":0,"player_choice":"Searched \u00272\u0027 times","damage_taken":0,"max_hp_gain":0,"max_hp_loss":0,"event_name":"Dead Adventurer","floor":10,"gold_loss":0},{"damage_healed":0,"gold_gain":0,"player_choice":"Relic","damage_taken":0,"max_hp_gain":0,"max_hp_loss":0,"event_name":"Wheel of Change","floor":19,"gold_loss":0},{"damage_healed":0,"gold_gain":0,"player_choice":"Ignored","damage_taken":0,"max_hp_gain":0,"max_hp_loss":0,"event_name":"Vampires","floor":27,"gold_loss":0},{"cards_removed":["Strike_B"],"damage_healed":0,"gold_gain":0,"player_choice":"Gave Gold","damage_taken":0,"max_hp_gain":0,"max_hp_loss":0,"event_name":"Beggar","floor":28,"gold_loss":75},{"damage_healed":0,"gold_gain":0,"player_choice":"Memory 1","damage_taken":0,"max_hp_gain":0,"max_hp_loss":0,"event_name":"SensoryStone","floor":38,"gold_loss":0},{"damage_healed":0,"gold_gain":0,"player_choice":"Got Potions","damage_taken":0,"max_hp_gain":0,"max_hp_loss":0,"event_name":"Lab","floor":47,"gold_loss":0}],"is_beta":false,"boss_relics":[{"not_picked":["Lizard Tail","White Beast Statue"],"picked":"Philosopher\u0027s Stone"},{"not_picked":["Nuclear Battery","Calling Bell"],"picked":"Eternal Feather"}],"items_purged_floors":[11,22,36],"is_endless":false,"potions_floor_spawned":[2,10,12,13,16,20,21,29,37,40,41,54],"killed_by":"The Heart","ascension_level":11}