{"gold_per_floor":[113,129,142,92,111,141,158,172,198,198,188,220,220],"floor_reached":13,"playtime":991,"items_purged":[],"score":99,"play_id":"4ad863f3-b6ab-4ccf-98a4-f8e45d17d764","local_time":"20181225224858","is_ascension_mode":false,"campfire_choices":[{"floor":10,"key":"REST"}],"neow_cost":"NONE","seed_source_timestamp":2335729694765960,"circlet_count":0,"master_deck":["Strike_R","Strike_R","Strike_R","Strike_R","Defend_R","Defend_R","Defend_R","Defend_R","Bash","Body Slam","Rupture","Anger","Dropkick","Rage","Rupture","Heavy Blade","Barricade","Uppercut"],"relics":["Burning Blood","NeowsBlessing","Vajra","Juzu Bracelet","Orichalcum"],"potions_floor_usage":[],"damage_taken":[{"damage":0,"enemies":"2 Louse","floor":1,"turns":1},{"damage":0,"enemies":"Jaw Worm","floor":2,"turns":1},{"damage":0,"enemies":"Small Slimes","floor":3,"turns":1},{"damage":12,"enemies":"Gremlin Gang","floor":5,"turns":5},{"damage":49,"enemies":"Lagavulin","floor":6,"turns":8},{"damage":6,"enemies":"Looter","floor":7,"turns":3},{"damage":10,"enemies":"2 Fungi Beasts","floor":8,"turns":6},{"damage":9,"enemies":"Exordium Thugs","floor":11,"turns":4},{"damage":42,"enemies":"3 Sentries","floor":12,"turns":10},{"damage":14,"enemies":"Large Slime","floor":13,"turns":3}],"seed_played":"3342611729175204788","potions_obtained":[{"floor":2,"key":"SpeedPotion"},{"floor":5,"key":"SpeedPotion"},{"floor":8,"key":"Regen Potion"}],"is_trial":false,"path_per_floor":["M","M","M","?","M","E","M","M","T","R","M","E","M"],"character_chosen":"IRONCLAD","items_purchased":[],"campfire_rested":1,"item_purchase_floors":[],"current_hp_per_floor":[80,80,80,80,74,31,31,27,27,51,48,12,0],"gold":220,"neow_bonus":"THREE_ENEMY_KILL","is_prod":false,"is_daily":false,"chose_seed":false,"campfire_upgraded":0,"win_rate":0.0,"timestamp":1545774538,"path_taken":["M","M","M","?","M","E","M","M","T","R","M","E","M"],"build_version":"2018-12-20","purchased_purges":0,"victory":false,"max_hp_per_floor":[80,80,80,80,80,80,80,80,80,80,80,80,80],"card_choices":[{"not_picked":["Cleave","Clash"],"picked":"Body Slam","floor":1},{"not_picked":["Pommel Strike","Cleave"],"picked":"Rupture","floor":2},{"not_picked":["Sword Boomerang","Pommel Strike"],"picked":"Anger","floor":3},{"not_picked":["Body Slam","Warcry"],"picked":"Dropkick","floor":5},{"not_picked":["Clash","Twin Strike"],"picked":"Rage","floor":6},{"not_picked":["Anger","Sever Soul"],"picked":"Rupture","floor":7},{"not_picked":["Twin Strike","Entrench"],"picked":"Heavy Blade","floor":8},{"not_picked":["Armaments","Hemokinesis"],"picked":"Barricade","floor":11},{"not_picked":["Shrug It Off","Fire Breathing"],"picked":"Uppercut","floor":12}],"player_experience":42329,"relics_obtained":[{"floor":6,"key":"Vajra"},{"floor":9,"key":"Juzu Bracelet"},{"floor":12,"key":"Orichalcum"}],"event_choices":[{"cards_removed":["Strike_R"],"damage_healed":0,"gold_gain":0,"player_choice":"Card Removal","damage_taken":0,"max_hp_gain":0,"max_hp_loss":0,"event_name":"The Cleric","floor":4,"gold_loss":50}],"is_beta":false,"boss_relics":[],"items_purged_floors":[],"is_endless":false,"potions_floor_spawned":[2,5,8,11],"killed_by":"Large Slime","ascension_level":0}