{"gold_per_floor":[114,131,81,101,101,101,136,146,146,146,146,146,158,172,172,267,267,278,278,278,278,261,287,287,35,35,35,35,35,35,70,70,168,168,181,181,199,253,253,253,7,7,30,59,59,79,79,114,114,114],"floor_reached":51,"playtime":2866,"items_purged":[],"score":840,"play_id":"e33fc318-9f32-4620-80b7-855616dfb7c3","local_time":"20190116165143","is_ascension_mode":true,"campfire_choices":[{"floor":6,"key":"REST"},{"floor":10,"key":"REST"},{"data":"Neutralize","floor":12,"key":"SMITH"},{"floor":15,"key":"REST"},{"floor":24,"key":"REST"},{"floor":29,"key":"REST"},{"floor":32,"key":"REST"},{"floor":40,"key":"DIG"},{"floor":42,"key":"REST"},{"floor":49,"key":"REST"}],"neow_cost":"NONE","seed_source_timestamp":670789256224802,"circlet_count":0,"master_deck":["Defend_G","Defend_G+1","Defend_G","Defend_G+1","Strike_G","Strike_G","Survivor","Neutralize+1","Deadly Poison","Terror","Dash","Dodge and Roll","Well Laid Plans","Blade Dance","Deadly Poison","After Image","Backflip","Predator","Backstab+1","Poisoned Stab+1","Crippling Poison+1","Envenom","Dagger Spray+1","Dagger Spray+1","All Out Attack+1","Caltrops","Poisoned Stab+1","Bouncing Flask+1","Writhe","Dodge and Roll+1","Backflip+1","Mind Blast+1","Footwork","Dodge and Roll+1","Blade Dance+1","Crippling Poison+1"],"relics":["Runic Dome","Girya","The Courier","Philosopher\u0027s Stone","PreservedInsect","Molten Egg 2","Bag of Preparation","Juzu Bracelet","Toxic Egg 2","Bottled Lightning","Orrery","Shovel","Paper Crane","MealTicket","Omamori","Strawberry","Gremlin Horn","Oddly Smooth Stone"],"potions_floor_usage":[23,23,23,31,50,50],"damage_taken":[{"damage":0,"enemies":"2 Louse","floor":1,"turns":4},{"damage":0,"enemies":"Small Slimes","floor":2,"turns":4},{"damage":6,"enemies":"Jaw Worm","floor":4,"turns":4},{"damage":29,"enemies":"3 Sentries","floor":7,"turns":12},{"damage":0,"enemies":"Exordium Wildlife","floor":8,"turns":3},{"damage":29,"enemies":"Gremlin Gang","floor":13,"turns":6},{"damage":0,"enemies":"Looter","floor":14,"turns":3},{"damage":7,"enemies":"The Guardian","floor":16,"turns":9},{"damage":18,"enemies":"3 Byrds","floor":18,"turns":6},{"damage":29,"enemies":"2 Thieves","floor":22,"turns":4},{"damage":4,"enemies":"Book of Stabbing","floor":23,"turns":5},{"damage":8,"enemies":"Gremlin Leader","floor":31,"turns":4},{"damage":38,"enemies":"Automaton","floor":33,"turns":12},{"damage":7,"enemies":"3 Shapes","floor":35,"turns":5},{"damage":12,"enemies":"Orb Walker","floor":37,"turns":2},{"damage":41,"enemies":"2 Orb Walkers","floor":38,"turns":3},{"damage":26,"enemies":"Nemesis","floor":44,"turns":5},{"damage":17,"enemies":"Spire Growth","floor":46,"turns":4},{"damage":8,"enemies":"Giant Head","floor":48,"turns":6},{"damage":33,"enemies":"Donu and Deca","floor":50,"turns":10}],"seed_played":"-1922182100689012216","potions_obtained":[{"floor":2,"key":"Ancient Potion"},{"floor":14,"key":"SpeedPotion"},{"floor":16,"key":"Weak Potion"},{"floor":22,"key":"Explosive Potion"},{"floor":23,"key":"Fire Potion"},{"floor":37,"key":"Strength Potion"},{"floor":46,"key":"GamblersBrew"},{"floor":48,"key":"Energy Potion"}],"is_trial":false,"path_per_floor":["M","M","?","M","?","R","E","M","T","R","?","R","M","M","R","B",null,"M","?","?","T","M","E","R","$","T","?","?","R","$","E","R","B",null,"M","?","M","?","?","R","$","R","T","E","?","M","T","E","R","B",null],"character_chosen":"THE_SILENT","items_purchased":["Bag of Preparation","Juzu Bracelet","Poisoned Stab+1","Footwork","Dodge and Roll+1","MealTicket"],"campfire_rested":8,"item_purchase_floors":[25,25,25,41,41,41],"current_hp_per_floor":[70,70,70,64,50,70,41,41,41,62,55,55,26,26,47,40,70,52,52,39,39,10,6,28,28,28,28,28,50,50,42,64,26,75,68,75,63,22,22,22,22,44,44,25,82,65,65,57,81,48],"gold":114,"neow_bonus":"BOSS_RELIC","is_prod":false,"is_daily":false,"chose_seed":false,"campfire_upgraded":1,"win_rate":0,"timestamp":1547675503,"path_taken":["M","M","?","M","?","R","E","M","T","R","?","R","M","M","R","BOSS","M","?","?","?","M","E","R","$","T","?","?","R","$","E","R","BOSS","M","?","M","?","?","R","$","R","T","E","?","M","?","E","R","BOSS"],"build_version":"2019-01-10","purchased_purges":0,"victory":true,"max_hp_per_floor":[70,70,70,70,70,70,70,70,70,70,70,70,70,70,70,70,70,70,70,75,75,75,75,75,75,75,75,75,75,75,75,75,75,75,75,75,75,75,75,75,75,75,75,82,82,82,82,82,82,82],"card_choices":[{"not_picked":["Quick Slash","Poisoned Stab"],"picked":"Deadly Poison","floor":1},{"not_picked":["Reflex","Quick Slash"],"picked":"Terror","floor":2},{"not_picked":["Prepared","Bane"],"picked":"Dash","floor":4},{"not_picked":["Prepared","Underhanded Strike"],"picked":"Dodge and Roll","floor":7},{"not_picked":["Choke","Blade Dance"],"picked":"Well Laid Plans","floor":8},{"not_picked":["Malaise","Dagger Throw"],"picked":"Blade Dance","floor":13},{"not_picked":["Backflip","Wraith Form v2"],"picked":"Deadly Poison","floor":14},{"not_picked":["Wraith Form v2","A Thousand Cuts"],"picked":"After Image","floor":16},{"not_picked":["PiercingWail","Flying Knee"],"picked":"Backflip","floor":18},{"not_picked":["Prepared","Reflex"],"picked":"Predator","floor":22},{"not_picked":["Accuracy+1","Dagger Throw+1"],"picked":"Backstab","floor":23},{"not_picked":["Acrobatics+1","Bane+1"],"picked":"Crippling Poison+1","floor":31},{"not_picked":["Burst+1","A Thousand Cuts"],"picked":"Envenom","floor":33},{"not_picked":["Bane+1","Dagger Throw+1"],"picked":"Dagger Spray+1","floor":34},{"not_picked":["Acrobatics+1","All Out Attack+1"],"picked":"Dagger Spray+1","floor":34},{"not_picked":["Acrobatics+1","Prepared+1"],"picked":"All Out Attack+1","floor":34},{"not_picked":["Eviscerate+1","Underhanded Strike+1"],"picked":"Caltrops","floor":34},{"not_picked":["Underhanded Strike+1","Grand Finale+1"],"picked":"Poisoned Stab+1","floor":34},{"not_picked":["Bane+1","Quick Slash+1"],"picked":"Bouncing Flask+1","floor":35},{"not_picked":["Bane+1","Underhanded Strike+1"],"picked":"Dodge and Roll+1","floor":37},{"not_picked":["Accuracy","Quick Slash+1"],"picked":"Backflip+1","floor":38},{"not_picked":["Secret Technique+1","Magnetism"],"picked":"Mind Blast+1","floor":39},{"not_picked":["Outmaneuver+1","Eviscerate+1","Poisoned Stab+1"],"picked":"SKIP","floor":44},{"not_picked":["Skewer+1","Prepared+1"],"picked":"Blade Dance+1","floor":46},{"not_picked":["Well Laid Plans","Caltrops"],"picked":"Crippling Poison+1","floor":48}],"player_experience":234967,"relics_obtained":[{"floor":7,"key":"Girya"},{"floor":9,"key":"The Courier"},{"floor":21,"key":"PreservedInsect"},{"floor":23,"key":"Molten Egg 2"},{"floor":26,"key":"Toxic Egg 2"},{"floor":31,"key":"Bottled Lightning"},{"floor":38,"key":"Shovel"},{"floor":40,"key":"Paper Crane"},{"floor":43,"key":"Omamori"},{"floor":44,"key":"Strawberry"},{"floor":47,"key":"Gremlin Horn"},{"floor":48,"key":"Oddly Smooth Stone"}],"event_choices":[{"cards_removed":["Strike_G"],"damage_healed":0,"gold_gain":0,"player_choice":"Card Removal","damage_taken":0,"max_hp_gain":0,"max_hp_loss":0,"event_name":"The Cleric","floor":3,"gold_loss":50},{"damage_healed":0,"gold_gain":0,"player_choice":"Entered Light","damage_taken":14,"max_hp_gain":0,"max_hp_loss":0,"event_name":"Shining Light","floor":5,"gold_loss":0,"cards_upgraded":["Defend_G","Defend_G"]},{"cards_removed":["Defend_G"],"damage_healed":0,"gold_gain":0,"player_choice":"Card Removal","damage_taken":7,"max_hp_gain":0,"max_hp_loss":0,"event_name":"Golden Wing","floor":11,"gold_loss":0},{"damage_healed":0,"gold_gain":0,"player_choice":"Ignored","damage_taken":0,"max_hp_gain":0,"max_hp_loss":0,"event_name":"Ghosts","floor":19,"gold_loss":0},{"damage_healed":0,"gold_gain":0,"player_choice":"Shed Blood","damage_taken":18,"max_hp_gain":5,"max_hp_loss":0,"event_name":"Forgotten Altar","floor":20,"gold_loss":0},{"cards_removed":["Strike_G"],"damage_healed":0,"gold_gain":0,"player_choice":"Purged","damage_taken":0,"max_hp_gain":0,"max_hp_loss":0,"event_name":"Purifier","floor":27,"gold_loss":0},{"cards_removed":["Strike_G"],"damage_healed":0,"gold_gain":0,"player_choice":"Elegance","damage_taken":0,"max_hp_gain":0,"max_hp_loss":0,"event_name":"Back to Basics","floor":28,"gold_loss":0},{"damage_healed":19,"gold_gain":0,"player_choice":"Writhe","damage_taken":0,"max_hp_gain":0,"max_hp_loss":0,"event_name":"Winding Halls","floor":36,"gold_loss":0,"cards_obtained":["Writhe"]},{"damage_healed":0,"gold_gain":0,"player_choice":"Fight","damage_taken":0,"max_hp_gain":0,"max_hp_loss":0,"event_name":"Mysterious Sphere","floor":38,"gold_loss":0},{"damage_healed":0,"gold_gain":0,"player_choice":"Memory 1","damage_taken":0,"max_hp_gain":0,"max_hp_loss":0,"event_name":"SensoryStone","floor":39,"gold_loss":0},{"damage_healed":57,"gold_gain":0,"player_choice":"Heal","damage_taken":0,"max_hp_gain":0,"max_hp_loss":0,"event_name":"MindBloom","floor":45,"gold_loss":0,"cards_obtained":["Doubt"]}],"is_beta":false,"boss_relics":[{"not_picked":["White Beast Statue","Snecko Eye"],"picked":"Philosopher\u0027s Stone"},{"not_picked":["Velvet Choker","Pandora\u0027s Box"],"picked":"Orrery"}],"items_purged_floors":[],"is_endless":false,"potions_floor_spawned":[2,14,16,22,23,37,46,48],"ascension_level":3}