{"path_per_floor":["M","?","M","?","M","E","M","E","T","E","M","M","E","M","R","B",null,"M","?","$","M","?"],"character_chosen":"IRONCLAD","items_purchased":["Bird Faced Urn","Combust"],"gold_per_floor":[116,116,129,129,148,179,191,220,268,299,315,330,360,376,376,481,481,491,491,44,57,57,57],"floor_reached":23,"campfire_rested":0,"playtime":2020,"current_hp_per_floor":[79,79,79,79,79,79,77,66,66,41,39,35,39,39,39,6,80,37,37,37,20,20,0],"items_purged":["Strike_R"],"gold":57,"score":260,"play_id":"0eb9ddbf-81de-40a2-a0db-ccde72e0c75a","local_time":"20180415205848","is_prod":false,"is_daily":false,"chose_seed":false,"is_ascension_mode":true,"campfire_upgraded":0,"timestamp":1523793528,"path_taken":["M","?","M","?","M","E","M","E","T","E","M","M","E","M","R","BOSS","M","?","$","M","?","E"],"build_version":"2018-04-12","seed_source_timestamp":1382572708036,"purchased_purges":1,"victory":false,"master_deck":["Strike_R","Defend_R","Defend_R","Defend_R","Bash","Ghostly Armor+1","Rage+1","Sever Soul+1","Clash","Rupture","Metallicize","Rupture","Headbutt","Armaments","Dual Wield","Pommel Strike","Rupture","Iron Wave","Berserk","Hemokinesis","Second Wind","Rampage","Heavy Blade","Body Slam","Twin Strike","Sword Boomerang","Combust","Body Slam","Writhe"],"max_hp_per_floor":[80,80,80,80,80,80,80,80,80,80,80,80,80,80,80,80,80,80,80,80,80,80,80],"relics":["Astrolabe","Art of War","Matryoshka","Peace Pipe","Dream Catcher","Ancient Tea Set","Ginger","Juzu Bracelet","Orrery","Bird Faced Urn","Unceasing Top"],"card_choices":[{"not_picked":["Clothesline","Wild Strike"],"picked":"Clash","floor":1},{"not_picked":["Iron Wave","Twin Strike"],"picked":"Rupture","floor":3},{"not_picked":["Searing Blow","Battle Trance"],"picked":"Metallicize","floor":5},{"not_picked":["Flex","Pummel"],"picked":"Rupture","floor":6},{"not_picked":["Burning Pact","Whirlwind"],"picked":"Headbutt","floor":7},{"not_picked":["Evolve","Twin Strike"],"picked":"Armaments","floor":8},{"not_picked":["Twin Strike","Thunderclap"],"picked":"Dual Wield","floor":10},{"not_picked":["Reckless Charge","Dropkick"],"picked":"Pommel Strike","floor":11},{"not_picked":["Pommel Strike","True Grit"],"picked":"Rupture","floor":12},{"not_picked":["Headbutt","Clothesline"],"picked":"Iron Wave","floor":14},{"not_picked":["Double Tap","Bludgeon"],"picked":"Berserk","floor":16},{"not_picked":["True Grit","Fire Breathing"],"picked":"Hemokinesis","floor":17},{"not_picked":["Clothesline","Fiend Fire"],"picked":"Second Wind","floor":17},{"not_picked":["Evolve","Ghostly Armor"],"picked":"Rampage","floor":17},{"not_picked":["Flex","Second Wind"],"picked":"Heavy Blade","floor":17},{"not_picked":["Reckless Charge","Dual Wield"],"picked":"Body Slam","floor":17},{"not_picked":["Shockwave","Searing Blow"],"picked":"Twin Strike","floor":18},{"not_picked":["Reckless Charge","Clothesline"],"picked":"Body Slam","floor":21}],"player_experience":68985,"potions_floor_usage":[10,10,13,16,18,21,23],"damage_taken":[{"damage":1,"enemies":"Cultist","floor":1,"turns":3},{"damage":0,"enemies":"2 Louse","floor":3,"turns":2},{"damage":0,"enemies":"Jaw Worm","floor":5,"turns":2},{"damage":0,"enemies":"Lagavulin","floor":6,"turns":7},{"damage":2,"enemies":"3 Louse","floor":7,"turns":4},{"damage":11,"enemies":"Gremlin Nob","floor":8,"turns":4},{"damage":25,"enemies":"Lagavulin","floor":10,"turns":7},{"damage":2,"enemies":"Blue Slaver","floor":11,"turns":4},{"damage":4,"enemies":"Looter","floor":12,"turns":3},{"damage":11,"enemies":"3 Sentries","floor":13,"turns":9},{"damage":0,"enemies":"Large Slime","floor":14,"turns":5},{"damage":33,"enemies":"The Guardian","floor":16,"turns":11},{"damage":43,"enemies":"3 Byrds","floor":18,"turns":6},{"damage":25,"enemies":"2 Thieves","floor":21,"turns":4},{"damage":28,"enemies":"Slavers","floor":23,"turns":2}],"event_choices":[{"event_name":"The Lab","player_choice":"Got Potions","floor":2,"damage_taken":0},{"event_name":"Accursed Blacksmith","player_choice":"Rummage","floor":4,"damage_taken":0},{"event_name":"The Library","player_choice":"Read","floor":19,"damage_taken":0},{"event_name":"The Mausoleum","player_choice":"Yes","floor":22,"damage_taken":0}],"boss_relics":[{"not_picked":["Runic Cube","Pandora\u0027s Box"],"picked":"Orrery"}],"potions_floor_spawned":[3,8,11,12,13,16,18],"seed_played":"-4520668041932233616","killed_by":"Slavers","ascension_level":1,"is_trial":false}