{"gold_per_floor":[114,43,43,58,73,73,103,118,143,143,143,143,143,173,173,273,273,288,51,51,66,81,111,111,141,191,221,221,49,49,2,2,102,102,117,144,66,42,57,57,57,57,57,57,30,45,75,25,25,25],"floor_reached":50,"playtime":3053,"items_purged":["Strike_R","Defend_R"],"score":580,"play_id":"c1c4fc48-07f0-4b36-8d6d-ad9d55b5ea83","local_time":"20181115170146","daily_mods":["Allstar","Flight","DeadlyEvents"],"is_ascension_mode":false,"campfire_choices":[{"data":"Armaments","floor":6,"key":"SMITH"},{"floor":10,"key":"REST"},{"data":"Discovery","floor":12,"key":"SMITH"},{"data":"Flame Barrier","floor":13,"key":"SMITH"},{"data":"Swift Strike","floor":15,"key":"SMITH"},{"floor":24,"key":"REST"},{"floor":28,"key":"REST"},{"floor":32,"key":"REST"},{"floor":40,"key":"REST"},{"data":"Purity","floor":41,"key":"SMITH"},{"data":"Flex","floor":42,"key":"SMITH"},{"data":"True Grit","floor":49,"key":"SMITH"}],"neow_cost":"","seed_source_timestamp":0,"circlet_count":0,"master_deck":["Strike_R","Strike_R","Strike_R","Strike_R","Defend_R","Defend_R","Defend_R","Bash+1","Violence","Purity+1","Master of Strategy","Swift Strike+1","Discovery+1","Heavy Blade","Metallicize+1","Flame Barrier+1","Armaments+1","Immolate","Cleave","Feed","Power Through","Metamorphosis","Shrug It Off","Flex+1","Flame Barrier+1","Iron Wave","Sentinel","Warcry","Impervious","Wild Strike+1","Seeing Red","Havoc","Infernal Blade+1","Mayhem","Magnetism","True Grit+1"],"special_seed":17850,"relics":["Burning Blood","Darkstone Periapt","Centennial Puzzle","Red Skull","Runic Pyramid","StoneCalendar","Prayer Wheel","Vajra","Pantograph","Molten Egg 2","Busted Crown","Incense Burner","Gremlin Horn","Oddly Smooth Stone"],"potions_floor_usage":[7,8,16,16,23,33,47,50],"damage_taken":[{"damage":2,"enemies":"Small Slimes","floor":1,"turns":3},{"damage":2,"enemies":"Cultist","floor":4,"turns":3},{"damage":2,"enemies":"2 Louse","floor":5,"turns":3},{"damage":31,"enemies":"Gremlin Nob","floor":7,"turns":5},{"damage":12,"enemies":"Exordium Thugs","floor":8,"turns":3},{"damage":9,"enemies":"3 Sentries","floor":14,"turns":5},{"damage":30,"enemies":"Hexaghost","floor":16,"turns":11},{"damage":6,"enemies":"Chosen","floor":18,"turns":4},{"damage":0,"enemies":"3 Byrds","floor":21,"turns":1},{"damage":3,"enemies":"Snake Plant","floor":22,"turns":4},{"damage":53,"enemies":"Book of Stabbing","floor":23,"turns":6},{"damage":28,"enemies":"Slavers","floor":25,"turns":4},{"damage":26,"enemies":"Gremlin Leader","floor":27,"turns":6},{"damage":85,"enemies":"Automaton","floor":33,"turns":14},{"damage":27,"enemies":"3 Darklings","floor":35,"turns":5},{"damage":30,"enemies":"2 Orb Walkers","floor":36,"turns":4},{"damage":6,"enemies":"Orb Walker","floor":39,"turns":4},{"damage":2,"enemies":"3 Darklings","floor":46,"turns":4},{"damage":12,"enemies":"Nemesis","floor":47,"turns":7},{"damage":101,"enemies":"Time Eater","floor":50,"turns":14}],"seed_played":"-5442637841000677310","potions_obtained":[{"floor":1,"key":"Block Potion"},{"floor":5,"key":"Explosive Potion"},{"floor":7,"key":"Weak Potion"},{"floor":14,"key":"Block Potion"},{"floor":18,"key":"FearPotion"},{"floor":27,"key":"BloodPotion"},{"floor":33,"key":"SmokeBomb"},{"floor":39,"key":"SkillPotion"}],"is_trial":false,"path_per_floor":["M","$","?","M","M","R","E","M","T","R","?","R","R","E","R","B",null,"M","$","?","M","M","E","R","E","T","E","R","$","T","$","R","B",null,"M","?","$","$","M","R","R","R","T","?","$","M","E","$","R","B"],"character_chosen":"IRONCLAD","items_purchased":["Metallicize","Metamorphosis","Sentinel","Warcry","Seeing Red","Havoc","True Grit","SkillPotion"],"campfire_rested":5,"item_purchase_floors":[2,19,29,31,37,38,45,48],"current_hp_per_floor":[80,80,80,80,80,80,55,49,49,73,73,73,73,70,70,46,80,84,84,84,84,84,40,66,48,48,28,55,55,55,55,82,21,91,70,49,49,49,52,81,81,81,81,71,71,78,72,72,72,0],"gold":25,"neow_bonus":"","is_prod":false,"is_daily":true,"chose_seed":false,"campfire_upgraded":7,"win_rate":0,"timestamp":1542319306,"path_taken":["M","$","?","M","?","R","E","M","T","R","?","R","R","E","R","BOSS","M","$","?","?","M","E","R","E","T","E","R","$","?","?","R","BOSS","M","?","$","$","?","R","R","R","T","?","?","?","E","$","R","BOSS"],"build_version":"2018-11-08","purchased_purges":2,"victory":false,"max_hp_per_floor":[80,80,80,80,80,80,80,80,80,80,80,80,80,80,80,80,80,84,84,84,84,84,87,87,91,91,91,91,91,91,91,91,91,91,91,94,94,94,97,97,97,97,97,97,97,100,100,100,100,100],"card_choices":[{"not_picked":["Sword Boomerang","Body Slam"],"picked":"Heavy Blade","floor":1},{"not_picked":["Clash","Infernal Blade"],"picked":"Flame Barrier","floor":4},{"not_picked":["Iron Wave","Headbutt"],"picked":"Armaments","floor":5},{"not_picked":["Fire Breathing","Rupture","Twin Strike"],"picked":"SKIP","floor":7},{"not_picked":["Armaments","Evolve"],"picked":"Immolate","floor":8},{"not_picked":["Twin Strike","Flex"],"picked":"Cleave","floor":14},{"not_picked":["Dark Embrace","Barricade"],"picked":"Feed","floor":16},{"not_picked":["Clash","Second Wind"],"picked":"Power Through","floor":18},{"not_picked":["Headbutt","Rage","Thunderclap+1"],"picked":"SKIP","floor":21},{"not_picked":["Evolve","Double Tap"],"picked":"Flex","floor":22},{"not_picked":["Pommel Strike","Perfected Strike"],"picked":"Flame Barrier+1","floor":23},{"not_picked":["Twin Strike","Sentinel"],"picked":"Iron Wave","floor":25},{"not_picked":["Warcry","Headbutt+1","Anger"],"picked":"SKIP","floor":27},{"not_picked":["Juggernaut","Exhume"],"picked":"Impervious","floor":33},{"not_picked":["Power Through+1"],"picked":"SKIP","floor":35},{"not_picked":["Clash+1"],"picked":"SKIP","floor":35},{"not_picked":[],"picked":"Wild Strike+1","floor":36},{"not_picked":[],"picked":"Infernal Blade+1","floor":39},{"not_picked":["Cleave+1"],"picked":"SKIP","floor":39},{"not_picked":[],"picked":"Mayhem","floor":44},{"not_picked":[],"picked":"Magnetism","floor":44},{"not_picked":["Searing Blow+1"],"picked":"SKIP","floor":46},{"not_picked":["Shrug It Off+1"],"picked":"SKIP","floor":46},{"not_picked":["Perfected Strike+1"],"picked":"SKIP","floor":47}],"player_experience":521995,"relics_obtained":[{"floor":7,"key":"Darkstone Periapt"},{"floor":9,"key":"Centennial Puzzle"},{"floor":14,"key":"Red Skull"},{"floor":23,"key":"StoneCalendar"},{"floor":25,"key":"Prayer Wheel"},{"floor":26,"key":"Vajra"},{"floor":27,"key":"Pantograph"},{"floor":30,"key":"Molten Egg 2"},{"floor":36,"key":"Incense Burner"},{"floor":43,"key":"Gremlin Horn"},{"floor":47,"key":"Oddly Smooth Stone"}],"event_choices":[{"damage_healed":0,"gold_gain":0,"player_choice":"Forge","damage_taken":0,"max_hp_gain":0,"max_hp_loss":0,"event_name":"Accursed Blacksmith","floor":3,"gold_loss":0,"cards_upgraded":["Metallicize"]},{"damage_healed":0,"gold_gain":0,"player_choice":"Upgraded","damage_taken":0,"max_hp_gain":0,"max_hp_loss":0,"event_name":"Upgrade Shrine","floor":11,"gold_loss":0,"cards_upgraded":["Bash"]},{"damage_healed":0,"gold_gain":0,"player_choice":"Read","damage_taken":0,"max_hp_gain":0,"max_hp_loss":0,"event_name":"The Library","floor":20,"gold_loss":0,"cards_obtained":["Shrug It Off"]},{"damage_healed":0,"gold_gain":0,"player_choice":"Fight","damage_taken":0,"max_hp_gain":0,"max_hp_loss":0,"event_name":"Mysterious Sphere","floor":36,"gold_loss":0},{"damage_healed":0,"gold_gain":0,"player_choice":"Memory 3","damage_taken":10,"max_hp_gain":0,"max_hp_loss":0,"event_name":"SensoryStone","floor":44,"gold_loss":0}],"is_beta":false,"boss_relics":[{"not_picked":["Lizard Tail","Pandora\u0027s Box"],"picked":"Runic Pyramid"},{"not_picked":["Calling Bell","Runic Cube"],"picked":"Busted Crown"}],"items_purged_floors":[19,29],"is_endless":false,"potions_floor_spawned":[1,5,7,14,18,27,33,39],"killed_by":"Time Eater","ascension_level":0}