{"gold_per_floor":[114,114,264,283,558,593,593,619,642,384,404,425,425,425,425,425],"floor_reached":16,"playtime":225,"items_purged":["Regret"],"score":236,"play_id":"a563fd5f-1be8-45aa-a8f0-6f20facc05c2","local_time":"20181230170347","is_ascension_mode":true,"campfire_choices":[{"data":"Sweeping Beam","floor":7,"key":"SMITH"},{"data":"Defragment","floor":13,"key":"SMITH"},{"floor":15,"key":"REST"}],"neow_cost":"NONE","seed_source_timestamp":257010224066092,"circlet_count":0,"master_deck":["AscendersBane","Strike_B","Strike_B","Strike_B","Strike_B","Defend_B","Defend_B","Defend_B","Defend_B","Zap","Dualcast","Capacitor","Recycle","Sweeping Beam+1","Defragment+1","Sweeping Beam","Core Surge","Defragment"],"relics":["Cracked Core","NeowsBlessing","Anchor","Mercury Hourglass","Bronze Scales","Orichalcum","Odd Mushroom"],"potions_floor_usage":[8],"damage_taken":[{"damage":0,"enemies":"Jaw Worm","floor":1,"turns":1},{"damage":0,"enemies":"2 Louse","floor":4,"turns":1},{"damage":0,"enemies":"3 Sentries","floor":6,"turns":1},{"damage":38,"enemies":"Gremlin Nob","floor":8,"turns":4},{"damage":0,"enemies":"Cultist","floor":11,"turns":2},{"damage":8,"enemies":"The Mushroom Lair","floor":12,"turns":2},{"damage":44,"enemies":"Slime Boss","floor":16,"turns":5}],"seed_played":"-2483337250791449972","potions_obtained":[{"floor":1,"key":"Poison Potion"},{"floor":4,"key":"Dexterity Potion"},{"floor":12,"key":"Dexterity Potion"}],"is_trial":false,"path_per_floor":["M","?","?","M","?","E","R","E","T","$","M","?","R","?","R","B"],"character_chosen":"DEFECT","items_purchased":["Orichalcum","Sweeping Beam"],"campfire_rested":1,"item_purchase_floors":[10,10],"current_hp_per_floor":[64,64,64,64,64,64,64,26,26,26,26,18,18,18,39,0],"gold":425,"neow_bonus":"THREE_ENEMY_KILL","is_prod":false,"is_daily":false,"chose_seed":false,"campfire_upgraded":2,"win_rate":0,"timestamp":1546207427,"path_taken":["M","?","?","M","?","E","R","E","T","$","?","?","R","?","R","BOSS"],"build_version":"2018-12-20","purchased_purges":1,"victory":false,"max_hp_per_floor":[71,71,71,71,71,71,71,71,71,71,71,71,71,71,71,71],"card_choices":[{"not_picked":["Scrape","Aggregate"],"picked":"Capacitor","floor":1},{"not_picked":["Scrape","Rebound"],"picked":"Recycle","floor":4},{"not_picked":["Conserve Battery","Sunder"],"picked":"Sweeping Beam","floor":6},{"not_picked":["Cold Snap","Ball Lightning"],"picked":"Defragment","floor":8},{"not_picked":["Fusion","Ball Lightning"],"picked":"Core Surge","floor":11},{"not_picked":["Go for the Eyes","Gash"],"picked":"Defragment","floor":12}],"player_experience":455611,"relics_obtained":[{"floor":6,"key":"Anchor"},{"floor":8,"key":"Mercury Hourglass"},{"floor":9,"key":"Bronze Scales"},{"floor":12,"key":"Odd Mushroom"}],"event_choices":[{"damage_healed":0,"gold_gain":0,"player_choice":"Leave","damage_taken":0,"max_hp_gain":0,"max_hp_loss":0,"event_name":"The Cleric","floor":2,"gold_loss":0},{"damage_healed":0,"gold_gain":150,"player_choice":"AGREE","damage_taken":0,"max_hp_gain":0,"max_hp_loss":0,"event_name":"Liars Game","floor":3,"gold_loss":0,"cards_obtained":["Doubt"]},{"damage_healed":0,"gold_gain":275,"player_choice":"Desecrate","damage_taken":0,"max_hp_gain":0,"max_hp_loss":0,"event_name":"Golden Shrine","floor":5,"gold_loss":0,"cards_obtained":["Regret"]},{"damage_healed":0,"gold_gain":0,"player_choice":"Fought Mushrooms","damage_taken":0,"max_hp_gain":0,"max_hp_loss":0,"event_name":"Mushrooms","floor":12,"gold_loss":0},{"cards_removed":["Doubt"],"damage_healed":0,"gold_gain":0,"player_choice":"Removed Curses","damage_taken":0,"max_hp_gain":0,"max_hp_loss":0,"event_name":"Fountain of Cleansing","floor":14,"gold_loss":0}],"is_beta":false,"boss_relics":[],"items_purged_floors":[10],"is_endless":false,"potions_floor_spawned":[1,4,12],"killed_by":"Slime Boss","ascension_level":16}