{"gold_per_floor":[12,12,28,46,56,56,84,84,133,133,149,160,177,177],"floor_reached":14,"playtime":570,"items_purged":[],"score":150,"play_id":"a4a43333-c4af-4915-94e1-a6906ab8b482","local_time":"20181102222436","is_ascension_mode":true,"campfire_choices":[{"data":"Fission","floor":6,"key":"SMITH"},{"data":"Defragment","floor":8,"key":"SMITH"},{"floor":10,"key":"REST"}],"neow_cost":"NO_GOLD","seed_source_timestamp":189912623899129,"circlet_count":0,"master_deck":["AscendersBane","Strike_B","Strike_B","Strike_B","Defend_B","Defend_B","Defend_B","Zap","Dualcast","Go for the Eyes","Turbo","Fission+1","Defragment+1","Storm","Cold Snap","Chill"],"relics":["Cracked Core","FaceOfCleric","Darkstone Periapt","Boot"],"potions_floor_usage":[12],"damage_taken":[{"damage":8,"enemies":"Jaw Worm","floor":1,"turns":4},{"damage":1,"enemies":"Cultist","floor":3,"turns":3},{"damage":4,"enemies":"Small Slimes","floor":4,"turns":3},{"damage":13,"enemies":"2 Fungi Beasts","floor":5,"turns":4},{"damage":37,"enemies":"Lagavulin","floor":7,"turns":9},{"damage":16,"enemies":"Blue Slaver","floor":11,"turns":3},{"damage":7,"enemies":"Exordium Wildlife","floor":12,"turns":3},{"damage":8,"enemies":"Exordium Thugs","floor":13,"turns":4},{"damage":5,"enemies":"Lots of Slimes","floor":14,"turns":1}],"seed_played":"-7983949368576844367","potions_obtained":[{"floor":1,"key":"Weak Potion"},{"floor":4,"key":"Fire Potion"}],"is_trial":false,"path_per_floor":["M","?","M","M","M","R","E","R","T","R","M","M","M","M"],"character_chosen":"DEFECT","items_purchased":[],"campfire_rested":1,"item_purchase_floors":[],"current_hp_per_floor":[60,60,60,57,45,45,9,9,9,32,17,11,4,0],"gold":177,"neow_bonus":"REMOVE_TWO","is_prod":false,"is_daily":false,"chose_seed":false,"campfire_upgraded":2,"win_rate":0,"timestamp":1541165076,"path_taken":["M","?","?","M","M","R","E","R","T","R","M","M","M","M"],"build_version":"2018-11-01","purchased_purges":0,"victory":false,"max_hp_per_floor":[75,75,76,77,78,78,79,79,79,79,80,81,82,82],"card_choices":[{"not_picked":["Fusion","Gash"],"picked":"Go for the Eyes","floor":1},{"not_picked":["Compile Driver","Steam"],"picked":"Turbo","floor":3},{"not_picked":["Compile Driver","Scrape","Steam"],"picked":"SKIP","floor":4},{"not_picked":["Gash","Steam"],"picked":"Fission","floor":5},{"not_picked":["Ball Lightning","Loop"],"picked":"Defragment","floor":7},{"not_picked":["Darkness","Redo"],"picked":"Storm","floor":11},{"not_picked":["Consume","Sweeping Beam"],"picked":"Cold Snap","floor":12},{"not_picked":["Leap","Storm"],"picked":"Chill","floor":13}],"player_experience":549837,"relics_obtained":[{"floor":7,"key":"Darkstone Periapt"},{"floor":9,"key":"Boot"}],"event_choices":[{"damage_healed":0,"gold_gain":0,"player_choice":"Trade","damage_taken":0,"relics_obtained":["FaceOfCleric"],"max_hp_gain":0,"max_hp_loss":0,"event_name":"FaceTrader","floor":2,"gold_loss":0}],"is_beta":false,"boss_relics":[],"items_purged_floors":[],"is_endless":false,"potions_floor_spawned":[1,4,7,11],"killed_by":"Lots of Slimes","ascension_level":12}