{"gold_per_floor":[119,84,84,103,54,84,259,289,312,324,371,400,439,431,443,556,568,592,623,635,647,231,231,248,268,268,367,367,109,143,161,161,261,261,280,297,52,68,88,118,118,118],"floor_reached":42,"playtime":1614,"items_purged":["Strike_B","Strike_B"],"score":823,"play_id":"48ea99d2-3b5b-43ce-8e36-0a386e3ae449","local_time":"20181226202427","is_ascension_mode":true,"campfire_choices":[{"floor":15,"key":"REST"},{"data":"Creative AI","floor":23,"key":"SMITH"},{"floor":32,"key":"REST"}],"neow_cost":"NONE","seed_source_timestamp":263376028071064,"circlet_count":0,"master_deck":["AscendersBane","Strike_B","Defend_B","Defend_B","Defend_B","Defend_B","Zap","Dualcast","Steam Power","Sunder+1","Rebound","Cold Snap+1","Reinforced Body+1","Defragment","Electrodynamics","Glacier+1","Consume","Creative AI+1","Hologram+1","Coolheaded","Blizzard","Loop","Biased Cognition","Storm+1","Conserve Battery+1"],"relics":["Cracked Core","NeowsBlessing","Whetstone","DataDisk","MawBank","Dodecahedron","Bag of Preparation","Busted Crown","Runic Capacitor","Art of War","StoneCalendar","Enchiridion","Lee\u0027s Waffle","Centennial Puzzle","Sozu","War Paint","Dead Branch"],"potions_floor_usage":[13,16,40,40],"damage_taken":[{"damage":0,"enemies":"Cultist","floor":1,"turns":1},{"damage":0,"enemies":"Small Slimes","floor":4,"turns":1},{"damage":0,"enemies":"Lagavulin","floor":6,"turns":1},{"damage":26,"enemies":"Gremlin Nob","floor":8,"turns":4},{"damage":17,"enemies":"Lagavulin","floor":11,"turns":6},{"damage":0,"enemies":"2 Louse","floor":12,"turns":2},{"damage":16,"enemies":"Gremlin Nob","floor":13,"turns":3},{"damage":14,"enemies":"The Guardian","floor":16,"turns":19},{"damage":1,"enemies":"3 Byrds","floor":18,"turns":3},{"damage":27,"enemies":"Spheric Guardian","floor":19,"turns":4},{"damage":0,"enemies":"3 Cultists","floor":24,"turns":4},{"damage":20,"enemies":"Snake Plant","floor":25,"turns":6},{"damage":36,"enemies":"Slavers","floor":30,"turns":3},{"damage":4,"enemies":"Chosen and Byrds","floor":31,"turns":5},{"damage":16,"enemies":"Champ","floor":33,"turns":8},{"damage":16,"enemies":"Orb Walker","floor":35,"turns":4},{"damage":0,"enemies":"3 Shapes","floor":36,"turns":2},{"damage":0,"enemies":"Sphere and 2 Shapes","floor":38,"turns":4},{"damage":0,"enemies":"Maw","floor":39,"turns":6},{"damage":25,"enemies":"Nemesis","floor":40,"turns":3},{"damage":36,"enemies":"Reptomancer","floor":42,"turns":2}],"seed_played":"-5838615867636226299","potions_obtained":[{"floor":1,"key":"SteroidPotion"},{"floor":4,"key":"FocusPotion"},{"floor":8,"key":"PowerPotion"},{"floor":14,"key":"SpeedPotion"},{"floor":18,"key":"Ancient Potion"},{"floor":31,"key":"Swift Potion"}],"is_trial":false,"path_per_floor":["M","$","?","M","$","E","?","E","T","?","E","M","E","?","R","B",null,"M","M","?","?","$","R","M","M","T","?","?","$","E","M","R","B",null,"M","M","$","M","M","E","$","E"],"character_chosen":"DEFECT","items_purchased":["Sunder","Cold Snap","Runic Capacitor","Art of War","Lee\u0027s Waffle","Coolheaded","War Paint"],"campfire_rested":2,"item_purchase_floors":[2,5,22,22,29,29,37],"current_hp_per_floor":[68,68,68,68,68,68,68,42,42,42,25,25,9,9,31,17,61,60,33,58,58,58,58,58,38,38,38,22,82,46,42,66,50,74,58,58,58,58,58,33,33,0],"gold":118,"neow_bonus":"THREE_ENEMY_KILL","is_prod":false,"is_daily":false,"chose_seed":false,"campfire_upgraded":1,"win_rate":0,"timestamp":1545873867,"path_taken":["M","$","?","M","?","E","?","E","T","?","E","?","E","?","R","BOSS","M","?","?","?","$","R","M","M","T","?","?","$","E","M","R","BOSS","M","M","$","M","M","E","$","E"],"build_version":"2018-12-20","purchased_purges":2,"victory":false,"max_hp_per_floor":[75,75,75,75,75,75,75,75,75,75,75,75,75,75,75,75,75,75,75,75,75,75,75,75,75,75,75,75,82,82,82,82,82,82,82,82,82,82,82,82,82,82],"card_choices":[{"not_picked":["Static Discharge","Force Field"],"picked":"Steam Power","floor":1},{"not_picked":["Blizzard","Tempest"],"picked":"Rebound","floor":4},{"not_picked":["Chaos","Rebound"],"picked":"Reinforced Body","floor":6},{"not_picked":["Melter","Doom and Gloom"],"picked":"Defragment","floor":8},{"not_picked":["Compile Driver","Rip and Tear"],"picked":"Electrodynamics","floor":11},{"not_picked":["Steam Power","Turbo"],"picked":"Glacier","floor":12},{"not_picked":["Melter","Meteor Strike"],"picked":"Consume","floor":13},{"not_picked":["Fission","Meteor Strike"],"picked":"Creative AI","floor":16},{"not_picked":["Go for the Eyes"],"picked":"SKIP","floor":18},{"not_picked":["Sweeping Beam"],"picked":"SKIP","floor":19},{"not_picked":["Go for the Eyes"],"picked":"SKIP","floor":24},{"not_picked":[],"picked":"Hologram+1","floor":25},{"not_picked":[],"picked":"Blizzard","floor":30},{"not_picked":[],"picked":"Loop","floor":31},{"not_picked":[],"picked":"Biased Cognition","floor":33},{"not_picked":[],"picked":"Storm+1","floor":35},{"not_picked":["Conserve Battery"],"picked":"SKIP","floor":36},{"not_picked":["Fusion+1"],"picked":"SKIP","floor":38},{"not_picked":[],"picked":"Conserve Battery+1","floor":39},{"not_picked":["Compile Driver"],"picked":"SKIP","floor":40}],"player_experience":408529,"relics_obtained":[{"floor":6,"key":"Whetstone"},{"floor":8,"key":"DataDisk"},{"floor":9,"key":"MawBank"},{"floor":11,"key":"Dodecahedron"},{"floor":13,"key":"Bag of Preparation"},{"floor":26,"key":"StoneCalendar"},{"floor":28,"key":"Enchiridion"},{"floor":30,"key":"Centennial Puzzle"},{"floor":40,"key":"Dead Branch"}],"event_choices":[{"cards_removed":["Strike_B"],"damage_healed":0,"gold_gain":0,"player_choice":"Offered Basic","damage_taken":0,"max_hp_gain":0,"max_hp_loss":0,"event_name":"Bonfire Elementals","floor":3,"gold_loss":0},{"damage_healed":0,"gold_gain":175,"player_choice":"AGREE","damage_taken":0,"max_hp_gain":0,"max_hp_loss":0,"event_name":"Liars Game","floor":7,"gold_loss":0,"cards_obtained":["Doubt"]},{"cards_removed":["Doubt"],"damage_healed":0,"gold_gain":0,"player_choice":"Removed Curses","damage_taken":0,"max_hp_gain":0,"max_hp_loss":0,"event_name":"Fountain of Cleansing","floor":10,"gold_loss":0},{"damage_healed":0,"gold_gain":0,"player_choice":"Bought 1 Potion","damage_taken":0,"max_hp_gain":0,"max_hp_loss":0,"event_name":"The Woman in Blue","floor":14,"gold_loss":0},{"damage_healed":25,"gold_gain":0,"player_choice":"Heal","damage_taken":0,"max_hp_gain":0,"max_hp_loss":0,"event_name":"The Library","floor":20,"gold_loss":0},{"damage_healed":0,"gold_gain":0,"player_choice":"Ignored","damage_taken":0,"max_hp_gain":0,"max_hp_loss":0,"event_name":"Vampires","floor":21,"gold_loss":0},{"damage_healed":0,"gold_gain":99,"player_choice":"Stole From Cult","damage_taken":0,"max_hp_gain":0,"max_hp_loss":0,"event_name":"Nest","floor":27,"gold_loss":0},{"damage_healed":0,"gold_gain":0,"player_choice":"Obtained Book","damage_taken":16,"max_hp_gain":0,"max_hp_loss":0,"event_name":"Cursed Tome","floor":28,"gold_loss":0}],"is_beta":false,"boss_relics":[{"not_picked":["Nuclear Battery","Coffee Dripper"],"picked":"Busted Crown"},{"not_picked":["Empty Cage","FrozenCore"],"picked":"Sozu"}],"items_purged_floors":[22,37],"is_endless":false,"potions_floor_spawned":[1,4,6,8,18,24,31,36],"killed_by":"Reptomancer","ascension_level":12}