{"gold_per_floor":[110,110,110,110,134,134,147,178,259,259,259,280,280,205,205,301,301,317,341,341],"floor_reached":20,"playtime":600,"items_purged":["Strike_B"],"score":318,"play_id":"ef53aa10-1fee-4f7a-a07c-ba9de389aaa6","local_time":"20190102202931","is_ascension_mode":true,"campfire_choices":[{"data":"Zap","floor":6,"key":"SMITH"},{"floor":10,"key":"REST"},{"data":"Dualcast","floor":13,"key":"SMITH"},{"data":"Conserve Battery","floor":15,"key":"SMITH"}],"neow_cost":"NONE","seed_source_timestamp":1394807103796084,"circlet_count":0,"master_deck":["AscendersBane","Strike_B","Strike_B","Defend_B","Defend_B","Zap+1","Dualcast+1","BootSequence","Static Discharge","Conserve Battery+1","Chill","Gash","Seek","Auto Shields"],"relics":["Cracked Core","NeowsBlessing","Golden Idol","Pantograph","Potion Belt","Kunai","Empty Cage"],"potions_floor_usage":[5,8],"damage_taken":[{"damage":0,"enemies":"Cultist","floor":1,"turns":1},{"damage":0,"enemies":"Jaw Worm","floor":5,"turns":1},{"damage":0,"enemies":"Small Slimes","floor":7,"turns":1},{"damage":65,"enemies":"Gremlin Nob","floor":8,"turns":5},{"damage":11,"enemies":"Exordium Thugs","floor":12,"turns":6},{"damage":51,"enemies":"The Guardian","floor":16,"turns":13},{"damage":39,"enemies":"Chosen","floor":18,"turns":6},{"damage":14,"enemies":"Spheric Guardian","floor":19,"turns":5},{"damage":8,"enemies":"Centurion and Healer","floor":20,"turns":5}],"seed_played":"4771756916336550509","potions_obtained":[{"floor":5,"key":"Fruit Juice"},{"floor":7,"key":"Energy Potion"},{"floor":12,"key":"FearPotion"},{"floor":18,"key":"Fire Potion"}],"is_trial":false,"path_per_floor":["M","?","T","?","M","R","M","E","T","R","?","M","R","$","R","B",null,"M","M","M"],"character_chosen":"DEFECT","items_purchased":[],"campfire_rested":1,"item_purchase_floors":[],"current_hp_per_floor":[64,64,64,64,69,69,69,4,4,24,47,36,36,36,36,10,54,15,1,0],"gold":341,"neow_bonus":"THREE_ENEMY_KILL","is_prod":false,"is_daily":false,"chose_seed":false,"campfire_upgraded":3,"win_rate":0,"timestamp":1546428571,"path_taken":["M","?","?","?","?","R","M","E","T","R","?","M","R","$","R","BOSS","M","M","M"],"build_version":"2018-12-20","purchased_purges":1,"victory":false,"max_hp_per_floor":[71,64,64,64,69,69,69,69,69,69,69,69,69,69,69,69,69,69,69,69],"card_choices":[{"not_picked":["Rebound","Compile Driver"],"picked":"BootSequence","floor":1},{"not_picked":["Double Energy","Redo"],"picked":"Static Discharge","floor":5},{"not_picked":["Hologram","Stack"],"picked":"Conserve Battery","floor":7},{"not_picked":["BootSequence","Turbo"],"picked":"Chill","floor":8},{"not_picked":["Leap","Stack"],"picked":"Gash","floor":12},{"not_picked":["Rainbow","Reboot"],"picked":"Seek","floor":16},{"not_picked":["Barrage","Compile Driver"],"picked":"Auto Shields","floor":18},{"not_picked":["Auto Shields","Barrage","Heatsinks"],"picked":"SKIP","floor":19}],"player_experience":714038,"relics_obtained":[{"floor":3,"key":"Pantograph"},{"floor":8,"key":"Potion Belt"},{"floor":9,"key":"Kunai"}],"event_choices":[{"damage_healed":0,"gold_gain":0,"player_choice":"Lose Max HP","damage_taken":0,"relics_obtained":["Golden Idol"],"max_hp_gain":0,"max_hp_loss":7,"event_name":"Golden Idol","floor":2,"gold_loss":0},{"cards_removed":["Strike_B"],"damage_healed":0,"gold_gain":0,"player_choice":"Purged","damage_taken":0,"max_hp_gain":0,"max_hp_loss":0,"event_name":"Purifier","floor":4,"gold_loss":0},{"damage_healed":23,"gold_gain":0,"player_choice":"Banana","damage_taken":0,"max_hp_gain":0,"max_hp_loss":0,"event_name":"Big Fish","floor":11,"gold_loss":0}],"is_beta":false,"boss_relics":[{"not_picked":["Fusion Hammer","Tiny House"],"picked":"Empty Cage"}],"items_purged_floors":[14],"is_endless":false,"potions_floor_spawned":[5,7,12,18],"killed_by":"Centurion and Healer","ascension_level":17}