{"gold_per_floor":[113,73,85,105,115,115,140,150,229,261,261,278,278,353,353,458,458,470,452,452,452,487,487,29,57,57,57,82,82,94,105,105,201,201,216,216,216,438,538,569,569,594,594,614,639,44,68,98,98,98,98,98,49,78,78],"floor_reached":55,"playtime":4896,"items_purged":["Strike_R","Dual Wield"],"score":1069,"play_id":"03573040-620a-40b4-9c74-efacd4589fa8","local_time":"20190107192625","is_ascension_mode":true,"campfire_choices":[{"data":"Seeing Red","floor":6,"key":"SMITH"},{"data":"Madness","floor":13,"key":"SMITH"},{"data":"Bash","floor":15,"key":"SMITH"},{"data":"Barricade","floor":23,"key":"SMITH"},{"data":"Infernal Blade","floor":27,"key":"SMITH"},{"floor":32,"key":"REST"},{"floor":41,"key":"RECALL"},{"data":"Juggernaut","floor":49,"key":"SMITH"},{"data":"Inflame","floor":52,"key":"SMITH"}],"neow_cost":"NONE","seed_source_timestamp":1110907824665097,"circlet_count":0,"master_deck":["Strike_R","Strike_R","Defend_R","Defend_R","Defend_R","Defend_R","Bash","Seeing Red+1","Inflame+1","Twin Strike","Cleave","Infernal Blade+1","Heavy Blade","Iron Wave","Rampage","Bash+1","Madness+1","Dropkick","Barricade+1","Ghostly+1","Ghostly","Ghostly+1","Ghostly","Ghostly","Metallicize","Body Slam+1","Writhe","Ghostly Armor+1","Shrug It Off+1","Juggernaut+1","Anger+1","Body Slam+1","Fire Breathing+1","Twin Strike+1","Metallicize+1"],"relics":["Black Blood","Gremlin Horn","Singing Bowl","Torii","Red Mask","Incense Burner","Bag of Marbles","Pear","Dodecahedron","Ornamental Fan","Velvet Choker","Prayer Wheel","Bronze Scales","StoneCalendar","Du-Vu Doll","Ginger","War Paint","Regal Pillow","Ancient Tea Set","Happy Flower"],"potions_floor_usage":[2,5,10,10,16,22,25,25,33,40,42,45,50,50,54,55],"damage_taken":[{"damage":1,"enemies":"Cultist","floor":1,"turns":3},{"damage":7,"enemies":"2 Louse","floor":3,"turns":3},{"damage":2,"enemies":"Jaw Worm","floor":4,"turns":3},{"damage":1,"enemies":"2 Fungi Beasts","floor":5,"turns":3},{"damage":18,"enemies":"3 Sentries","floor":7,"turns":4},{"damage":11,"enemies":"3 Louse","floor":8,"turns":3},{"damage":16,"enemies":"Gremlin Nob","floor":10,"turns":3},{"damage":0,"enemies":"Exordium Wildlife","floor":12,"turns":1},{"damage":39,"enemies":"Hexaghost","floor":16,"turns":7},{"damage":6,"enemies":"3 Byrds","floor":18,"turns":4},{"damage":39,"enemies":"2 Thieves","floor":19,"turns":4},{"damage":23,"enemies":"Masked Bandits","floor":22,"turns":7},{"damage":14,"enemies":"Slavers","floor":25,"turns":8},{"damage":5,"enemies":"Gremlin Leader","floor":28,"turns":10},{"damage":3,"enemies":"Snake Plant","floor":30,"turns":7},{"damage":30,"enemies":"Shelled Parasite and Fungi","floor":31,"turns":10},{"damage":26,"enemies":"Automaton","floor":33,"turns":14},{"damage":0,"enemies":"3 Darklings","floor":35,"turns":7},{"damage":0,"enemies":"Mind Bloom Boss Battle","floor":39,"turns":8},{"damage":0,"enemies":"Reptomancer","floor":40,"turns":8},{"damage":9,"enemies":"Nemesis","floor":42,"turns":9},{"damage":0,"enemies":"Orb Walker","floor":44,"turns":6},{"damage":20,"enemies":"Reptomancer","floor":45,"turns":7},{"damage":0,"enemies":"Giant Head","floor":48,"turns":8},{"damage":0,"enemies":"Time Eater","floor":50,"turns":9},{"damage":0,"enemies":"Shield and Spear","floor":54,"turns":7},{"damage":70,"enemies":"The Heart","floor":55,"turns":11}],"seed_played":"-5519173458678315753","potions_obtained":[{"floor":2,"key":"Fruit Juice"},{"floor":2,"key":"Energy Potion"},{"floor":2,"key":"Swift Potion"},{"floor":3,"key":"Regen Potion"},{"floor":4,"key":"BloodPotion"},{"floor":5,"key":"SpeedPotion"},{"floor":10,"key":"Energy Potion"},{"floor":19,"key":"Energy Potion"},{"floor":22,"key":"Strength Potion"},{"floor":28,"key":"Poison Potion"},{"floor":33,"key":"SteroidPotion"},{"floor":40,"key":"Weak Potion"},{"floor":42,"key":"FearPotion"},{"floor":44,"key":"Regen Potion"},{"floor":54,"key":"Swift Potion"}],"is_trial":false,"path_per_floor":["M","?","M","M","M","R","E","M","T","E","?","M","R","?","R","B",null,"M","M","?","?","?","R","$","E","T","R","E","?","M","M","R","B",null,"M","?","$","?","?","E","R","E","T","M","E","$","T","E","R","B",null,"R","$","E","B"],"character_chosen":"IRONCLAD","items_purchased":["Incense Burner","Metallicize","Ginger","War Paint","Dexterity Potion","Weak Potion"],"campfire_rested":1,"item_purchase_floors":[24,24,46,46,46,53],"current_hp_per_floor":[80,85,84,85,85,85,73,68,68,66,66,72,72,61,61,28,85,87,60,44,44,33,33,33,31,41,41,46,46,53,33,50,34,58,58,58,58,58,60,62,62,62,62,64,64,64,64,64,64,64,64,64,64,66,0],"gold":78,"neow_bonus":"TRANSFORM_CARD","is_prod":false,"is_daily":false,"chose_seed":false,"campfire_upgraded":7,"win_rate":0,"timestamp":1546907185,"path_taken":["M","?","?","M","M","R","E","M","T","E","?","?","R","?","R","BOSS","M","M","?","?","?","R","$","E","T","R","E","?","M","?","R","BOSS","M","?","$","?","?","E","R","E","T","M","E","$","?","E","R","BOSS","R","$","E","BOSS"],"build_version":"2019-01-03v4","purchased_purges":2,"victory":false,"max_hp_per_floor":[80,85,85,85,85,85,85,85,85,85,85,85,85,85,85,85,85,87,89,44,44,46,46,46,48,58,58,58,58,58,58,58,58,58,58,58,58,58,60,62,62,62,62,64,64,64,64,64,64,64,64,64,64,66,66],"card_choices":[{"not_picked":["Body Slam","Cleave"],"picked":"Inflame","floor":1},{"not_picked":["Perfected Strike","Flex"],"picked":"Twin Strike","floor":3},{"not_picked":["Perfected Strike","Sword Boomerang"],"picked":"Cleave","floor":4},{"not_picked":["Clash","Body Slam"],"picked":"Infernal Blade","floor":5},{"not_picked":["Fiend Fire","Pommel Strike"],"picked":"Heavy Blade","floor":7},{"not_picked":["Sever Soul","Clothesline"],"picked":"Iron Wave","floor":8},{"not_picked":["Headbutt","Shockwave"],"picked":"Rampage","floor":10},{"not_picked":["Clash","True Grit"],"picked":"Dropkick","floor":12},{"not_picked":["Dark Embrace","Offering"],"picked":"Barricade","floor":16},{"not_picked":["Pommel Strike","Second Wind+1","Warcry+1"],"picked":"Singing Bowl","floor":18},{"not_picked":["Iron Wave","Shockwave","Pommel Strike"],"picked":"Singing Bowl","floor":19},{"not_picked":["True Grit","Body Slam","Clothesline"],"picked":"Singing Bowl","floor":22},{"not_picked":["Cleave","Dual Wield+1","Pommel Strike"],"picked":"Singing Bowl","floor":25},{"not_picked":["Fiend Fire","Clothesline+1"],"picked":"Body Slam+1","floor":28},{"not_picked":["Havoc","Perfected Strike"],"picked":"Ghostly Armor+1","floor":30},{"not_picked":["Body Slam","Headbutt"],"picked":"Shrug It Off+1","floor":31},{"not_picked":["Exhume","Offering"],"picked":"Juggernaut","floor":33},{"not_picked":["Shrug It Off+1","Sword Boomerang"],"picked":"Anger+1","floor":35},{"not_picked":["Reckless Charge","Perfected Strike","Clash+1"],"picked":"Singing Bowl","floor":39},{"not_picked":["Shockwave","Bludgeon","Cleave+1"],"picked":"Singing Bowl","floor":40},{"not_picked":["Hemokinesis","Exhume"],"picked":"Body Slam+1","floor":42},{"not_picked":["Shrug It Off+1","Body Slam","Clash+1"],"picked":"Singing Bowl","floor":44},{"not_picked":["Seeing Red+1","Thunderclap+1"],"picked":"Fire Breathing+1","floor":44},{"not_picked":["Shrug It Off","Warcry"],"picked":"Twin Strike+1","floor":45},{"not_picked":["Fiend Fire","Clothesline+1"],"picked":"Metallicize+1","floor":48},{"not_picked":["Shrug It Off","Havoc","Whirlwind+1"],"picked":"Singing Bowl","floor":54}],"player_experience":172784,"relics_obtained":[{"floor":7,"key":"Gremlin Horn"},{"floor":9,"key":"Singing Bowl"},{"floor":10,"key":"Torii"},{"floor":22,"key":"Red Mask"},{"floor":25,"key":"Bag of Marbles"},{"floor":26,"key":"Pear"},{"floor":28,"key":"Dodecahedron"},{"floor":39,"key":"Prayer Wheel"},{"floor":40,"key":"Bronze Scales"},{"floor":42,"key":"StoneCalendar"},{"floor":45,"key":"Du-Vu Doll"},{"floor":47,"key":"Regal Pillow"},{"floor":48,"key":"Ancient Tea Set"},{"floor":54,"key":"Happy Flower"}],"event_choices":[{"damage_healed":0,"gold_gain":0,"player_choice":"Bought 3 Potions","damage_taken":0,"max_hp_gain":0,"max_hp_loss":0,"event_name":"The Woman in Blue","floor":2,"gold_loss":0},{"damage_healed":0,"gold_gain":0,"player_choice":"2 cards matched","damage_taken":0,"max_hp_gain":0,"max_hp_loss":0,"event_name":"Match and Keep!","floor":11,"gold_loss":0,"cards_obtained":["Bash","Madness"]},{"damage_healed":0,"gold_gain":75,"player_choice":"Gather Gold","damage_taken":11,"max_hp_gain":0,"max_hp_loss":0,"event_name":"World of Goop","floor":14,"gold_loss":0},{"damage_healed":0,"gold_gain":0,"player_choice":"Became a Ghost","damage_taken":0,"max_hp_gain":0,"max_hp_loss":45,"event_name":"Ghosts","floor":20,"gold_loss":0,"cards_obtained":["Ghostly","Ghostly","Ghostly","Ghostly","Ghostly"]},{"damage_healed":0,"gold_gain":0,"player_choice":"Read","damage_taken":0,"max_hp_gain":0,"max_hp_loss":0,"event_name":"The Library","floor":21,"gold_loss":0,"cards_obtained":["Dual Wield"]},{"damage_healed":0,"gold_gain":0,"player_choice":"Fought Bandits","damage_taken":0,"max_hp_gain":0,"max_hp_loss":0,"event_name":"Masked Bandits","floor":22,"gold_loss":0},{"damage_healed":0,"gold_gain":0,"player_choice":"Opened","damage_taken":0,"relics_obtained":["Ornamental Fan"],"max_hp_gain":0,"max_hp_loss":0,"event_name":"The Mausoleum","floor":29,"gold_loss":0,"cards_obtained":["Writhe"]},{"cards_removed":["Strike_R"],"damage_healed":0,"gold_gain":0,"player_choice":"Removed Attack","damage_taken":0,"max_hp_gain":0,"max_hp_loss":0,"event_name":"Falling","floor":36,"gold_loss":0},{"damage_healed":0,"gold_gain":222,"player_choice":"Wore Mask","damage_taken":0,"max_hp_gain":0,"max_hp_loss":0,"event_name":"Tomb of Lord Red Mask","floor":38,"gold_loss":0},{"damage_healed":0,"gold_gain":0,"player_choice":"Fight","damage_taken":0,"max_hp_gain":0,"max_hp_loss":0,"event_name":"MindBloom","floor":39,"gold_loss":0}],"is_beta":false,"boss_relics":[{"not_picked":["Astrolabe","Philosopher\u0027s Stone"],"picked":"Black Blood"},{"not_picked":["Runic Dome","Coffee Dripper"],"picked":"Velvet Choker"}],"items_purged_floors":[24,46],"is_endless":false,"potions_floor_spawned":[3,4,5,8,10,19,22,28,33,40,42,44,54],"killed_by":"The Heart","ascension_level":2}