{"gold_per_floor":[109,109,109,109,125,125,125,125,152,177,252,252,252,291,291,412,475,494,494,494,494,494,494,494,356,381,381,381,381,395,439,439,568,568,591,285,618,395,395,395,395,411,488,488,566,566,576,576,576,576],"floor_reached":51,"playtime":2002,"items_purged":[],"score":751,"play_id":"d5ff1096-80b3-4953-b652-45d5321cf3cf","local_time":"20181026232721","daily_mods":["SealedDeck"],"is_ascension_mode":false,"campfire_choices":[{"data":"Blizzard","floor":6,"key":"SMITH"},{"data":"Capacitor","floor":8,"key":"SMITH"},{"data":"Coolheaded","floor":13,"key":"SMITH"},{"floor":15,"key":"REST"},{"data":"Glacier","floor":23,"key":"SMITH"},{"data":"Seek","floor":24,"key":"SMITH"},{"data":"Creative AI","floor":28,"key":"SMITH"},{"floor":32,"key":"REST"},{"data":"Defragment","floor":40,"key":"SMITH"},{"data":"Conserve Battery","floor":44,"key":"SMITH"},{"data":"Conserve Battery","floor":46,"key":"SMITH"},{"floor":49,"key":"REST"}],"neow_cost":"","seed_source_timestamp":0,"circlet_count":0,"master_deck":["Conserve Battery","Leap","Blizzard+1","Cold Snap","Capacitor+1","Conserve Battery+1","Coolheaded+1","Turbo","Reboot","Conserve Battery+1","Coolheaded+1","Seek+1","Glacier+1","Creative AI+1","Conserve Battery","Cold Snap","Echo Form","Conserve Battery","Defragment+1","Madness","Madness","Core Surge"],"relics":["Cracked Core","CultistMask","Lantern","WingedGreaves","Tiny House","Enchiridion","Oddly Smooth Stone","Kunai","Sozu","Incense Burner","Happy Flower","Sundial","Singing Bowl"],"potions_floor_usage":[42,50,50],"damage_taken":[{"damage":0,"enemies":"Jaw Worm","floor":1,"turns":6},{"damage":0,"enemies":"Cultist","floor":5,"turns":6},{"damage":0,"enemies":"2 Louse","floor":10,"turns":3},{"damage":0,"enemies":"3 Sentries","floor":14,"turns":7},{"damage":17,"enemies":"The Guardian","floor":16,"turns":11},{"damage":5,"enemies":"Spheric Guardian","floor":18,"turns":9},{"damage":0,"enemies":"Shell Parasite","floor":30,"turns":7},{"damage":17,"enemies":"Slavers","floor":31,"turns":4},{"damage":49,"enemies":"Collector","floor":33,"turns":13},{"damage":3,"enemies":"Orb Walker","floor":35,"turns":6},{"damage":0,"enemies":"3 Shapes","floor":42,"turns":5},{"damage":0,"enemies":"3 Darklings","floor":47,"turns":5},{"damage":2,"enemies":"Donu and Deca","floor":50,"turns":10}],"seed_played":"-4335947658184375887","potions_obtained":[{"floor":5,"key":"PowerPotion"},{"floor":12,"key":"Fire Potion"},{"floor":12,"key":"Dexterity Potion"},{"floor":14,"key":"AttackPotion"}],"is_trial":true,"path_per_floor":["M","?","?","$","M","R","$","R","T","M","?","?","R","E","R","B",null,"M","?","?","?","?","R","R","$","T","?","R","?","M","E","R","B",null,"M","$","?","$","?","R","?","M","T","R","T","R","M","?","R","B"],"character_chosen":"DEFECT","items_purchased":["Creative AI","Incense Burner","Defragment","Happy Flower"],"campfire_rested":3,"item_purchase_floors":[25,36,38,38],"current_hp_per_floor":[75,75,57,57,57,57,57,57,57,57,46,46,46,46,68,51,80,75,75,75,75,59,59,59,59,59,80,80,80,80,63,80,31,80,77,77,77,77,67,67,67,67,67,67,67,67,69,69,82,80],"gold":576,"neow_bonus":"","is_prod":false,"is_daily":false,"chose_seed":false,"campfire_upgraded":9,"win_rate":0,"timestamp":1540564041,"path_taken":["M","?","?","?","M","R","$","R","T","?","?","?","R","E","R","BOSS","M","?","?","?","?","R","R","$","T","?","R","?","?","E","R","BOSS","M","?","?","$","?","R","?","?","T","R","?","R","?","?","R","BOSS"],"build_version":"2018-10-25v2","purchased_purges":0,"victory":true,"max_hp_per_floor":[75,75,75,75,75,75,75,75,75,75,75,75,75,75,75,75,80,80,80,80,80,80,80,80,80,80,80,80,80,80,80,80,80,80,80,80,80,80,80,80,80,80,80,80,80,80,82,82,82,82],"card_choices":[{"not_picked":["Lockon","Hologram"],"picked":"Turbo","floor":1},{"not_picked":["Undo","Steam","Redo"],"picked":"SKIP","floor":5},{"not_picked":["Sunder","Turbo","Stack"],"picked":"SKIP","floor":10},{"not_picked":["Hologram","Beam Cell","Force Field"],"picked":"SKIP","floor":14},{"not_picked":["All For One","Meteor Strike"],"picked":"Reboot","floor":16},{"not_picked":["Ball Lightning","Beam Cell"],"picked":"Conserve Battery","floor":17},{"not_picked":["Beam Cell","Rebound"],"picked":"Coolheaded+1","floor":18},{"not_picked":["Darkness","Reprogram"],"picked":"Conserve Battery","floor":30},{"not_picked":["Gash+1","Reprogram"],"picked":"Cold Snap","floor":31},{"not_picked":["Multi-Cast","Rainbow"],"picked":"Echo Form","floor":33},{"not_picked":["Coolheaded","Redo"],"picked":"Conserve Battery","floor":35},{"not_picked":["Flash of Steel","Dramatic Entrance"],"picked":"Madness","floor":41},{"not_picked":["Double Energy+1","Rebound+1"],"picked":"Core Surge","floor":42},{"not_picked":["Steam","Beam Cell+1","Gash+1"],"picked":"Singing Bowl","floor":47}],"player_experience":547835,"relics_obtained":[{"floor":9,"key":"Lantern"},{"floor":14,"key":"WingedGreaves"},{"floor":22,"key":"Enchiridion"},{"floor":26,"key":"Oddly Smooth Stone"},{"floor":31,"key":"Kunai"},{"floor":43,"key":"Sundial"},{"floor":45,"key":"Singing Bowl"}],"event_choices":[{"damage_healed":0,"gold_gain":0,"player_choice":"Trade","damage_taken":0,"relics_obtained":["CultistMask"],"max_hp_gain":0,"max_hp_loss":0,"event_name":"FaceTrader","floor":2,"gold_loss":0},{"damage_healed":0,"gold_gain":0,"player_choice":"Take Damage","damage_taken":18,"relics_obtained":["Golden Idol"],"max_hp_gain":0,"max_hp_loss":0,"event_name":"Golden Idol","floor":3,"gold_loss":0},{"damage_healed":0,"gold_gain":75,"player_choice":"Gather Gold","damage_taken":11,"max_hp_gain":0,"max_hp_loss":0,"event_name":"World of Goop","floor":11,"gold_loss":0},{"damage_healed":0,"gold_gain":0,"player_choice":"Got Potions","damage_taken":0,"max_hp_gain":0,"max_hp_loss":0,"event_name":"The Lab","floor":12,"gold_loss":0},{"damage_healed":0,"gold_gain":0,"cards_transformed":["Stack"],"player_choice":"Transformed","damage_taken":0,"max_hp_gain":0,"max_hp_loss":0,"event_name":"Transmorgrifier","floor":19,"gold_loss":0,"cards_obtained":["Seek"]},{"cards_removed":["Double Energy"],"damage_healed":0,"gold_gain":0,"player_choice":"Elegance","damage_taken":0,"max_hp_gain":0,"max_hp_loss":0,"event_name":"Back to Basics","floor":20,"gold_loss":0},{"damage_healed":0,"gold_gain":0,"player_choice":"Read","damage_taken":0,"max_hp_gain":0,"max_hp_loss":0,"event_name":"The Library","floor":21,"gold_loss":0,"cards_obtained":["Glacier"]},{"damage_healed":0,"gold_gain":0,"player_choice":"Obtained Book","damage_taken":16,"max_hp_gain":0,"max_hp_loss":0,"event_name":"Cursed Tome","floor":22,"gold_loss":0},{"cards_removed":["Double Energy"],"damage_healed":21,"gold_gain":0,"player_choice":"Offered Uncommon","damage_taken":0,"max_hp_gain":0,"max_hp_loss":0,"event_name":"Bonfire Elementals","floor":27,"gold_loss":0},{"damage_healed":0,"gold_gain":0,"player_choice":"Ignored","damage_taken":0,"max_hp_gain":0,"max_hp_loss":0,"event_name":"Vampires","floor":29,"gold_loss":0},{"damage_healed":0,"gold_gain":333,"player_choice":"Gave Idol","damage_taken":0,"max_hp_gain":0,"max_hp_loss":0,"event_name":"The Moai Head","floor":37,"relics_lost":["Golden Idol"],"gold_loss":0},{"damage_healed":0,"gold_gain":0,"player_choice":"Embrace Madness","damage_taken":10,"max_hp_gain":0,"max_hp_loss":0,"event_name":"Winding Halls","floor":39,"gold_loss":0,"cards_obtained":["Madness","Madness"]},{"damage_healed":0,"gold_gain":0,"player_choice":"Memory 1","damage_taken":0,"max_hp_gain":0,"max_hp_loss":0,"event_name":"SensoryStone","floor":41,"gold_loss":0},{"cards_removed":["Madness"],"damage_healed":0,"gold_gain":0,"player_choice":"Removed Skill","damage_taken":0,"max_hp_gain":0,"max_hp_loss":0,"event_name":"Falling","floor":48,"gold_loss":0}],"is_beta":false,"boss_relics":[{"not_picked":["Calling Bell","Empty Cage"],"picked":"Tiny House"},{"not_picked":["Fusion Hammer","Philosopher\u0027s Stone"],"picked":"Sozu"}],"items_purged_floors":[],"is_endless":false,"potions_floor_spawned":[5,14,42],"ascension_level":0}