{"gold_per_floor":[116,196,155,174,174,174,188,188,265,265,277,295,295,206,206,302,302,257,257,50,50,50,50,50,50,50,50,50,50,50,50,50,50],"floor_reached":33,"playtime":1688,"items_purged":[],"score":264,"play_id":"edf7d557-e00e-41ff-99c4-af882ea07e12","local_time":"20190201085314","is_ascension_mode":false,"campfire_choices":[{"data":"Deflect","floor":6,"key":"SMITH"},{"data":"Adrenaline","floor":8,"key":"SMITH"},{"data":"Survivor","floor":10,"key":"SMITH"},{"data":"Escape Plan","floor":15,"key":"SMITH"},{"data":"1","floor":23,"key":"LIFT"},{"floor":32,"key":"REST"}],"neow_cost":"NONE","seed_source_timestamp":88185918560540,"circlet_count":0,"master_deck":["Survivor+1","Neutralize","Predator","Burst","Finisher","Escape Plan+1","Eviscerate","Unload","Corpse Explosion","Glass Knife","Dagger Throw","Adrenaline+1","Deflect+1","Terror","Flying Knee","Slice","Bane","Dark Shackles","A Thousand Cuts","Deflect","Cloak And Dagger+1","Sucker Punch+1","Deflect+1","Well Laid Plans","Cloak And Dagger+1"],"relics":["Pandora\u0027s Box","Bottled Lightning","Ectoplasm","Girya","Question Card","MealTicket","Tiny Chest"],"potions_floor_usage":[5,7,16,28,33,33],"damage_taken":[{"damage":11,"enemies":"Jaw Worm","floor":1,"turns":2},{"damage":0,"enemies":"2 Louse","floor":4,"turns":2},{"damage":0,"enemies":"Cultist","floor":7,"turns":3},{"damage":0,"enemies":"2 Fungi Beasts","floor":11,"turns":2},{"damage":4,"enemies":"Exordium Thugs","floor":12,"turns":2},{"damage":22,"enemies":"The Guardian","floor":16,"turns":7},{"damage":0,"enemies":"2 Thieves","floor":18,"turns":3},{"damage":14,"enemies":"Colosseum Slavers","floor":19,"turns":2},{"damage":10,"enemies":"Colosseum Nobs","floor":19,"turns":4},{"damage":8,"enemies":"Shell Parasite","floor":22,"turns":3},{"damage":0,"enemies":"Cultist and Chosen","floor":25,"turns":2},{"damage":0,"enemies":"Chosen and Byrds","floor":27,"turns":2},{"damage":0,"enemies":"Snake Plant","floor":28,"turns":2},{"damage":10,"enemies":"Centurion and Healer","floor":29,"turns":5},{"damage":0,"enemies":"Chosen and Byrds","floor":30,"turns":3},{"damage":55,"enemies":"Automaton","floor":33,"turns":6}],"seed_played":"3280978721022101848","potions_obtained":[{"floor":1,"key":"Regen Potion"},{"floor":5,"key":"Fruit Juice"},{"floor":5,"key":"Swift Potion"},{"floor":5,"key":"Fire Potion"},{"floor":12,"key":"SpeedPotion"},{"floor":19,"key":"Dexterity Potion"},{"floor":29,"key":"Ancient Potion"}],"is_trial":false,"path_per_floor":["M","?","$","M","?","R","M","R","T","R","M","M","?","$","R","B",null,"M","?","$","?","M","R","?","M","T","M","M","M","M","$","R","B"],"character_chosen":"THE_SILENT","items_purchased":["Terror","Dark Shackles","MealTicket"],"campfire_rested":1,"item_purchase_floors":[3,14,20],"current_hp_per_floor":[59,59,59,59,64,64,75,75,75,75,75,71,71,71,71,49,75,75,51,51,51,43,43,43,43,43,43,43,33,33,33,55,0],"gold":50,"neow_bonus":"BOSS_RELIC","is_prod":false,"is_daily":false,"chose_seed":false,"campfire_upgraded":4,"win_rate":0,"timestamp":1549029194,"path_taken":["M","?","$","M","?","R","M","R","T","R","M","?","?","$","R","BOSS","M","?","$","?","M","R","?","M","T","M","M","M","M","?","R","BOSS"],"build_version":"2019-01-23","purchased_purges":0,"victory":false,"max_hp_per_floor":[70,70,70,70,75,75,75,75,75,75,75,75,75,75,75,75,75,75,75,75,75,75,75,75,75,75,75,75,75,75,75,75,75],"card_choices":[{"not_picked":["Expertise","Backstab"],"picked":"Deflect","floor":1},{"not_picked":["Accuracy","All Out Attack"],"picked":"Flying Knee","floor":4},{"not_picked":["Prepared","Underhanded Strike","Reflex"],"picked":"SKIP","floor":7},{"not_picked":["Leg Sweep","Dagger Throw"],"picked":"Slice","floor":11},{"not_picked":["Eviscerate","Poisoned Stab"],"picked":"Bane","floor":12},{"not_picked":["Unload","Wraith Form v2"],"picked":"A Thousand Cuts","floor":16},{"not_picked":["Dagger Throw","Noxious Fumes"],"picked":"Deflect","floor":18},{"not_picked":["Sucker Punch+1","Poisoned Stab"],"picked":"Cloak And Dagger+1","floor":19},{"not_picked":["Bouncing Flask","Slice+1","PiercingWail"],"picked":"Sucker Punch+1","floor":22},{"not_picked":["Backflip","Acrobatics","Skewer","Quick Slash"],"picked":"SKIP","floor":25},{"not_picked":["Doppelganger","Blur","Noxious Fumes"],"picked":"Deflect+1","floor":27},{"not_picked":["Escape Plan","Prepared+1","Heel Hook+1","Caltrops+1"],"picked":"SKIP","floor":28},{"not_picked":["Dodge and Roll","Catalyst+1","Acrobatics+1"],"picked":"Well Laid Plans","floor":29},{"not_picked":["Underhanded Strike","Deflect","Prepared"],"picked":"Cloak And Dagger+1","floor":30}],"player_experience":136149,"relics_obtained":[{"floor":9,"key":"Bottled Lightning"},{"floor":19,"key":"Girya"},{"floor":19,"key":"Question Card"},{"floor":26,"key":"Tiny Chest"}],"event_choices":[{"damage_healed":0,"gold_gain":80,"player_choice":"Gained Gold","damage_taken":0,"max_hp_gain":0,"max_hp_loss":0,"event_name":"Golden Wing","floor":2,"gold_loss":0},{"damage_healed":0,"gold_gain":0,"player_choice":"Got Potions","damage_taken":0,"max_hp_gain":0,"max_hp_loss":0,"event_name":"Lab","floor":5,"gold_loss":0},{"damage_healed":0,"gold_gain":0,"player_choice":"Ignored","damage_taken":0,"max_hp_gain":0,"max_hp_loss":0,"event_name":"Liars Game","floor":13,"gold_loss":0},{"damage_healed":0,"gold_gain":0,"player_choice":"Fight","damage_taken":0,"max_hp_gain":0,"max_hp_loss":0,"event_name":"Colosseum","floor":19,"gold_loss":0},{"damage_healed":0,"gold_gain":0,"player_choice":"Fought Nobs","damage_taken":0,"max_hp_gain":0,"max_hp_loss":0,"event_name":"Colosseum","floor":19,"gold_loss":0},{"damage_healed":0,"gold_gain":99,"player_choice":"Stole From Cult","damage_taken":0,"max_hp_gain":0,"max_hp_loss":0,"event_name":"Nest","floor":21,"gold_loss":0},{"damage_healed":0,"gold_gain":0,"player_choice":"Ignored","damage_taken":0,"max_hp_gain":0,"max_hp_loss":0,"event_name":"Beggar","floor":24,"gold_loss":0}],"is_beta":false,"boss_relics":[{"not_picked":["Philosopher\u0027s Stone","Tiny House"],"picked":"Ectoplasm"}],"items_purged_floors":[],"is_endless":false,"potions_floor_spawned":[1,12,19,22,29,30],"killed_by":"Automaton","ascension_level":0}