{"gold_per_floor":[114,114,124,49,49,49,49,63,89,89,89,113,113,113,113,241,241,264,308,308],"floor_reached":20,"playtime":621,"items_purged":["Regret"],"score":240,"play_id":"44518f5a-179f-4014-b5a7-75141e8145d8","local_time":"20181018222236","is_ascension_mode":true,"campfire_choices":[{"data":"Zap","floor":6,"key":"SMITH"},{"data":"Static Discharge","floor":10,"key":"SMITH"},{"data":"Dualcast","floor":13,"key":"SMITH"},{"data":"Coolheaded","floor":15,"key":"SMITH"}],"neow_cost":"CURSE","seed_source_timestamp":40134431004104,"circlet_count":0,"master_deck":["Strike_B","Strike_B","Strike_B","Strike_B","Defend_B","Defend_B","Defend_B","Defend_B","Zap+1","Dualcast+1","AscendersBane","Pain","Static Discharge+1","Coolheaded+1","Ball Lightning","Coolheaded","Parasite","Buffer","Double Energy"],"relics":["Cracked Core","Blood Vial","Thread and Needle","Pen Nib","Happy Flower","Golden Idol","Sozu","Red Mask"],"potions_floor_usage":[],"damage_taken":[{"damage":9,"enemies":"Small Slimes","floor":1,"turns":4},{"damage":5,"enemies":"2 Louse","floor":3,"turns":2},{"damage":5,"enemies":"Cultist","floor":8,"turns":5},{"damage":6,"enemies":"2 Fungi Beasts","floor":12,"turns":3},{"damage":42,"enemies":"The Guardian","floor":16,"turns":12},{"damage":36,"enemies":"3 Byrds","floor":18,"turns":3},{"damage":20,"enemies":"Masked Bandits","floor":19,"turns":4},{"damage":19,"enemies":"Shell Parasite","floor":20,"turns":5}],"seed_played":"953491284685027093","potions_obtained":[{"floor":1,"key":"FearPotion"},{"floor":16,"key":"SneckoOil"}],"is_trial":false,"path_per_floor":["M","?","M","$","T","R","?","M","T","R","?","M","R","?","R","B",null,"M","?"],"character_chosen":"DEFECT","items_purchased":[],"campfire_rested":0,"item_purchase_floors":[],"current_hp_per_floor":[73,73,70,70,70,70,52,49,49,49,27,23,23,45,45,5,68,34,16,0],"gold":308,"neow_bonus":"TWENTY_PERCENT_HP_BONUS","is_prod":false,"is_daily":false,"chose_seed":false,"campfire_upgraded":4,"win_rate":0,"timestamp":1539868956,"path_taken":["M","?","M","$","?","R","?","M","T","R","?","M","R","?","R","BOSS","M","?","M"],"build_version":"2018-10-17v3","purchased_purges":1,"victory":false,"max_hp_per_floor":[89,89,89,89,89,89,89,89,89,89,89,89,89,89,89,89,89,89,89,89],"card_choices":[{"not_picked":["Steam","Redo"],"picked":"Static Discharge","floor":1},{"not_picked":["Gash","Stack"],"picked":"Coolheaded","floor":3},{"not_picked":["Glacier","Streamline"],"picked":"Ball Lightning","floor":8},{"not_picked":["Genetic Algorithm","Redo"],"picked":"Coolheaded","floor":12},{"not_picked":["Creative AI","Seek"],"picked":"Buffer","floor":16},{"not_picked":["Compile Driver","Gash","Rebound"],"picked":"SKIP","floor":18},{"not_picked":["Steam","Rebound"],"picked":"Double Energy","floor":19}],"player_experience":521433,"relics_obtained":[{"floor":5,"key":"Thread and Needle"},{"floor":9,"key":"Happy Flower"},{"floor":19,"key":"Red Mask"}],"event_choices":[{"damage_healed":0,"gold_gain":0,"player_choice":"Box","damage_taken":0,"relics_obtained":["Blood Vial"],"max_hp_gain":0,"max_hp_loss":0,"event_name":"Big Fish","floor":2,"gold_loss":0,"cards_obtained":["Regret"]},{"damage_healed":0,"gold_gain":0,"player_choice":"Success","damage_taken":18,"relics_obtained":["Pen Nib"],"max_hp_gain":0,"max_hp_loss":0,"event_name":"Scrap Ooze","floor":7,"gold_loss":0},{"damage_healed":0,"gold_gain":0,"player_choice":"Take Damage","damage_taken":22,"relics_obtained":["Golden Idol"],"max_hp_gain":0,"max_hp_loss":0,"event_name":"Golden Idol","floor":11,"gold_loss":0},{"damage_healed":22,"gold_gain":0,"player_choice":"Healed and dodged fight","damage_taken":0,"max_hp_gain":0,"max_hp_loss":0,"event_name":"Mushrooms","floor":14,"gold_loss":0,"cards_obtained":["Parasite"]},{"damage_healed":0,"gold_gain":0,"player_choice":"Fought Bandits","damage_taken":0,"max_hp_gain":0,"max_hp_loss":0,"event_name":"Masked Bandits","floor":19,"gold_loss":0}],"is_beta":true,"boss_relics":[{"not_picked":["Cursed Key","Ectoplasm"],"picked":"Sozu"}],"items_purged_floors":[4],"is_endless":false,"potions_floor_spawned":[1,16,18,19],"killed_by":"Shell Parasite","ascension_level":10}