{"gold_per_floor":[115,115,141,228,252,294,317,359],"floor_reached":8,"playtime":483,"items_purged":[],"score":70,"play_id":"52d43cd9-0bcf-42c4-b57d-28dd087da560","local_time":"20181201195159","is_ascension_mode":true,"campfire_choices":[],"neow_cost":"NONE","seed_source_timestamp":82375168211994,"circlet_count":0,"master_deck":["Strike_B","Strike_B","Strike_B","Strike_B","Defend_B","Defend_B","Defend_B","Defend_B","Zap","Dualcast","Beam Cell","FTL","Hologram","Conserve Battery","Auto Shields"],"relics":["Cracked Core","NeowsBlessing","MawBank","Strawberry"],"potions_floor_usage":[],"damage_taken":[{"damage":0,"enemies":"2 Louse","floor":1,"turns":1},{"damage":0,"enemies":"Jaw Worm","floor":3,"turns":1},{"damage":0,"enemies":"Cultist","floor":5,"turns":1},{"damage":37,"enemies":"3 Sentries","floor":6,"turns":7},{"damage":3,"enemies":"Gremlin Gang","floor":7,"turns":4},{"damage":16,"enemies":"3 Sentries","floor":8,"turns":8}],"seed_played":"-3719211322850675006","potions_obtained":[{"floor":1,"key":"FocusPotion"},{"floor":3,"key":"Weak Potion"},{"floor":6,"key":"EssenceOfSteel"}],"is_trial":false,"path_per_floor":["M","?","M","?","M","E","M","?"],"character_chosen":"DEFECT","items_purchased":[],"campfire_rested":0,"item_purchase_floors":[],"current_hp_per_floor":[75,68,68,57,57,27,24,8],"gold":359,"neow_bonus":"THREE_ENEMY_KILL","is_prod":false,"is_daily":false,"chose_seed":false,"campfire_upgraded":0,"win_rate":0,"timestamp":1543711919,"path_taken":["M","?","M","?","M","E","M","?"],"build_version":"2018-11-15","purchased_purges":0,"victory":false,"max_hp_per_floor":[75,75,75,75,75,82,82,82],"card_choices":[{"not_picked":["Blizzard","Coolheaded"],"picked":"Beam Cell","floor":1},{"not_picked":["Streamline","BootSequence"],"picked":"FTL","floor":3},{"not_picked":["Steam","Stack"],"picked":"Hologram","floor":5},{"not_picked":["Defragment","Static Discharge"],"picked":"Conserve Battery","floor":6},{"not_picked":["Sweeping Beam","Hologram"],"picked":"Auto Shields","floor":7}],"player_experience":217215,"relics_obtained":[{"floor":6,"key":"Strawberry"}],"event_choices":[{"damage_healed":0,"gold_gain":0,"player_choice":"Success","damage_taken":7,"relics_obtained":["MawBank"],"max_hp_gain":0,"max_hp_loss":0,"event_name":"Scrap Ooze","floor":2,"gold_loss":0},{"damage_healed":0,"gold_gain":75,"player_choice":"Gather Gold","damage_taken":11,"max_hp_gain":0,"max_hp_loss":0,"event_name":"World of Goop","floor":4,"gold_loss":0},{"damage_healed":0,"gold_gain":30,"player_choice":"Searched \u00273\u0027 times","damage_taken":0,"max_hp_gain":0,"max_hp_loss":0,"event_name":"Dead Adventurer","floor":8,"gold_loss":0}],"is_beta":false,"boss_relics":[],"items_purged_floors":[],"is_endless":false,"potions_floor_spawned":[1,3,6],"killed_by":"3 Sentries","ascension_level":4}