{"gold_per_floor":[118,133,133,133,144,471,471,501,501,501,0,0,27,27,27,99,99,111,123,133,27,39,39,49,49,49,49,49,66,66,66,66,139,139,152,152,152,33,44,44,112,112,112,112,128,139,154,154],"floor_reached":48,"playtime":3345,"items_purged":[],"score":950,"play_id":"4ab9bd23-87d5-4477-94ab-a99e834bca0c","local_time":"20190208234713","is_ascension_mode":true,"campfire_choices":[{"floor":7.0,"key":"REST"},{"floor":10.0,"key":"REST"},{"data":"Skewer","floor":12.0,"key":"SMITH"},{"data":"Neutralize","floor":15,"key":"SMITH"},{"data":"Footwork","floor":23,"key":"SMITH"},{"data":"Footwork","floor":27,"key":"SMITH"},{"floor":30,"key":"REST"},{"floor":32,"key":"REST"},{"data":"Noxious Fumes","floor":40,"key":"SMITH"},{"data":"Well Laid Plans","floor":42,"key":"SMITH"},{"data":"Deadly Poison","floor":44,"key":"SMITH"}],"neow_cost":"NONE","seed_source_timestamp":64921566041700,"circlet_count":0,"master_deck":["AscendersBane","Defend_G","Defend_G","Defend_G","Defend_G","Defend_G","Strike_G","Strike_G","Strike_G","Strike_G","Strike_G","Survivor","Neutralize+1","Sucker Punch","Terror","Cloak And Dagger","Footwork+1","Skewer+1","Footwork+1","Sucker Punch","Doppelganger","PiercingWail","Escape Plan","Well Laid Plans+1","Dodge and Roll","Dodge and Roll","PiercingWail","Footwork+1","Deadly Poison+1","Die Die Die","Noxious Fumes+1","Dash","All Out Attack"],"special_seed":0,"relics":["Busted Crown","Happy Flower","Old Coin","Pear","Gremlin Horn","Paper Crane","Centennial Puzzle","Orrery","MutagenicStrength","Thread and Needle","Philosopher\u0027s Stone","SsserpentHead","The Courier"],"potions_floor_usage":[13,22,29,41],"damage_taken":[{"damage":0.0,"enemies":"2 Louse","floor":1.0,"turns":4.0},{"damage":3.0,"enemies":"Jaw Worm","floor":2.0,"turns":5.0},{"damage":0.0,"enemies":"Cultist","floor":5.0,"turns":4.0},{"damage":41.0,"enemies":"3 Sentries","floor":6.0,"turns":15.0},{"damage":25.0,"enemies":"Lagavulin","floor":8.0,"turns":9.0},{"damage":0,"enemies":"Gremlin Nob","floor":13,"turns":3},{"damage":18,"enemies":"Slime Boss","floor":16,"turns":10},{"damage":1,"enemies":"Spheric Guardian","floor":18,"turns":4},{"damage":6,"enemies":"3 Byrds","floor":19,"turns":7},{"damage":22,"enemies":"3 Cultists","floor":20,"turns":8},{"damage":0,"enemies":"Snake Plant","floor":22,"turns":4},{"damage":1,"enemies":"Centurion and Healer","floor":24,"turns":9},{"damage":31,"enemies":"Chosen and Byrds","floor":29,"turns":13},{"damage":19,"enemies":"Collector","floor":33,"turns":18},{"damage":0,"enemies":"3 Darklings","floor":35,"turns":15},{"damage":16,"enemies":"3 Shapes","floor":39,"turns":8},{"damage":1,"enemies":"Maw","floor":41,"turns":10},{"damage":12,"enemies":"Sphere and 2 Shapes","floor":45,"turns":7},{"damage":21,"enemies":"Transient","floor":46,"turns":6},{"damage":1,"enemies":"4 Shapes","floor":47,"turns":7},{"damage":19,"enemies":"3 Darklings","floor":48,"turns":1}],"seed_played":"923554566523327627","potions_obtained":[{"floor":2.0,"key":"SteroidPotion"},{"floor":5.0,"key":"LiquidBronze"},{"floor":8.0,"key":"SpeedPotion"},{"floor":19,"key":"Regen Potion"},{"floor":24,"key":"Weak Potion"},{"floor":35,"key":"Dexterity Potion"},{"floor":39,"key":"Swift Potion"}],"is_trial":false,"path_per_floor":["M","M","?","?","M","E","R","E","T","R","$","R","E","$","R","B",null,"M","M","M","$","M","R","M","?","T","R","?","M","R","?","R","B",null,"M","?","?","$","M","R","M","R","T","R","M","M","M","M"],"character_chosen":"THE_SILENT","items_purchased":["Paper Crane","Skewer","Footwork","AttackPotion","Sucker Punch","Well Laid Plans","Dodge and Roll","Noxious Fumes","Dash"],"campfire_rested":4,"item_purchase_floors":[11,11,11,11,11,21,21,38,38],"current_hp_per_floor":[59,56,56,51,51,10,29,14,14,36,36,36,36,36,36,18,62,61,55,33,33,45,45,44,44,44,44,44,13,35,35,57,38,67,67,67,67,67,51,51,50,50,50,50,38,17,16,0],"gold":154,"neow_bonus":"BOSS_RELIC","is_prod":false,"is_daily":false,"chose_seed":false,"campfire_upgraded":7,"win_rate":0,"timestamp":1549687633,"path_taken":["M","M","?","?","M","E","R","E","T","R","?","R","E","$","R","BOSS","M","?","M","$","M","R","M","?","T","R","?","?","R","?","R","BOSS","M","?","?","$","M","R","?","R","T","R","M","M","M","M"],"build_version":"2019-01-23","purchased_purges":0,"victory":false,"max_hp_per_floor":[66,66,66,66,66,66,66,76,76,76,76,76,76,76,76,76,76,76,76,76,76,76,76,76,76,76,76,76,76,76,76,76,76,76,76,72,72,72,72,72,72,72,72,72,72,72,72,72],"card_choices":[{"not_picked":[],"picked":"Sucker Punch","floor":1.0},{"not_picked":[],"picked":"Terror","floor":2.0},{"not_picked":["Outmaneuver"],"picked":"SKIP","floor":5.0},{"not_picked":["Outmaneuver"],"picked":"SKIP","floor":5.0},{"not_picked":[],"picked":"Cloak And Dagger","floor":6.0},{"not_picked":[],"picked":"Footwork","floor":8.0},{"not_picked":["Slice"],"picked":"SKIP","floor":13},{"not_picked":[],"picked":"Doppelganger","floor":16},{"not_picked":[],"picked":"PiercingWail","floor":17},{"not_picked":[],"picked":"Escape Plan","floor":18},{"not_picked":["Tactician"],"picked":"SKIP","floor":19},{"not_picked":["Slice"],"picked":"SKIP","floor":20},{"not_picked":[],"picked":"Dodge and Roll","floor":22},{"not_picked":[],"picked":"PiercingWail","floor":24},{"not_picked":[],"picked":"Deadly Poison","floor":29},{"not_picked":[],"picked":"Die Die Die","floor":33},{"not_picked":["Underhanded Strike"],"picked":"SKIP","floor":35},{"not_picked":[],"picked":"All Out Attack","floor":39},{"not_picked":["Deflect"],"picked":"SKIP","floor":41},{"not_picked":["Outmaneuver"],"picked":"SKIP","floor":45},{"not_picked":["Deflect+1"],"picked":"SKIP","floor":46},{"not_picked":["Deadly Poison"],"picked":"SKIP","floor":47}],"player_experience":2045226,"relics_obtained":[{"floor":6.0,"key":"Old Coin"},{"floor":8.0,"key":"Pear"},{"floor":9.0,"key":"Gremlin Horn"},{"floor":13,"key":"Centennial Puzzle"},{"floor":26,"key":"Thread and Needle"},{"floor":43,"key":"The Courier"}],"event_choices":[{"damage_healed":0.0,"max_hp_gain":0.0,"max_hp_loss":0.0,"gold_gain":0.0,"event_name":"Liars Game","player_choice":"Ignored","floor":3.0,"gold_loss":0.0,"damage_taken":0.0},{"damage_healed":0.0,"max_hp_gain":0.0,"max_hp_loss":0.0,"gold_gain":0.0,"event_name":"Scrap Ooze","player_choice":"Success","floor":4.0,"gold_loss":0.0,"damage_taken":5.0,"relics_obtained":["Happy Flower"]},{"damage_healed":0,"gold_gain":0,"player_choice":"Inject Mutagens","damage_taken":0,"relics_obtained":["MutagenicStrength"],"max_hp_gain":0,"max_hp_loss":0,"event_name":"Drug Dealer","floor":25,"gold_loss":0},{"damage_healed":0,"gold_gain":0,"player_choice":"Copied","damage_taken":0,"max_hp_gain":0,"max_hp_loss":0,"event_name":"Duplicator","floor":28,"gold_loss":0,"cards_obtained":["Footwork"]},{"damage_healed":0,"gold_gain":0,"player_choice":"Ignored","damage_taken":0,"max_hp_gain":0,"max_hp_loss":0,"event_name":"Beggar","floor":31,"gold_loss":0},{"damage_healed":0,"gold_gain":0,"player_choice":"Max HP","damage_taken":0,"max_hp_gain":0,"max_hp_loss":4,"event_name":"Winding Halls","floor":36,"gold_loss":0},{"damage_healed":0,"gold_gain":0,"player_choice":"Trade","damage_taken":0,"relics_obtained":["SsserpentHead"],"max_hp_gain":0,"max_hp_loss":0,"event_name":"FaceTrader","floor":37,"gold_loss":0}],"is_beta":true,"boss_relics":[{"not_picked":["WristBlade","Ectoplasm"],"picked":"Orrery"},{"not_picked":["Eternal Feather","Calling Bell"],"picked":"Philosopher\u0027s Stone"}],"items_purged_floors":[],"is_endless":false,"potions_floor_spawned":[2,5,8,19,20,24,35,39],"killed_by":"3 Darklings","ascension_level":20}