{"gold_per_floor":[112,112,112,112,187,187,221,236,236,135,164,39,39,73,73,171,221,241,253,272,272,73,73,104,104,128,153,173,173,207,221,221,221],"floor_reached":33,"playtime":1176,"items_purged":["Defend_B","Strike_B","Defend_B"],"score":495,"play_id":"5213d6e7-d0ba-4f2b-942a-7ced3c12e435","local_time":"20181214214139","is_ascension_mode":true,"campfire_choices":[{"data":"Zap","floor":6,"key":"SMITH"},{"data":"Hologram","floor":13,"key":"SMITH"},{"data":"Scrape","floor":15,"key":"SMITH"},{"data":"Beam Cell","floor":23,"key":"SMITH"},{"data":"Seek","floor":25,"key":"SMITH"},{"floor":32,"key":"REST"}],"neow_cost":"NONE","seed_source_timestamp":23349074004245,"circlet_count":0,"master_deck":["Strike_B+1","Strike_B","Defend_B+1","Defend_B+1","Zap+1","Dualcast","Coolheaded+1","Ball Lightning","Hologram+1","Gash","Scrape+1","Stack","Seek+1","Gash","Beam Cell+1","Steam Power","Sweeping Beam+1","Chill","Streamline","Defragment+1"],"relics":["Cracked Core","NeowsBlessing","Smiling Mask","Art of War","Pear","Tiny House","Ancient Tea Set","Anchor","Red Mask","Pen Nib","Boot","Lantern"],"potions_floor_usage":[14,30,33],"damage_taken":[{"damage":0,"enemies":"Jaw Worm","floor":1,"turns":1},{"damage":0,"enemies":"Lagavulin","floor":7,"turns":1},{"damage":0,"enemies":"Small Slimes","floor":8,"turns":1},{"damage":20,"enemies":"Gremlin Nob","floor":11,"turns":3},{"damage":8,"enemies":"3 Sentries","floor":14,"turns":5},{"damage":11,"enemies":"Hexaghost","floor":16,"turns":9},{"damage":4,"enemies":"Spheric Guardian","floor":18,"turns":3},{"damage":12,"enemies":"Chosen","floor":19,"turns":3},{"damage":15,"enemies":"Snake Plant","floor":20,"turns":4},{"damage":1,"enemies":"Masked Bandits","floor":24,"turns":3},{"damage":14,"enemies":"Book of Stabbing","floor":27,"turns":3},{"damage":0,"enemies":"Shelled Parasite and Fungi","floor":28,"turns":2},{"damage":4,"enemies":"Slavers","floor":30,"turns":5},{"damage":0,"enemies":"Cultist and Chosen","floor":31,"turns":3},{"damage":57,"enemies":"Automaton","floor":33,"turns":8}],"seed_played":"-2089248757978158262","potions_obtained":[{"floor":7,"key":"Ancient Potion"},{"floor":8,"key":"Poison Potion"},{"floor":17,"key":"Weak Potion"},{"floor":19,"key":"Strength Potion"},{"floor":24,"key":"LiquidBronze"},{"floor":31,"key":"Fruit Juice"}],"is_trial":false,"path_per_floor":["M","?","?","?","?","R","E","M","T","$","E","$","R","E","R","B",null,"M","M","M","?","$","R","?","R","T","E","M","?","E","M","R","B"],"character_chosen":"DEFECT","items_purchased":["Fire Potion","Scrape","Anchor"],"campfire_rested":1,"item_purchase_floors":[10,12,22],"current_hp_per_floor":[68,61,46,46,35,35,35,35,35,35,15,15,15,17,17,6,70,66,54,39,39,39,39,38,38,38,24,24,24,20,20,47,0],"gold":221,"neow_bonus":"THREE_ENEMY_KILL","is_prod":false,"is_daily":false,"chose_seed":false,"campfire_upgraded":5,"win_rate":0,"timestamp":1544841699,"path_taken":["M","?","?","?","?","R","E","M","T","$","E","$","R","E","R","BOSS","M","M","M","?","?","R","?","R","T","E","M","?","E","M","R","BOSS"],"build_version":"2018-12-13","purchased_purges":3,"victory":false,"max_hp_per_floor":[75,75,75,75,75,75,75,75,75,75,75,75,75,85,85,85,90,90,90,90,90,90,90,90,90,90,90,90,90,90,90,90,95],"card_choices":[{"not_picked":["Steam","Leap"],"picked":"Coolheaded","floor":1},{"not_picked":["Reprogram","Static Discharge"],"picked":"Ball Lightning","floor":7},{"not_picked":["Barrage","Sunder"],"picked":"Hologram","floor":8},{"not_picked":["Meteor Strike","Sunder"],"picked":"Gash","floor":11},{"not_picked":["Barrage","Recycle"],"picked":"Stack","floor":14},{"not_picked":["Creative AI","Rainbow"],"picked":"Seek","floor":16},{"not_picked":["Cold Snap","Redo"],"picked":"Gash","floor":17},{"not_picked":["Stack+1","White Noise"],"picked":"Beam Cell","floor":18},{"not_picked":["Force Field","Darkness"],"picked":"Steam Power","floor":19},{"not_picked":["Barrage","Force Field","Static Discharge"],"picked":"SKIP","floor":20},{"not_picked":["Compile Driver","Coolheaded+1"],"picked":"Sweeping Beam+1","floor":24},{"not_picked":["Steam Power+1","Fusion"],"picked":"Chill","floor":27},{"not_picked":["Compile Driver","Multi-Cast"],"picked":"Streamline","floor":28},{"not_picked":["Chill","Biased Cognition","Cold Snap"],"picked":"SKIP","floor":30},{"not_picked":["Barrage","Streamline"],"picked":"Defragment+1","floor":31}],"player_experience":337944,"relics_obtained":[{"floor":7,"key":"Smiling Mask"},{"floor":11,"key":"Art of War"},{"floor":14,"key":"Pear"},{"floor":24,"key":"Red Mask"},{"floor":26,"key":"Pen Nib"},{"floor":27,"key":"Boot"},{"floor":30,"key":"Lantern"}],"event_choices":[{"cards_removed":["Strike_B"],"damage_healed":0,"gold_gain":0,"player_choice":"Card Removal","damage_taken":7,"max_hp_gain":0,"max_hp_loss":0,"event_name":"Golden Wing","floor":2,"gold_loss":0},{"damage_healed":0,"gold_gain":0,"player_choice":"Entered Light","damage_taken":15,"max_hp_gain":0,"max_hp_loss":0,"event_name":"Shining Light","floor":3,"gold_loss":0,"cards_upgraded":["Defend_B","Defend_B"]},{"damage_healed":0,"gold_gain":0,"player_choice":"Grow","damage_taken":0,"max_hp_gain":0,"max_hp_loss":0,"event_name":"Living Wall","floor":4,"gold_loss":0,"cards_upgraded":["Coolheaded"]},{"damage_healed":0,"gold_gain":75,"player_choice":"Gather Gold","damage_taken":11,"max_hp_gain":0,"max_hp_loss":0,"event_name":"World of Goop","floor":5,"gold_loss":0},{"damage_healed":0,"gold_gain":0,"player_choice":"Gave Potion","damage_taken":0,"relics_obtained":["Ancient Tea Set"],"max_hp_gain":0,"max_hp_loss":0,"event_name":"WeMeetAgain","floor":21,"gold_loss":0},{"damage_healed":0,"gold_gain":0,"player_choice":"Fought Bandits","damage_taken":0,"max_hp_gain":0,"max_hp_loss":0,"event_name":"Masked Bandits","floor":24,"gold_loss":0},{"damage_healed":0,"gold_gain":0,"player_choice":"Ignored","damage_taken":0,"max_hp_gain":0,"max_hp_loss":0,"event_name":"Ghosts","floor":29,"gold_loss":0}],"is_beta":false,"boss_relics":[{"not_picked":["Inserter","Runic Pyramid"],"picked":"Tiny House"}],"items_purged_floors":[10,12,22],"is_endless":false,"potions_floor_spawned":[7,8,19,20,24,31],"killed_by":"Automaton","ascension_level":9}