{"gold_per_floor":[119,119,139,139,151,183,200,200,200,200],"floor_reached":10,"playtime":910,"items_purged":[],"score":68,"play_id":"bc029e28-f50d-4e7a-9895-60b081e80add","local_time":"20190108130419","is_ascension_mode":false,"campfire_choices":[],"neow_cost":"NONE","seed_source_timestamp":639482763695368,"circlet_count":0,"master_deck":["Strike_R","Strike_R+1","Strike_R+1","Strike_R","Strike_R","Defend_R","Defend_R","Defend_R","Defend_R","Bash","True Grit","Body Slam","Offering","Reaper","Evolve","Regret"],"relics":["Burning Blood","NeowsBlessing","Pantograph","Whetstone","Molten Egg 2","Dodecahedron"],"potions_floor_usage":[],"damage_taken":[{"damage":0,"enemies":"Small Slimes","floor":1,"turns":1},{"damage":0,"enemies":"2 Louse","floor":3,"turns":1},{"damage":0,"enemies":"Cultist","floor":5,"turns":1},{"damage":63,"enemies":"3 Sentries","floor":6,"turns":11},{"damage":5,"enemies":"Large Slime","floor":7,"turns":8},{"damage":33,"enemies":"Exordium Wildlife","floor":10,"turns":4}],"seed_played":"-7597683470666370394","potions_obtained":[{"floor":1,"key":"Dexterity Potion"},{"floor":7,"key":"FearPotion"}],"is_trial":false,"path_per_floor":["M","$","M","?","M","E","M","?","T","M"],"character_chosen":"IRONCLAD","items_purchased":[],"campfire_rested":0,"item_purchase_floors":[],"current_hp_per_floor":[80,80,80,73,79,22,31,31,31,0],"gold":200,"neow_bonus":"THREE_ENEMY_KILL","is_prod":false,"is_daily":false,"chose_seed":false,"campfire_upgraded":0,"win_rate":0.0,"timestamp":1546949059,"path_taken":["M","$","M","?","M","E","M","?","T","M"],"build_version":"2019-01-03v4","purchased_purges":0,"victory":false,"max_hp_per_floor":[80,80,80,80,80,80,80,80,80,80],"card_choices":[{"not_picked":["Reckless Charge","Anger"],"picked":"True Grit","floor":1},{"not_picked":["Carnage","Infernal Blade"],"picked":"Body Slam","floor":3},{"not_picked":["Clothesline","Body Slam"],"picked":"Offering","floor":5},{"not_picked":["Twin Strike","Havoc"],"picked":"Reaper","floor":6},{"not_picked":["Headbutt","Shockwave"],"picked":"Evolve","floor":7}],"player_experience":122940,"relics_obtained":[{"floor":6,"key":"Whetstone"},{"floor":9,"key":"Dodecahedron"}],"event_choices":[{"damage_healed":0,"gold_gain":0,"player_choice":"Success","damage_taken":7,"relics_obtained":["Pantograph"],"max_hp_gain":0,"max_hp_loss":0,"event_name":"Scrap Ooze","floor":4,"gold_loss":0},{"damage_healed":0,"gold_gain":0,"player_choice":"Box","damage_taken":0,"relics_obtained":["Molten Egg 2"],"max_hp_gain":0,"max_hp_loss":0,"event_name":"Big Fish","floor":8,"gold_loss":0,"cards_obtained":["Regret"]}],"is_beta":false,"boss_relics":[],"items_purged_floors":[],"is_endless":false,"potions_floor_spawned":[1,7],"killed_by":"Exordium Wildlife","ascension_level":0}