{"gold_per_floor":[111,122,141,66,141,141,41,41,41,53,87,87,117,128,128,128],"floor_reached":16,"playtime":1663,"items_purged":["Strike_G","Defend_G"],"score":110,"play_id":"04b09ebe-2ae3-4803-b0c3-20ac298dea92","local_time":"20190206234001","is_ascension_mode":false,"campfire_choices":[{"data":"Neutralize","floor":6,"key":"SMITH"},{"data":"Cloak And Dagger","floor":8,"key":"SMITH"},{"data":"Strike_G","floor":12,"key":"PURGE"},{"floor":15,"key":"REST"}],"neow_cost":"NONE","seed_source_timestamp":1394388585052690,"circlet_count":0,"master_deck":["Defend_G","Defend_G","Defend_G","Defend_G","Strike_G","Strike_G","Strike_G","Survivor","Neutralize+1","Blade Dance","Cloak And Dagger+1","Flechettes","Crippling Poison"],"relics":["Busted Crown","Gremlin Horn","Peace Pipe","Girya"],"potions_floor_usage":[11,16],"damage_taken":[{"damage":0,"enemies":"Jaw Worm","floor":1,"turns":4},{"damage":1,"enemies":"2 Louse","floor":2,"turns":2},{"damage":1,"enemies":"Cultist","floor":3,"turns":4},{"damage":0,"enemies":"Exordium Thugs","floor":10,"turns":4},{"damage":12,"enemies":"Lagavulin","floor":11,"turns":8},{"damage":43,"enemies":"Gremlin Nob","floor":13,"turns":5},{"damage":0,"enemies":"Exordium Wildlife","floor":14,"turns":3},{"damage":30,"enemies":"Slime Boss","floor":16,"turns":9}],"seed_played":"-3997108554933222715","potions_obtained":[{"floor":3,"key":"Fire Potion"},{"floor":11,"key":"LiquidBronze"},{"floor":13,"key":"FearPotion"}],"is_trial":false,"path_per_floor":["?"],"character_chosen":"THE_SILENT","items_purchased":[],"campfire_rested":1,"item_purchase_floors":[],"current_hp_per_floor":[70,69,68,68,57,57,57,57,57,57,45,45,2,2,23,0],"gold":128,"neow_bonus":"BOSS_RELIC","is_prod":false,"is_daily":false,"chose_seed":false,"campfire_upgraded":2,"win_rate":0.0,"timestamp":1549492801,"path_taken":["M","M","M","$","?","R","$","R","T","M","E","R","E","M","R","BOSS"],"build_version":"2019-01-23","purchased_purges":2,"victory":false,"max_hp_per_floor":[70,70,70,70,70,70,70,70,70,70,70,70,70,70,70,70],"card_choices":[{"not_picked":[],"picked":"Blade Dance","floor":1},{"not_picked":["Poisoned Stab"],"picked":"SKIP","floor":2},{"not_picked":[],"picked":"Cloak And Dagger","floor":3},{"not_picked":["Bane"],"picked":"SKIP","floor":10},{"not_picked":["Storm of Steel"],"picked":"SKIP","floor":11},{"not_picked":[],"picked":"Flechettes","floor":13},{"not_picked":[],"picked":"Crippling Poison","floor":14}],"player_experience":52234,"relics_obtained":[{"floor":9,"key":"Gremlin Horn"},{"floor":11,"key":"Peace Pipe"},{"floor":13,"key":"Girya"}],"event_choices":[{"damage_healed":0,"gold_gain":75,"player_choice":"Gather Gold","damage_taken":11,"max_hp_gain":0,"max_hp_loss":0,"event_name":"World of Goop","floor":5,"gold_loss":0}],"is_beta":false,"boss_relics":[],"items_purged_floors":[4,7],"is_endless":false,"potions_floor_spawned":[3,11,13],"killed_by":"Slime Boss","ascension_level":0}