{"gold_per_floor":[112,132,148,148,162,162,180,180,228,245,260,275,275,275,275,275],"floor_reached":16,"playtime":1646,"items_purged":[],"score":96,"play_id":"c97a94ee-cbf0-44d0-ae35-179be490d1e7","local_time":"20190102004424","is_ascension_mode":false,"campfire_choices":[{"data":"After Image","floor":6,"key":"SMITH"},{"data":"Backflip","floor":8,"key":"SMITH"},{"floor":15,"key":"REST"}],"neow_cost":"NONE","seed_source_timestamp":923657242099133,"circlet_count":0,"master_deck":["Defend_G","Defend_G","Defend_G","Defend_G","Defend_G","Strike_G","Strike_G+1","Strike_G","Strike_G","Strike_G","Survivor","Neutralize","Quick Slash","Slice","Blade Dance+1","After Image+1","Backflip+1","Riddle With Holes+1","Escape Plan","Blur","Parasite"],"relics":["Ring of the Snake","NeowsBlessing","Juzu Bracelet"],"potions_floor_usage":[],"damage_taken":[{"damage":0,"enemies":"Cultist","floor":1,"turns":1},{"damage":0,"enemies":"Jaw Worm","floor":2,"turns":1},{"damage":0,"enemies":"Small Slimes","floor":3,"turns":1},{"damage":0,"enemies":"Looter","floor":5,"turns":4},{"damage":12,"enemies":"Exordium Wildlife","floor":7,"turns":6},{"damage":7,"enemies":"Gremlin Gang","floor":10,"turns":6},{"damage":7,"enemies":"Lots of Slimes","floor":11,"turns":4},{"damage":10,"enemies":"3 Louse","floor":12,"turns":4},{"damage":61,"enemies":"Hexaghost","floor":16,"turns":16}],"seed_played":"1024614632727557681","potions_obtained":[{"floor":5,"key":"SkillPotion"},{"floor":7,"key":"LiquidBronze"}],"is_trial":false,"path_per_floor":["M","M","M","?","M","R","M","R","T","M","M","M","?","?","R","B"],"character_chosen":"THE_SILENT","items_purchased":[],"campfire_rested":1,"item_purchase_floors":[],"current_hp_per_floor":[70,70,70,70,70,70,58,58,58,51,44,34,51,37,58,0],"gold":275,"neow_bonus":"THREE_ENEMY_KILL","is_prod":false,"is_daily":false,"chose_seed":false,"campfire_upgraded":2,"win_rate":0.0,"timestamp":1546407864,"path_taken":["M","M","M","?","?","R","M","R","T","M","M","M","?","?","R","BOSS"],"build_version":"2018-12-20","purchased_purges":0,"victory":false,"max_hp_per_floor":[70,70,70,70,70,70,70,70,70,70,70,70,70,70,70,70],"card_choices":[{"not_picked":["Prepared","Skewer"],"picked":"Quick Slash","floor":1},{"not_picked":["Dagger Spray","Outmaneuver"],"picked":"Slice","floor":2},{"not_picked":["Footwork","Backflip"],"picked":"Blade Dance","floor":3},{"not_picked":["Poisoned Stab","Dodge and Roll"],"picked":"After Image","floor":5},{"not_picked":["Reflex","Flying Knee"],"picked":"Backflip","floor":7},{"not_picked":["Tactician","Poisoned Stab"],"picked":"Riddle With Holes","floor":10},{"not_picked":["Deflect","Quick Slash"],"picked":"Escape Plan","floor":11},{"not_picked":["Blade Dance","Flying Knee"],"picked":"Blur","floor":12}],"player_experience":1498,"relics_obtained":[{"floor":9,"key":"Juzu Bracelet"}],"event_choices":[{"damage_healed":0,"gold_gain":0,"player_choice":"Forge","damage_taken":0,"max_hp_gain":0,"max_hp_loss":0,"event_name":"Accursed Blacksmith","floor":4,"gold_loss":0,"cards_upgraded":["Blade Dance"]},{"damage_healed":17,"gold_gain":0,"player_choice":"Healed and dodged fight","damage_taken":0,"max_hp_gain":0,"max_hp_loss":0,"event_name":"Mushrooms","floor":13,"gold_loss":0,"cards_obtained":["Parasite"]},{"damage_healed":0,"gold_gain":0,"player_choice":"Entered Light","damage_taken":14,"max_hp_gain":0,"max_hp_loss":0,"event_name":"Shining Light","floor":14,"gold_loss":0,"cards_upgraded":["Riddle With Holes","Strike_G"]}],"is_beta":false,"boss_relics":[],"items_purged_floors":[],"is_endless":false,"potions_floor_spawned":[5,7],"killed_by":"Hexaghost","ascension_level":0}