{"gold_per_floor":[119,294,45,58,70,70,96,115,138,150,173,185,216,228,240,350,362,388,26,41,54,68,68,87,2,25,25,25,25,38,38,38,38],"floor_reached":33,"playtime":3835,"items_purged":["Strike_B"],"score":411,"play_id":"9e4b83ac-8633-4a1f-8abf-625db719b6b2","local_time":"20181120143435","is_ascension_mode":true,"campfire_choices":[{"data":"Loop","floor":6,"key":"SMITH"},{"floor":12,"key":"REST"},{"floor":15,"key":"REST"},{"floor":23,"key":"REST"},{"floor":27,"key":"REST"},{"floor":32,"key":"REST"}],"neow_cost":"NONE","seed_source_timestamp":227076872854913,"circlet_count":0,"master_deck":["AscendersBane","Strike_B","Strike_B+1","Defend_B","Defend_B+1","Defend_B","Zap","Dualcast","Loop+1","BootSequence","Hologram","Consume","Go for the Eyes","Compile Driver","Core Surge","Ball Lightning","Panacea","Metallicize","Electrodynamics","Sunder","Compile Driver","Streamline"],"relics":["Cracked Core","Omamori","Symbiotic Virus","Orichalcum","MawBank","NlothsMask","Snecko Eye","PrismaticShard","Bronze Scales"],"potions_floor_usage":[13,13,16,33,33,33],"damage_taken":[{"damage":1,"enemies":"2 Louse","floor":1,"turns":2},{"damage":0,"enemies":"Small Slimes","floor":4,"turns":3},{"damage":1,"enemies":"Cultist","floor":5,"turns":4},{"damage":20,"enemies":"Lagavulin","floor":7,"turns":5},{"damage":3,"enemies":"3 Louse","floor":8,"turns":3},{"damage":1,"enemies":"Looter","floor":11,"turns":3},{"damage":23,"enemies":"Gremlin Gang","floor":13,"turns":5},{"damage":11,"enemies":"The Guardian","floor":16,"turns":9},{"damage":0,"enemies":"Chosen","floor":18,"turns":4},{"damage":0,"enemies":"3 Byrds","floor":20,"turns":3},{"damage":26,"enemies":"Snake Plant","floor":21,"turns":4},{"damage":16,"enemies":"Centurion and Healer","floor":22,"turns":4},{"damage":40,"enemies":"3 Cultists","floor":24,"turns":5},{"damage":3,"enemies":"Sentry and Sphere","floor":30,"turns":3},{"damage":78,"enemies":"Automaton","floor":33,"turns":8}],"seed_played":"-5269281923358936289","potions_obtained":[{"floor":1,"key":"LiquidBronze"},{"floor":7,"key":"Dexterity Potion"},{"floor":11,"key":"Swift Potion"},{"floor":16,"key":"LiquidBronze"},{"floor":21,"key":"Energy Potion"},{"floor":22,"key":"SteroidPotion"},{"floor":29,"key":"FocusPotion"},{"floor":29,"key":"SkillPotion"}],"is_trial":false,"path_per_floor":["M","?","$","M","M","R","E","M","T","?","M","R","M","?","R","B",null,"M","$","M","M","M","R","M","?","T","R","?","?","M","?","R","B"],"character_chosen":"DEFECT","items_purchased":["Symbiotic Virus","PrismaticShard","Panacea"],"campfire_rested":5,"item_purchase_floors":[3,19,19],"current_hp_per_floor":[67,67,67,67,66,66,46,43,43,28,27,49,26,26,48,37,66,66,66,66,40,24,46,6,6,6,28,53,53,50,50,72,0],"gold":38,"neow_bonus":"RANDOM_COMMON_RELIC","is_prod":false,"is_daily":false,"chose_seed":false,"campfire_upgraded":1,"win_rate":0,"timestamp":1542742475,"path_taken":["M","?","$","M","M","R","E","M","T","?","M","R","M","?","R","BOSS","M","$","?","M","M","R","M","?","T","R","?","?","?","?","R","BOSS"],"build_version":"2018-11-15","purchased_purges":1,"victory":false,"max_hp_per_floor":[75,75,75,75,75,75,75,75,75,75,75,75,75,75,75,75,75,75,75,75,75,75,75,75,75,75,75,75,75,75,75,75,75],"card_choices":[{"not_picked":["Hello World","Redo"],"picked":"Loop","floor":1},{"not_picked":["Steam Power","Sweeping Beam"],"picked":"BootSequence","floor":4},{"not_picked":["Beam Cell","Barrage"],"picked":"Hologram","floor":5},{"not_picked":["Hologram","Turbo"],"picked":"Consume","floor":7},{"not_picked":["Chaos","BootSequence"],"picked":"Go for the Eyes","floor":8},{"not_picked":["Steam Power","Streamline"],"picked":"Compile Driver","floor":11},{"not_picked":["Fusion","Storm","Turbo"],"picked":"SKIP","floor":13},{"not_picked":["All For One","Buffer"],"picked":"Core Surge","floor":16},{"not_picked":["Aggregate","Barrage+1"],"picked":"Ball Lightning","floor":18},{"not_picked":["Barrage","Flex+1"],"picked":"Metallicize","floor":20},{"not_picked":["Intimidate+1","Heavy Blade"],"picked":"Electrodynamics","floor":21},{"not_picked":["Rebound","Madness+1"],"picked":"Sunder","floor":22},{"not_picked":["Flying Knee","Underhanded Strike+1","Streamline"],"picked":"SKIP","floor":24},{"not_picked":["Headbutt+1","Chill","Leap"],"picked":"SKIP","floor":30}],"player_experience":565966,"relics_obtained":[{"floor":7,"key":"Orichalcum"},{"floor":9,"key":"MawBank"}],"event_choices":[{"damage_healed":0,"gold_gain":175,"player_choice":"AGREE","damage_taken":0,"max_hp_gain":0,"max_hp_loss":0,"event_name":"Liars Game","floor":2,"gold_loss":0,"cards_obtained":["Doubt"]},{"damage_healed":0,"gold_gain":0,"player_choice":"Entered Light","damage_taken":15,"max_hp_gain":0,"max_hp_loss":0,"event_name":"Shining Light","floor":10,"gold_loss":0,"cards_upgraded":["Strike_B","Defend_B"]},{"damage_healed":0,"gold_gain":0,"player_choice":"Trade","damage_taken":0,"relics_obtained":["NlothsMask"],"max_hp_gain":0,"max_hp_loss":0,"event_name":"FaceTrader","floor":14,"gold_loss":0},{"damage_healed":0,"gold_gain":0,"player_choice":"Obtained Relic","damage_taken":0,"relics_obtained":["Bronze Scales"],"max_hp_gain":0,"max_hp_loss":0,"event_name":"Addict","floor":25,"gold_loss":85},{"damage_healed":25,"gold_gain":0,"player_choice":"Heal","damage_taken":0,"max_hp_gain":0,"max_hp_loss":0,"event_name":"The Library","floor":28,"gold_loss":0},{"damage_healed":0,"gold_gain":0,"player_choice":"Got Potions","damage_taken":0,"max_hp_gain":0,"max_hp_loss":0,"event_name":"Lab","floor":29,"gold_loss":0},{"damage_healed":0,"gold_gain":0,"cards_transformed":["Strike_B","Defend_B"],"player_choice":"Became Test Subject","damage_taken":0,"max_hp_gain":0,"max_hp_loss":0,"event_name":"Drug Dealer","floor":31,"gold_loss":0,"cards_obtained":["Compile Driver","Streamline"]}],"is_beta":false,"boss_relics":[{"not_picked":["Black Star","Eternal Feather"],"picked":"Snecko Eye"}],"items_purged_floors":[19],"is_endless":false,"potions_floor_spawned":[1,7,11,16,21,22,24],"killed_by":"Automaton","ascension_level":10}