{"gold_per_floor":[15,15,15,27,27,27,46,62,62,237,237,263,263,280,280,380,380,393,240,240,89,109,136,136],"floor_reached":24,"playtime":791,"items_purged":["Strike_B","Doubt"],"score":342,"play_id":"51f075e3-122f-4a5f-814e-f95758055d39","local_time":"20181115224202","is_ascension_mode":true,"campfire_choices":[{"data":"Zap","floor":6,"key":"SMITH"},{"data":"Dualcast","floor":11,"key":"SMITH"},{"data":"Ball Lightning","floor":13,"key":"SMITH"},{"floor":15,"key":"REST"}],"neow_cost":"NO_GOLD","seed_source_timestamp":6937355291829,"circlet_count":0,"master_deck":["AscendersBane","Strike_B","Strike_B","Defend_B","Defend_B","Defend_B","Defend_B","Zap+1","Dualcast+1","Ball Lightning+1","Sunder+1","FTL","Conserve Battery+1","FTL","Rainbow+1","Redo+1","Loop","Leap+1","Leap+1","Core Surge"],"relics":["Cracked Core","Dead Branch","Emotion Chip","Toxic Egg 2","Inserter","FossilizedHelix","Torii"],"potions_floor_usage":[24],"damage_taken":[{"damage":4,"enemies":"Jaw Worm","floor":1,"turns":4},{"damage":1,"enemies":"Cultist","floor":4,"turns":3},{"damage":0,"enemies":"Small Slimes","floor":7,"turns":2},{"damage":5,"enemies":"Gremlin Gang","floor":8,"turns":4},{"damage":24,"enemies":"Gremlin Nob","floor":12,"turns":4},{"damage":5,"enemies":"Lots of Slimes","floor":14,"turns":3},{"damage":46,"enemies":"The Guardian","floor":16,"turns":11},{"damage":1,"enemies":"Spheric Guardian","floor":18,"turns":3},{"damage":22,"enemies":"2 Thieves","floor":22,"turns":3},{"damage":26,"enemies":"Book of Stabbing","floor":23,"turns":6},{"damage":15,"enemies":"Snecko","floor":24,"turns":4}],"seed_played":"1785396172971042064","potions_obtained":[{"floor":8,"key":"Swift Potion"},{"floor":12,"key":"Poison Potion"},{"floor":14,"key":"FocusPotion"},{"floor":22,"key":"PowerPotion"}],"is_trial":false,"path_per_floor":["M","?","$","M","?","R","M","M","T","?","R","E","R","M","R","B",null,"M","$","?","$","M","E","M"],"character_chosen":"DEFECT","items_purchased":["Loop","Leap+1"],"campfire_rested":1,"item_purchase_floors":[19,21],"current_hp_per_floor":[64,64,64,63,63,63,63,58,58,58,58,34,34,29,51,5,58,57,57,57,57,35,9,0],"gold":136,"neow_bonus":"ONE_RARE_RELIC","is_prod":false,"is_daily":false,"chose_seed":false,"campfire_upgraded":3,"win_rate":0,"timestamp":1542289322,"path_taken":["M","?","$","M","?","R","M","?","T","?","R","E","R","M","R","BOSS","M","$","?","$","M","E","M"],"build_version":"2018-11-08","purchased_purges":2,"victory":false,"max_hp_per_floor":[75,75,75,75,75,75,75,75,75,75,75,75,75,75,75,75,75,75,75,75,75,75,75,75],"card_choices":[{"not_picked":["Turbo","Cold Snap"],"picked":"Ball Lightning","floor":1},{"not_picked":["Rebound","Hologram"],"picked":"Sunder","floor":4},{"not_picked":["Aggregate","Skim","Leap"],"picked":"SKIP","floor":7},{"not_picked":["Steam Power","Chaos"],"picked":"FTL","floor":8},{"not_picked":["Skim","Ball Lightning"],"picked":"Conserve Battery","floor":12},{"not_picked":["Compile Driver","Go for the Eyes"],"picked":"FTL","floor":14},{"not_picked":["Meteor Strike","Machine Learning"],"picked":"Rainbow+1","floor":16},{"not_picked":["Chill+1","Barrage"],"picked":"Redo+1","floor":18},{"not_picked":["Heatsinks","Rip and Tear"],"picked":"Leap+1","floor":22},{"not_picked":["Gash","Tempest+1"],"picked":"Core Surge","floor":23}],"player_experience":566561,"relics_obtained":[{"floor":9,"key":"Emotion Chip"},{"floor":12,"key":"Toxic Egg 2"},{"floor":23,"key":"Torii"}],"event_choices":[{"cards_removed":["Strike_B"],"damage_healed":0,"gold_gain":0,"player_choice":"Forget","damage_taken":0,"max_hp_gain":0,"max_hp_loss":0,"event_name":"Living Wall","floor":2,"gold_loss":0},{"damage_healed":0,"gold_gain":0,"player_choice":"Forge","damage_taken":0,"max_hp_gain":0,"max_hp_loss":0,"event_name":"Accursed Blacksmith","floor":5,"gold_loss":0,"cards_upgraded":["Sunder"]},{"damage_healed":0,"gold_gain":175,"player_choice":"AGREE","damage_taken":0,"max_hp_gain":0,"max_hp_loss":0,"event_name":"Liars Game","floor":10,"gold_loss":0,"cards_obtained":["Doubt"]},{"damage_healed":0,"gold_gain":0,"player_choice":"Opened","damage_taken":0,"relics_obtained":["FossilizedHelix"],"max_hp_gain":0,"max_hp_loss":0,"event_name":"The Mausoleum","floor":20,"gold_loss":0}],"is_beta":false,"boss_relics":[{"not_picked":["Tiny House","Ectoplasm"],"picked":"Inserter"}],"items_purged_floors":[19,21],"is_endless":false,"potions_floor_spawned":[8,12,14,22],"killed_by":"Snecko","ascension_level":12}