{"gold_per_floor":[113,130,205,205,221,221,236,236,287,321,321,348,348,362,362,362],"floor_reached":16,"playtime":601,"items_purged":[],"score":220,"play_id":"47c8605c-0b07-4ad7-8f9c-92ee98c10c4f","local_time":"20181104224452","is_ascension_mode":true,"campfire_choices":[{"data":"Dagger Spray","floor":6,"key":"SMITH"},{"floor":11,"key":"REST"},{"data":"Skewer","floor":13,"key":"SMITH"},{"floor":15,"key":"REST"}],"neow_cost":"NONE","seed_source_timestamp":277743199267700,"circlet_count":0,"master_deck":["AscendersBane","Defend_G","Defend_G","Defend_G","Defend_G","Defend_G","Strike_G","Strike_G","Strike_G","Strike_G","Strike_G","Survivor","Neutralize","Dagger Spray+1","Dagger Spray+1","Skewer+1","Escape Plan"],"relics":["Busted Crown","Calipers","Art of War","Gremlin Horn","Blue Candle"],"potions_floor_usage":[7,10,10,12,16,16],"damage_taken":[{"damage":1,"enemies":"Cultist","floor":1,"turns":5},{"damage":0,"enemies":"2 Louse","floor":2,"turns":3},{"damage":0,"enemies":"Jaw Worm","floor":5,"turns":5},{"damage":3,"enemies":"Large Slime","floor":7,"turns":6},{"damage":29,"enemies":"Gremlin Nob","floor":10,"turns":4},{"damage":1,"enemies":"3 Sentries","floor":12,"turns":4},{"damage":2,"enemies":"Exordium Wildlife","floor":14,"turns":6},{"damage":52,"enemies":"Hexaghost","floor":16,"turns":9}],"seed_played":"9186723674244011434","potions_obtained":[{"floor":2,"key":"GamblersBrew"},{"floor":5,"key":"EntropicBrew"},{"floor":12,"key":"Swift Potion"},{"floor":14,"key":"Poison Potion"}],"is_trial":false,"path_per_floor":["M","M","?","T","M","R","M","?","T","E","R","E","R","M","R","B"],"character_chosen":"THE_SILENT","items_purchased":[],"campfire_rested":2,"item_purchase_floors":[],"current_hp_per_floor":[58,58,47,47,47,47,44,44,44,15,34,33,33,31,50,0],"gold":362,"neow_bonus":"BOSS_RELIC","is_prod":false,"is_daily":false,"chose_seed":false,"campfire_upgraded":2,"win_rate":0,"timestamp":1541389492,"path_taken":["M","?","?","?","M","R","M","?","T","E","R","E","R","M","R","BOSS"],"build_version":"2018-11-01","purchased_purges":0,"victory":false,"max_hp_per_floor":[66,66,66,66,66,66,66,66,66,66,66,66,66,66,66,66],"card_choices":[{"not_picked":["Outmaneuver"],"picked":"SKIP","floor":1},{"not_picked":["Slice"],"picked":"SKIP","floor":2},{"not_picked":[],"picked":"Dagger Spray","floor":5},{"not_picked":[],"picked":"Dagger Spray","floor":7},{"not_picked":[],"picked":"Skewer","floor":10},{"not_picked":["Dagger Spray"],"picked":"SKIP","floor":12},{"not_picked":[],"picked":"Escape Plan","floor":14}],"player_experience":1631803,"relics_obtained":[{"floor":4,"key":"Calipers"},{"floor":9,"key":"Art of War"},{"floor":10,"key":"Gremlin Horn"},{"floor":12,"key":"Blue Candle"}],"event_choices":[{"damage_healed":0,"gold_gain":75,"player_choice":"Gather Gold","damage_taken":11,"max_hp_gain":0,"max_hp_loss":0,"event_name":"World of Goop","floor":3,"gold_loss":0},{"damage_healed":0,"gold_gain":0,"player_choice":"Grow","damage_taken":0,"max_hp_gain":0,"max_hp_loss":0,"event_name":"Living Wall","floor":8,"gold_loss":0,"cards_upgraded":["Dagger Spray"]}],"is_beta":true,"boss_relics":[],"items_purged_floors":[],"is_endless":false,"potions_floor_spawned":[2,5,12,14],"killed_by":"Hexaghost","ascension_level":20}