{"gold_per_floor":[112,130,143,143,143,176,176,191,191,209,209,260,260,277,277,353,353,364,137,156,206,216,216,233,233,233,233,258,24,24,24,24,101,101,121,121,175,0,18,47,47,47,74,106,118,118,65,79,79,79,79],"floor_reached":52,"playtime":4176,"items_purged":["Strike_R"],"score":1806,"play_id":"255b6557-41c6-4210-97ed-03dd1bf86571","local_time":"20190209202734","is_ascension_mode":true,"campfire_choices":[{"data":"Inflame","floor":7.0,"key":"SMITH"},{"data":"Clothesline","floor":11.0,"key":"SMITH"},{"data":"Disarm","floor":13.0,"key":"SMITH"},{"data":"Disarm","floor":15.0,"key":"SMITH"},{"data":"Juggernaut","floor":23.0,"key":"SMITH"},{"data":"Reaper","floor":25.0,"key":"SMITH"},{"floor":27.0,"key":"REST"},{"data":"Demon Form","floor":32.0,"key":"SMITH"},{"data":"Demon Form","floor":41.0,"key":"SMITH"},{"data":"Calculated Gamble","floor":46.0,"key":"SMITH"},{"data":"Flame Barrier","floor":49.0,"key":"SMITH"}],"neow_cost":"NONE","seed_source_timestamp":0,"circlet_count":0,"master_deck":["AscendersBane","Strike_R","Strike_R","Defend_R","Defend_R","Defend_R","Defend_R","Bash+1","Clothesline+1","Inflame+1","Ghostly Armor","Reaper+1","Disarm+1","Disarm+1","Juggernaut+1","Metallicize+1","Finesse","Shrug It Off","Demon Form+1","Shrug It Off","Wild Strike","Demon Form+1","Corpse Explosion","Well Laid Plans","Auto Shields","Noxious Fumes","Bullet Time","Calculated Gamble+1","Flame Barrier+1"],"special_seed":0,"relics":["Burning Blood","Magic Flower","Incense Burner","Velvet Choker","Gambling Chip","Blue Candle","PrismaticShard","Snecko Eye","Calipers","Red Mask","Dodecahedron","Ginger","Art of War","Centennial Puzzle"],"potions_floor_usage":[51,51],"damage_taken":[{"damage":7.0,"enemies":"2 Louse","floor":1.0,"turns":4.0},{"damage":0.0,"enemies":"Small Slimes","floor":2.0,"turns":4.0},{"damage":2.0,"enemies":"Jaw Worm","floor":3.0,"turns":3.0},{"damage":56.0,"enemies":"Gremlin Nob","floor":6.0,"turns":5.0},{"damage":38.0,"enemies":"2 Fungi Beasts","floor":8.0,"turns":4.0},{"damage":4.0,"enemies":"Looter","floor":10.0,"turns":4.0},{"damage":18.0,"enemies":"Exordium Wildlife","floor":14.0,"turns":6.0},{"damage":3.0,"enemies":"The Guardian","floor":16.0,"turns":16.0},{"damage":43.0,"enemies":"3 Byrds","floor":18.0,"turns":8.0},{"damage":17.0,"enemies":"Spheric Guardian","floor":20.0,"turns":6.0},{"damage":38.0,"enemies":"Cultist and Chosen","floor":22.0,"turns":8.0},{"damage":37.0,"enemies":"Chosen and Byrds","floor":24.0,"turns":8.0},{"damage":8.0,"enemies":"Book of Stabbing","floor":28.0,"turns":7.0},{"damage":60.0,"enemies":"Collector","floor":33.0,"turns":9.0},{"damage":6.0,"enemies":"3 Shapes","floor":35.0,"turns":5.0},{"damage":51.0,"enemies":"2 Orb Walkers","floor":37.0,"turns":4.0},{"damage":27.0,"enemies":"3 Darklings","floor":39.0,"turns":4.0},{"damage":34.0,"enemies":"Giant Head","floor":40.0,"turns":7.0},{"damage":38.0,"enemies":"Nemesis","floor":44.0,"turns":9.0},{"damage":58.0,"enemies":"Spire Growth","floor":45.0,"turns":5.0},{"damage":9.0,"enemies":"Sphere and 2 Shapes","floor":48.0,"turns":4.0},{"damage":98.0,"enemies":"Donu and Deca","floor":50.0,"turns":9.0},{"damage":72,"enemies":"Awakened One","floor":51,"turns":13}],"seed_played":"982036668742314012","potions_obtained":[{"floor":2.0,"key":"SpeedPotion"},{"floor":14.0,"key":"BloodPotion"},{"floor":20.0,"key":"Energy Potion"},{"floor":24.0,"key":"Block Potion"},{"floor":35.0,"key":"Poison Potion"},{"floor":37.0,"key":"Energy Potion"},{"floor":44.0,"key":"Fire Potion"},{"floor":48.0,"key":"Dexterity Potion"}],"is_trial":false,"path_per_floor":["M","M","M","?","?","E","R","M","T","M","R","?","R","M","R","B",null,"M","$","M","?","M","R","M","R","T","R","E","$","?","?","R","B",null,"M","?","?","?","M","E","R","T","T","E","M","R","$","M","R","B","B",null],"character_chosen":"IRONCLAD","items_purchased":["Finesse","Shrug It Off","Shrug It Off","PrismaticShard","Strength Potion"],"campfire_rested":1,"item_purchase_floors":[19,19,29,29,47],"current_hp_per_floor":[74,80,82,82,82,32,32,24,24,37,37,37,37,40,40,57,76,68,68,60,60,52,52,35,35,35,59,60,60,60,76,76,59,76,79,78,66,66,72,78,78,78,78,78,64,64,64,64,64,43,45],"gold":79,"neow_bonus":"TEN_PERCENT_HP_BONUS","is_prod":false,"is_daily":false,"chose_seed":false,"campfire_upgraded":10,"win_rate":0,"timestamp":1549762054,"path_taken":["M","M","M","?","?","E","R","M","T","M","R","?","R","M","R","BOSS","M","$","M","?","M","R","M","R","T","R","E","$","?","?","R","BOSS","M","?","?","?","M","E","R","?","T","E","M","R","$","M","R","BOSS","BOSS"],"build_version":"2019-01-23","purchased_purges":1,"victory":true,"max_hp_per_floor":[82,82,82,82,82,82,82,82,82,82,82,82,82,82,82,82,82,82,82,82,82,82,82,82,82,82,82,82,82,82,82,82,82,82,82,78,78,78,78,78,78,78,78,78,78,78,78,78,78,78,78],"card_choices":[{"not_picked":["Armaments","Ghostly Armor"],"picked":"Clothesline","floor":1.0},{"not_picked":["Flex","Wild Strike"],"picked":"Inflame","floor":2.0},{"not_picked":["Perfected Strike","Body Slam"],"picked":"Ghostly Armor","floor":3.0},{"not_picked":["Blood for Blood","Wild Strike"],"picked":"Reaper","floor":6.0},{"not_picked":["Headbutt","Twin Strike"],"picked":"Disarm","floor":8.0},{"not_picked":["Clash","Carnage"],"picked":"Disarm","floor":10.0},{"not_picked":["Combust","Heavy Blade","Warcry"],"picked":"SKIP","floor":14.0},{"not_picked":["Bludgeon","Berserk"],"picked":"Juggernaut","floor":16.0},{"not_picked":["True Grit","Ghostly Armor"],"picked":"Metallicize+1","floor":18.0},{"not_picked":["Perfected Strike","Second Wind","Reckless Charge"],"picked":"SKIP","floor":20.0},{"not_picked":["Burning Pact","Body Slam","Havoc"],"picked":"SKIP","floor":22.0},{"not_picked":["Burning Pact","Body Slam","Havoc"],"picked":"SKIP","floor":22.0},{"not_picked":["Hemokinesis","Clash","Wild Strike"],"picked":"SKIP","floor":24.0},{"not_picked":["Armaments","Havoc"],"picked":"Demon Form","floor":28.0},{"not_picked":["Electrodynamics","Fission"],"picked":"Corpse Explosion","floor":33.0},{"not_picked":["Noxious Fumes","Steam+1"],"picked":"Well Laid Plans","floor":35.0},{"not_picked":["Hemokinesis+1","Genetic Algorithm"],"picked":"Auto Shields","floor":37.0},{"not_picked":["Sword Boomerang","Steam"],"picked":"Noxious Fumes","floor":39.0},{"not_picked":["Auto Shields","Double Tap","Blizzard"],"picked":"SKIP","floor":40.0},{"not_picked":["Outmaneuver","Good Instincts"],"picked":"Bullet Time","floor":44.0},{"not_picked":["Sword Boomerang","Wild Strike+1"],"picked":"Calculated Gamble","floor":45.0},{"not_picked":["Hologram","Anger+1"],"picked":"Flame Barrier","floor":48.0}],"player_experience":1192782,"relics_obtained":[{"floor":6.0,"key":"Magic Flower"},{"floor":9.0,"key":"Incense Burner"},{"floor":26.0,"key":"Gambling Chip"},{"floor":28.0,"key":"Blue Candle"},{"floor":37.0,"key":"Calipers"},{"floor":40.0,"key":"Dodecahedron"},{"floor":42.0,"key":"Ginger"},{"floor":43.0,"key":"Art of War"},{"floor":44.0,"key":"Centennial Puzzle"}],"event_choices":[{"damage_healed":0.0,"max_hp_gain":0.0,"max_hp_loss":0.0,"gold_gain":0.0,"event_name":"Living Wall","player_choice":"Grow","floor":4.0,"gold_loss":0.0,"damage_taken":0.0,"cards_upgraded":["Bash"]},{"damage_healed":0.0,"max_hp_gain":0.0,"max_hp_loss":0.0,"gold_gain":0.0,"event_name":"Liars Game","player_choice":"Ignored","floor":5.0,"gold_loss":0.0,"damage_taken":0.0},{"damage_healed":0.0,"max_hp_gain":0.0,"max_hp_loss":0.0,"gold_gain":51.0,"event_name":"Golden Wing","player_choice":"Gained Gold","floor":12.0,"gold_loss":0.0,"damage_taken":0.0},{"damage_healed":0.0,"max_hp_gain":0.0,"max_hp_loss":0.0,"gold_gain":50.0,"event_name":"Nest","player_choice":"Stole From Cult","floor":21.0,"gold_loss":0.0,"damage_taken":0.0},{"damage_healed":0.0,"max_hp_gain":0.0,"max_hp_loss":0.0,"gold_gain":0.0,"cards_transformed":["Strike_R","Strike_R"],"event_name":"Drug Dealer","player_choice":"Became Test Subject","floor":30.0,"gold_loss":0.0,"damage_taken":0.0,"cards_obtained":["Wild Strike","Demon Form"]},{"damage_healed":16.0,"max_hp_gain":0.0,"max_hp_loss":0.0,"gold_gain":0.0,"event_name":"The Library","player_choice":"Heal","floor":31.0,"gold_loss":0.0,"damage_taken":0.0},{"damage_healed":0.0,"max_hp_gain":0.0,"max_hp_loss":4.0,"gold_gain":0.0,"event_name":"Winding Halls","player_choice":"Max HP","floor":36.0,"gold_loss":0.0,"damage_taken":0.0},{"damage_healed":0.0,"max_hp_gain":0.0,"max_hp_loss":0.0,"gold_gain":0.0,"event_name":"Mysterious Sphere","player_choice":"Fight","floor":37.0,"gold_loss":0.0,"damage_taken":0.0},{"damage_healed":0.0,"max_hp_gain":0.0,"max_hp_loss":0.0,"gold_gain":0.0,"event_name":"Tomb of Lord Red Mask","player_choice":"Paid","floor":38.0,"gold_loss":175.0,"damage_taken":0.0,"relics_obtained":["Red Mask"]}],"is_beta":false,"boss_relics":[{"not_picked":["Black Blood","Runic Dome"],"picked":"Velvet Choker"},{"not_picked":["Mark of Pain","Pandora\u0027s Box"],"picked":"Snecko Eye"}],"items_purged_floors":[19],"is_endless":false,"potions_floor_spawned":[2,14,20,24,35,37,44,48],"ascension_level":20}