{"gold_per_floor":[362,373,55,55,55,55,93,93,93,368,382,382],"floor_reached":12,"playtime":3628,"items_purged":[],"score":80,"play_id":"81389d99-1b54-401d-a0fc-f85c28b15ce7","local_time":"20190115211006","is_ascension_mode":true,"campfire_choices":[{"data":"Footwork","floor":6,"key":"SMITH"},{"floor":8,"key":"REST"}],"neow_cost":"TEN_PERCENT_HP_LOSS","seed_source_timestamp":385334225230,"circlet_count":0,"master_deck":["Defend_G","Defend_G","Defend_G","Defend_G","Defend_G","Strike_G","Strike_G","Strike_G","Strike_G","Strike_G","Survivor","Neutralize","Cloak And Dagger","Dagger Spray","Footwork+1","Injury","Footwork","Regret","Leg Sweep"],"relics":["Ring of the Snake","Ornamental Fan","Golden Idol","Darkstone Periapt","Anchor"],"potions_floor_usage":[7],"damage_taken":[{"damage":0,"enemies":"2 Louse","floor":1,"turns":4},{"damage":0,"enemies":"Jaw Worm","floor":2,"turns":5},{"damage":59,"enemies":"Gremlin Nob","floor":7,"turns":7},{"damage":1,"enemies":"Cultist","floor":11,"turns":5},{"damage":35,"enemies":"Lagavulin","floor":12,"turns":20}],"seed_played":"-6510046148759140292","potions_obtained":[{"floor":2,"key":"Fruit Juice"},{"floor":7,"key":"Ancient Potion"}],"is_trial":false,"path_per_floor":["M","M","$","?","?","R","E","R","T","?","M","E"],"character_chosen":"THE_SILENT","items_purchased":["Footwork","Ornamental Fan"],"campfire_rested":1,"item_purchase_floors":[3,3],"current_hp_per_floor":[63,63,63,63,63,63,9,29,29,35,34,0],"gold":382,"neow_bonus":"TWO_FIFTY_GOLD","is_prod":false,"is_daily":false,"chose_seed":false,"campfire_upgraded":1,"win_rate":0,"timestamp":1547615406,"path_taken":["M","M","$","?","?","R","E","R","T","?","?","E"],"build_version":"2019-01-10","purchased_purges":0,"victory":false,"max_hp_per_floor":[63,63,63,63,63,63,68,68,68,74,74,74],"card_choices":[{"not_picked":["Dagger Spray","Sucker Punch"],"picked":"Cloak And Dagger","floor":1},{"not_picked":["Setup","Calculated Gamble"],"picked":"Dagger Spray","floor":2},{"not_picked":["Quick Slash","Cloak And Dagger"],"picked":"Footwork","floor":7},{"not_picked":["Sucker Punch","Accuracy"],"picked":"Leg Sweep","floor":11}],"player_experience":218368,"relics_obtained":[{"floor":7,"key":"Darkstone Periapt"},{"floor":9,"key":"Anchor"}],"event_choices":[{"damage_healed":0,"gold_gain":0,"player_choice":"Ignored","damage_taken":0,"max_hp_gain":0,"max_hp_loss":0,"event_name":"Golden Wing","floor":4,"gold_loss":0},{"damage_healed":0,"gold_gain":0,"player_choice":"Take Wound","damage_taken":0,"relics_obtained":["Golden Idol"],"max_hp_gain":0,"max_hp_loss":0,"event_name":"Golden Idol","floor":5,"gold_loss":0,"cards_obtained":["Injury"]},{"damage_healed":0,"gold_gain":275,"player_choice":"Desecrate","damage_taken":0,"max_hp_gain":0,"max_hp_loss":0,"event_name":"Golden Shrine","floor":10,"gold_loss":0,"cards_obtained":["Regret"]}],"is_beta":false,"boss_relics":[],"items_purged_floors":[],"is_endless":false,"potions_floor_spawned":[2,7],"killed_by":"Lagavulin","ascension_level":1}