{"gold_per_floor":[119,119,47,60,135,135,164,177,177,177,193,193,211,244,244,348,348,359,41,41,41,61,91,108,127,127,127,141,160,160,187,187,187],"floor_reached":33,"playtime":2874,"items_purged":[],"score":322,"play_id":"908349ce-0367-4b4d-acd7-d56fbb3d0d76","local_time":"20190120171129","is_ascension_mode":false,"campfire_choices":[{"data":"Backstab","floor":6,"key":"SMITH"},{"data":"1","floor":10,"key":"LIFT"},{"data":"2","floor":12,"key":"LIFT"},{"data":"3","floor":15,"key":"LIFT"},{"data":"Mayhem","floor":27,"key":"SMITH"},{"data":"Leg Sweep","floor":30,"key":"SMITH"},{"floor":32,"key":"REST"}],"neow_cost":"NONE","seed_source_timestamp":579139515898128,"circlet_count":0,"master_deck":["Defend_G","Defend_G","Defend_G","Defend_G","Defend_G","Strike_G","Strike_G","Strike_G","Strike_G","Survivor","Backstab","Distraction","Backstab+1","Leg Sweep+1","Dodge and Roll","Endless Agony","Bouncing Flask","Unload","Bullet Time","Deflect+1","Mayhem+1","Endless Agony","Eviscerate","Dodge and Roll","Catalyst","Bouncing Flask","Bouncing Flask+1","PiercingWail","Backstab"],"relics":["Ring of the Snake","Shuriken","Girya","Centennial Puzzle","Black Star","Regal Pillow","The Specimen","Ninja Scroll","Matryoshka","Paper Crane","Mercury Hourglass"],"potions_floor_usage":[14,16,33,33,33],"damage_taken":[{"damage":0,"enemies":"2 Louse","floor":1,"turns":3},{"damage":0,"enemies":"Small Slimes","floor":4,"turns":3},{"damage":14,"enemies":"3 Sentries","floor":7,"turns":11},{"damage":0,"enemies":"Jaw Worm","floor":8,"turns":2},{"damage":4,"enemies":"Gremlin Gang","floor":11,"turns":3},{"damage":0,"enemies":"Large Slime","floor":13,"turns":3},{"damage":0,"enemies":"Gremlin Nob","floor":14,"turns":2},{"damage":15,"enemies":"The Guardian","floor":16,"turns":15},{"damage":0,"enemies":"Shell Parasite","floor":18,"turns":2},{"damage":0,"enemies":"Chosen","floor":22,"turns":3},{"damage":6,"enemies":"Slavers","floor":23,"turns":8},{"damage":0,"enemies":"Snecko","floor":24,"turns":3},{"damage":5,"enemies":"Cultist and Chosen","floor":25,"turns":4},{"damage":0,"enemies":"Centurion and Healer","floor":28,"turns":4},{"damage":0,"enemies":"Snake Plant","floor":29,"turns":2},{"damage":37,"enemies":"Gremlin Leader","floor":31,"turns":7},{"damage":59,"enemies":"Automaton","floor":33,"turns":8}],"seed_played":"4582951546638088981","potions_obtained":[{"floor":1,"key":"Swift Potion"},{"floor":8,"key":"Explosive Potion"},{"floor":13,"key":"SkillPotion"},{"floor":18,"key":"Energy Potion"},{"floor":22,"key":"Poison Potion"},{"floor":31,"key":"LiquidBronze"}],"is_trial":false,"path_per_floor":["M","?","$","M","?","R","E","M","T","R","M","R","M","E","R","B",null,"M","$","?","?","M","E","M","M","T","R","M","M","R","E","R","B"],"character_chosen":"THE_SILENT","items_purchased":["Distraction","Mayhem","Regal Pillow"],"campfire_rested":1,"item_purchase_floors":[3,19,19],"current_hp_per_floor":[70,70,70,70,59,59,45,45,45,45,41,41,41,41,41,26,70,70,70,70,70,70,64,64,59,59,59,59,59,59,22,58,0],"gold":187,"neow_bonus":"TRANSFORM_CARD","is_prod":false,"is_daily":false,"chose_seed":false,"campfire_upgraded":3,"win_rate":0,"timestamp":1548022289,"path_taken":["M","?","$","M","?","R","E","M","T","R","M","R","M","E","R","BOSS","M","$","?","?","M","E","M","?","T","R","M","M","R","E","R","BOSS"],"build_version":"2019-01-17v2","purchased_purges":0,"victory":false,"max_hp_per_floor":[70,70,70,70,70,70,70,70,70,70,70,70,70,70,70,70,70,70,70,70,70,70,70,70,70,70,70,70,70,70,70,70,70],"card_choices":[{"not_picked":["Escape Plan","Slice"],"picked":"Acrobatics","floor":1},{"not_picked":["Masterful Stab","PiercingWail"],"picked":"Backstab","floor":4},{"not_picked":["Tactician","Crippling Poison"],"picked":"Leg Sweep","floor":7},{"not_picked":["Blade Dance","Flechettes"],"picked":"Dodge and Roll","floor":8},{"not_picked":["Flying Knee","Quick Slash"],"picked":"Endless Agony","floor":11},{"not_picked":["PiercingWail","Acrobatics"],"picked":"Bouncing Flask","floor":13},{"not_picked":["Dodge and Roll","Backflip"],"picked":"Unload","floor":14},{"not_picked":["Tools of the Trade","Malaise"],"picked":"Bullet Time","floor":16},{"not_picked":["Bane","Catalyst"],"picked":"Deflect+1","floor":18},{"not_picked":["Blade Dance","Dagger Throw"],"picked":"Catalyst","floor":22},{"not_picked":["Bane","PiercingWail"],"picked":"Bouncing Flask","floor":23},{"not_picked":["Calculated Gamble+1","Prepared"],"picked":"Bouncing Flask+1","floor":24},{"not_picked":["Storm of Steel","Flechettes"],"picked":"PiercingWail","floor":25},{"not_picked":["PiercingWail","Bane"],"picked":"Backstab","floor":28},{"not_picked":["Bane","Slice","Underhanded Strike+1"],"picked":"SKIP","floor":29},{"not_picked":["Quick Slash","Endless Agony","Prepared"],"picked":"SKIP","floor":31}],"player_experience":92677,"relics_obtained":[{"floor":7,"key":"Shuriken"},{"floor":9,"key":"Girya"},{"floor":14,"key":"Centennial Puzzle"},{"floor":23,"key":"The Specimen"},{"floor":23,"key":"Ninja Scroll"},{"floor":26,"key":"Matryoshka"},{"floor":31,"key":"Paper Crane"},{"floor":31,"key":"Mercury Hourglass"}],"event_choices":[{"damage_healed":0,"gold_gain":0,"cards_transformed":["Acrobatics"],"player_choice":"Change","damage_taken":0,"max_hp_gain":0,"max_hp_loss":0,"event_name":"Living Wall","floor":2,"gold_loss":0,"cards_obtained":["Underhanded Strike"]},{"damage_healed":0,"gold_gain":75,"player_choice":"Gather Gold","damage_taken":11,"max_hp_gain":0,"max_hp_loss":0,"event_name":"World of Goop","floor":5,"gold_loss":0},{"damage_healed":0,"gold_gain":0,"cards_transformed":["Underhanded Strike","Strike_G"],"player_choice":"Became Test Subject","damage_taken":0,"max_hp_gain":0,"max_hp_loss":0,"event_name":"Drug Dealer","floor":20,"gold_loss":0,"cards_obtained":["Endless Agony","Eviscerate"]},{"damage_healed":0,"gold_gain":0,"player_choice":"1 cards matched","damage_taken":0,"max_hp_gain":0,"max_hp_loss":0,"event_name":"Match and Keep!","floor":21,"gold_loss":0,"cards_obtained":["Dodge and Roll"]}],"is_beta":false,"boss_relics":[{"not_picked":["Snecko Eye","Calling Bell"],"picked":"Black Star"}],"items_purged_floors":[],"is_endless":false,"potions_floor_spawned":[1,8,13,18,22,23,31],"killed_by":"Automaton","ascension_level":0}