{"gold_per_floor":[115,129,140,155,171,171,58,86,109,109,138,156,156,167,167,272,272,286,88,88,13,25,25,57,57,83,83],"floor_reached":27,"playtime":3152,"items_purged":["Strike_G","Strike_G"],"score":279,"play_id":"6466b0c3-3ed3-47b6-96fd-6f2f117d7106","local_time":"20181021201234","is_ascension_mode":true,"campfire_choices":[{"data":"Backflip","floor":6.0,"key":"SMITH"},{"floor":10.0,"key":"REST"},{"floor":13.0,"key":"REST"},{"data":"Footwork","floor":15.0,"key":"SMITH"},{"data":"Footwork","floor":23,"key":"SMITH"}],"neow_cost":"NONE","seed_source_timestamp":0,"circlet_count":0,"master_deck":["Defend_G","Defend_G","Defend_G","Defend_G","Defend_G","Strike_G","Strike_G","Strike_G","Survivor","Neutralize","PiercingWail","Backflip+1","Backflip","Cloak And Dagger","Footwork+1","Bouncing Flask","Escape Plan","Dagger Spray","Tools of the Trade","Dagger Throw+1","Flash of Steel","Footwork+1"],"special_seed":0,"relics":["Ring of the Snake","Art of War","Tough Bandages","Blood Vial","Dream Catcher","Velvet Choker","Vajra","Darkstone Periapt","Snake Skull"],"potions_floor_usage":[24,24,27],"damage_taken":[{"damage":0.0,"enemies":"Cultist","floor":1.0,"turns":4.0},{"damage":0.0,"enemies":"Small Slimes","floor":2.0,"turns":4.0},{"damage":6.0,"enemies":"2 Louse","floor":3.0,"turns":3.0},{"damage":5.0,"enemies":"Looter","floor":4.0,"turns":3.0},{"damage":0.0,"enemies":"Blue Slaver","floor":5.0,"turns":6.0},{"damage":24.0,"enemies":"3 Sentries","floor":8.0,"turns":15.0},{"damage":8.0,"enemies":"Lagavulin","floor":11.0,"turns":7.0},{"damage":8.0,"enemies":"Exordium Wildlife","floor":12.0,"turns":4.0},{"damage":11.0,"enemies":"Red Slaver","floor":14.0,"turns":4.0},{"damage":4.0,"enemies":"The Guardian","floor":16.0,"turns":12.0},{"damage":0,"enemies":"3 Byrds","floor":18,"turns":7},{"damage":0,"enemies":"Spheric Guardian","floor":22,"turns":5},{"damage":30,"enemies":"Gremlin Leader","floor":24,"turns":10},{"damage":34,"enemies":"Slavers","floor":27,"turns":4}],"seed_played":"4559378093564314494","potions_obtained":[{"floor":3.0,"key":"Fire Potion"},{"floor":4.0,"key":"FearPotion"},{"floor":8.0,"key":"EssenceOfSteel"},{"floor":14.0,"key":"SpeedPotion"},{"floor":18,"key":"FearPotion"},{"floor":22,"key":"AttackPotion"}],"is_trial":false,"path_per_floor":["M","M","M","M","M","R","$","E","T","R","E","M","R","M","R","B",null,"M","$","?","$","M","R","E","T","T"],"character_chosen":"THE_SILENT","items_purchased":["Footwork","Flash of Steel","Footwork"],"campfire_rested":2,"item_purchase_floors":[7,19,21],"current_hp_per_floor":[70,70,64,59,59,59,59,35,35,56,50,44,65,56,56,54,70,70,70,57,57,59,59,31,31,31,0],"gold":83,"neow_bonus":"RANDOM_COMMON_RELIC","is_prod":false,"is_daily":false,"chose_seed":false,"campfire_upgraded":3,"win_rate":0,"timestamp":1540167154,"path_taken":["M","M","M","M","?","R","$","E","T","R","E","M","R","M","R","BOSS","M","?","?","$","M","R","E","?","T","E"],"build_version":"2018-10-18","purchased_purges":2,"victory":false,"max_hp_per_floor":[70,70,70,70,70,70,70,70,70,70,70,70,70,70,70,70,70,70,70,75,75,75,75,75,75,75,75],"card_choices":[{"not_picked":["Deflect","Terror"],"picked":"PiercingWail","floor":1.0},{"not_picked":["Deflect","Cloak And Dagger"],"picked":"Backflip","floor":2.0},{"not_picked":["Skewer","Riddle With Holes"],"picked":"Backflip","floor":3.0},{"not_picked":["Prepared","Blade Dance"],"picked":"Cloak And Dagger","floor":4.0},{"not_picked":["Dagger Spray","Sucker Punch","Underhanded Strike"],"picked":"SKIP","floor":5.0},{"not_picked":["Bane","Poisoned Stab"],"picked":"Bouncing Flask","floor":8.0},{"not_picked":["Cloak And Dagger","Accuracy"],"picked":"Escape Plan","floor":11.0},{"not_picked":["Sucker Punch","Dagger Spray","Choke"],"picked":"SKIP","floor":12.0},{"not_picked":["Prepared","Acrobatics"],"picked":"Dagger Spray","floor":13.0},{"not_picked":["Prepared","Underhanded Strike"],"picked":"Tools of the Trade","floor":14.0},{"not_picked":["PiercingWail","Eviscerate+1"],"picked":"Dagger Throw+1","floor":18},{"not_picked":["Slice+1","Backflip","Acrobatics+1"],"picked":"SKIP","floor":22},{"not_picked":["Acrobatics","Outmaneuver","Wraith Form v2"],"picked":"SKIP","floor":24}],"player_experience":354568,"relics_obtained":[{"floor":8.0,"key":"Tough Bandages"},{"floor":9.0,"key":"Blood Vial"},{"floor":11.0,"key":"Dream Catcher"},{"floor":24,"key":"Vajra"},{"floor":25,"key":"Darkstone Periapt"},{"floor":26,"key":"Snake Skull"}],"event_choices":[{"damage_healed":0,"gold_gain":0,"player_choice":"Shed Blood","damage_taken":18,"max_hp_gain":5,"max_hp_loss":0,"event_name":"Forgotten Altar","floor":20,"gold_loss":0}],"is_beta":false,"boss_relics":[{"not_picked":["Cursed Key","Orrery"],"picked":"Velvet Choker"}],"items_purged_floors":[7,19],"is_endless":false,"potions_floor_spawned":[3,4,8,14,18,22],"killed_by":"Slavers","ascension_level":3}