{"gold_per_floor":[114,134,59,75,75,75,92,92,118,133,150,150,23,23,23,123,123,134,134,134,134,134,134,146,164,164,164,114,114,134,233,233,333,333,347,347,347,347,361,361,374,374,374,394,394,106,106,0,0,0],"floor_reached":51,"playtime":1827,"items_purged":["Strike_B","Parasite","Strike_B","Shame"],"score":950,"play_id":"c85a2887-7448-4ae3-bcc9-a8d568411926","local_time":"20181026015959","is_ascension_mode":true,"campfire_choices":[{"data":"Zap","floor":6,"key":"SMITH"},{"data":"Consume","floor":8,"key":"SMITH"},{"data":"Redo","floor":15,"key":"SMITH"},{"data":"Capacitor","floor":23,"key":"SMITH"},{"data":"Fission","floor":27,"key":"SMITH"},{"floor":29,"key":"REST"},{"floor":32,"key":"REST"},{"floor":40,"key":"REST"},{"floor":42,"key":"REST"},{"floor":47,"key":"REST"},{"floor":49,"key":"REST"}],"neow_cost":"NONE","seed_source_timestamp":187531176804850,"circlet_count":0,"master_deck":["Zap+1","Dualcast","AscendersBane","Reboot","Redo+1","Auto Shields","Capacitor+1","Consume+1","Steam","Coolheaded","Capacitor","Electrodynamics","Redo+1","Capacitor","Fission+1","FTL","Cold Snap","Echo Form","Stack+1","Redo+1","Steam","Go for the Eyes","Shame","FTL+1","Gash"],"relics":["Cracked Core","Smiling Mask","Cursed Key","Juzu Bracelet","Empty Cage","Dead Branch","Blue Candle","Bottled Tornado","Red Mask"],"potions_floor_usage":[41,50,50],"damage_taken":[{"damage":1,"enemies":"Cultist","floor":1,"turns":4},{"damage":2,"enemies":"Jaw Worm","floor":2,"turns":3},{"damage":0,"enemies":"2 Louse","floor":4,"turns":3},{"damage":13,"enemies":"Large Slime","floor":7,"turns":6},{"damage":1,"enemies":"Looter","floor":10,"turns":3},{"damage":12,"enemies":"3 Louse","floor":11,"turns":3},{"damage":11,"enemies":"Slime Boss","floor":16,"turns":13},{"damage":5,"enemies":"Shell Parasite","floor":18,"turns":6},{"damage":10,"enemies":"3 Byrds","floor":24,"turns":2},{"damage":26,"enemies":"Snake Plant","floor":25,"turns":4},{"damage":24,"enemies":"Centurion and Healer","floor":30,"turns":4},{"damage":6,"enemies":"Collector","floor":33,"turns":11},{"damage":25,"enemies":"3 Shapes","floor":35,"turns":5},{"damage":18,"enemies":"Mind Bloom Boss Battle","floor":36,"turns":7},{"damage":12,"enemies":"3 Darklings","floor":39,"turns":3},{"damage":13,"enemies":"Transient","floor":41,"turns":5},{"damage":27,"enemies":"Jaw Worm Horde","floor":44,"turns":5},{"damage":32,"enemies":"Time Eater","floor":50,"turns":13}],"seed_played":"8931049540659506269","potions_obtained":[{"floor":1,"key":"FocusPotion"},{"floor":2,"key":"PowerPotion"},{"floor":25,"key":"FearPotion"},{"floor":30,"key":"Energy Potion"},{"floor":44,"key":"AttackPotion"}],"is_trial":false,"path_per_floor":["M","M","$","M","?","R","M","R","T","M","M","?","$","$","R","B",null,"M","?","?","?","?","R","M","M","T","R","$","R","M","?","R","B",null,"M","?","?","?","M","R","M","R","T","M","?","$","R","?","R","B"],"character_chosen":"DEFECT","items_purchased":["Capacitor","Bottled Tornado"],"campfire_rested":6,"item_purchase_floors":[13,46],"current_hp_per_floor":[67,65,65,65,58,58,45,45,45,44,32,50,50,50,50,39,64,59,59,59,59,52,52,42,16,16,16,16,37,13,13,34,28,61,36,18,18,18,6,27,14,35,35,8,8,8,29,29,50,18],"gold":0,"neow_bonus":"ONE_RANDOM_RARE_CARD","is_prod":false,"is_daily":false,"chose_seed":false,"campfire_upgraded":5,"win_rate":0,"timestamp":1540486799,"path_taken":["M","?","$","M","?","R","M","R","T","M","M","?","?","$","R","BOSS","M","?","?","?","?","R","M","?","T","R","$","R","M","?","R","BOSS","M","?","?","?","M","R","M","R","T","M","?","$","R","?","R","BOSS"],"build_version":"2018-10-18","purchased_purges":4,"victory":true,"max_hp_per_floor":[75,75,75,75,75,75,75,75,75,75,75,75,72,72,72,72,72,72,72,72,72,72,72,72,72,72,72,72,72,72,72,72,72,72,72,72,72,72,72,72,72,72,72,72,72,72,72,72,72,72],"card_choices":[{"not_picked":["Hello World","Recycle"],"picked":"Redo","floor":1},{"not_picked":["Go for the Eyes","Coolheaded"],"picked":"Auto Shields","floor":2},{"not_picked":["Conserve Battery","Stack"],"picked":"Capacitor","floor":4},{"not_picked":["Beam Cell","Streamline"],"picked":"Consume","floor":7},{"not_picked":["Recycle","Compile Driver"],"picked":"Steam","floor":10},{"not_picked":["Cold Snap","Doom and Gloom"],"picked":"Coolheaded","floor":11},{"not_picked":["Rainbow","Amplify"],"picked":"Electrodynamics","floor":16},{"not_picked":["Force Field","Ball Lightning"],"picked":"Redo+1","floor":18},{"not_picked":["Streamline","Rebound+1"],"picked":"Fission","floor":24},{"not_picked":["White Noise+1","Hello World"],"picked":"FTL","floor":25},{"not_picked":["Ball Lightning","Beam Cell"],"picked":"Cold Snap","floor":30},{"not_picked":["Machine Learning","Meteor Strike"],"picked":"Echo Form","floor":33},{"not_picked":["Heatsinks+1","Scrape+1"],"picked":"Stack+1","floor":35},{"not_picked":["Steam+1","All For One"],"picked":"Redo+1","floor":36},{"not_picked":["Hologram+1","Chaos"],"picked":"Steam","floor":39},{"not_picked":["Cold Snap","Lockon+1"],"picked":"Go for the Eyes","floor":41},{"not_picked":["Tempest+1","Leap+1"],"picked":"FTL+1","floor":44}],"player_experience":541494,"relics_obtained":[{"floor":9,"key":"Smiling Mask"},{"floor":26,"key":"Juzu Bracelet"},{"floor":36,"key":"Dead Branch"},{"floor":43,"key":"Blue Candle"}],"event_choices":[{"cards_removed":["Defend_B"],"damage_healed":0,"gold_gain":0,"player_choice":"Card Removal","damage_taken":7,"max_hp_gain":0,"max_hp_loss":0,"event_name":"Golden Wing","floor":5,"gold_loss":0},{"damage_healed":18,"gold_gain":0,"player_choice":"Healed and dodged fight","damage_taken":0,"max_hp_gain":0,"max_hp_loss":0,"event_name":"Mushrooms","floor":12,"gold_loss":0,"cards_obtained":["Parasite"]},{"cards_removed":["Strike_B"],"damage_healed":0,"gold_gain":0,"player_choice":"Elegance","damage_taken":0,"max_hp_gain":0,"max_hp_loss":0,"event_name":"Back to Basics","floor":19,"gold_loss":0},{"damage_healed":0,"gold_gain":0,"player_choice":"Read","damage_taken":0,"max_hp_gain":0,"max_hp_loss":0,"event_name":"The Library","floor":20,"gold_loss":0,"cards_obtained":["Capacitor"]},{"damage_healed":0,"gold_gain":0,"player_choice":"Bought 0 Potions","damage_taken":0,"max_hp_gain":0,"max_hp_loss":0,"event_name":"The Woman in Blue","floor":21,"gold_loss":0},{"damage_healed":0,"gold_gain":0,"player_choice":"","damage_taken":7,"max_hp_gain":0,"max_hp_loss":0,"event_name":"Knowing Skull","floor":22,"potions_obtained":[],"gold_loss":0,"cards_obtained":[]},{"damage_healed":0,"gold_gain":99,"player_choice":"Stole From Cult","damage_taken":0,"max_hp_gain":0,"max_hp_loss":0,"event_name":"Nest","floor":31,"gold_loss":0},{"damage_healed":0,"gold_gain":0,"player_choice":"Fight","damage_taken":0,"max_hp_gain":0,"max_hp_loss":0,"event_name":"MindBloom","floor":36,"gold_loss":0},{"cards_removed":["Defend_B"],"damage_healed":0,"gold_gain":0,"player_choice":"Removed Skill","damage_taken":0,"max_hp_gain":0,"max_hp_loss":0,"event_name":"Falling","floor":37,"gold_loss":0},{"damage_healed":0,"gold_gain":0,"player_choice":"Ignored","damage_taken":0,"max_hp_gain":0,"max_hp_loss":0,"event_name":"Mysterious Sphere","floor":38,"gold_loss":0},{"damage_healed":0,"gold_gain":0,"cards_transformed":["Defend_B"],"player_choice":"Transformed","damage_taken":0,"max_hp_gain":0,"max_hp_loss":0,"event_name":"Transmorgrifier","floor":45,"gold_loss":0,"cards_obtained":["Gash"]},{"damage_healed":0,"gold_gain":0,"player_choice":"Paid","damage_taken":0,"relics_obtained":["Red Mask"],"max_hp_gain":0,"max_hp_loss":0,"event_name":"Tomb of Lord Red Mask","floor":48,"gold_loss":106}],"is_beta":false,"boss_relics":[{"not_picked":["Astrolabe","Runic Dome"],"picked":"Cursed Key"},{"not_picked":["Tiny House","Runic Pyramid"],"picked":"Empty Cage"}],"items_purged_floors":[3,13,28,46],"is_endless":false,"potions_floor_spawned":[1,2,25,30,33,36,44],"ascension_level":10}