{"gold_per_floor":[17,92,38,52,6,32,32,48,48,48,66,82,94,106,106,201,201,215,90,5,15,28,60,60,75,145,145,158,171,205,224,224,328,328,342,442,442,442,149,182,202,202,271,271,50,67,18,32,32,32],"floor_reached":51,"playtime":3807,"items_purged":["Strike_B","Defend_B","Defend_B"],"score":830,"play_id":"f6787508-4b4c-4470-a8f1-b284d7881604","local_time":"20181017203554","is_ascension_mode":true,"campfire_choices":[{"floor":7.0,"key":"REST"},{"data":"Zap","floor":10.0,"key":"SMITH"},{"floor":15.0,"key":"REST"},{"data":"Dualcast","floor":24,"key":"SMITH"},{"data":"Scrape","floor":27,"key":"SMITH"},{"floor":32,"key":"REST"},{"floor":44,"key":"REST"},{"floor":49,"key":"REST"}],"neow_cost":"NO_GOLD","seed_source_timestamp":0,"circlet_count":0,"master_deck":["Strike_B","Strike_B","Defend_B","Defend_B","Zap+1","Dualcast+1","All For One","Glacier","Gash","Auto Shields","Steam","Compile Driver","Beam Cell","Scrape+1","FTL","Beam Cell","Redo+1","Electrodynamics","Gash","Go for the Eyes","Beam Cell","Redo+1","Self Repair","Multi-Cast+1","Compile Driver","White Noise+1","Conserve Battery+1","Go for the Eyes+1","Beam Cell+1","Streamline","Apotheosis+1","Fission+1","Panacea+1"],"special_seed":0,"relics":["Cracked Core","Toxic Egg 2","Shuriken","Nuclear Battery","Art of War","Mercury Hourglass","Pear","Regal Pillow","Orrery","Blue Candle","Cables"],"potions_floor_usage":[25,29,30,33,40,46,48,48],"damage_taken":[{"damage":5.0,"enemies":"Small Slimes","floor":1.0,"turns":2.0},{"damage":2.0,"enemies":"Jaw Worm","floor":4.0,"turns":4.0},{"damage":31.0,"enemies":"Gremlin Nob","floor":6.0,"turns":5.0},{"damage":0.0,"enemies":"Cultist","floor":8.0,"turns":2.0},{"damage":12.0,"enemies":"3 Louse","floor":11.0,"turns":4.0},{"damage":9.0,"enemies":"Red Slaver","floor":12.0,"turns":2.0},{"damage":0.0,"enemies":"Lots of Slimes","floor":13.0,"turns":2.0},{"damage":0.0,"enemies":"Blue Slaver","floor":14.0,"turns":3.0},{"damage":26.0,"enemies":"Slime Boss","floor":16.0,"turns":8.0},{"damage":0,"enemies":"Shell Parasite","floor":18,"turns":3},{"damage":12,"enemies":"2 Thieves","floor":21,"turns":3},{"damage":1,"enemies":"Cultist and Chosen","floor":22,"turns":4},{"damage":10,"enemies":"Gremlin Leader","floor":23,"turns":4},{"damage":8,"enemies":"Centurion and Healer","floor":25,"turns":2},{"damage":26,"enemies":"Snake Plant","floor":28,"turns":4},{"damage":5,"enemies":"Snecko","floor":29,"turns":4},{"damage":14,"enemies":"Book of Stabbing","floor":30,"turns":3},{"damage":3,"enemies":"Chosen and Byrds","floor":31,"turns":3},{"damage":39,"enemies":"Automaton","floor":33,"turns":7},{"damage":27,"enemies":"3 Shapes","floor":35,"turns":3},{"damage":34,"enemies":"Giant Head","floor":40,"turns":7},{"damage":16,"enemies":"3 Darklings","floor":41,"turns":4},{"damage":11,"enemies":"Spire Growth","floor":46,"turns":3},{"damage":0,"enemies":"Transient","floor":48,"turns":5},{"damage":80,"enemies":"Awakened One","floor":50,"turns":9}],"seed_played":"-4828966829303723513","potions_obtained":[{"floor":1.0,"key":"Block Potion"},{"floor":12.0,"key":"Energy Potion"},{"floor":13.0,"key":"Poison Potion"},{"floor":23,"key":"PowerPotion"},{"floor":28,"key":"FearPotion"},{"floor":29,"key":"Fire Potion"},{"floor":30,"key":"Dexterity Potion"},{"floor":35,"key":"SteroidPotion"},{"floor":41,"key":"EssenceOfSteel"}],"is_trial":false,"path_per_floor":["M","?","$","M","$","E","R","M","T","R","M","M","M","M","R","B",null,"M","$","?","M","M","E","R","M","T","R","M","M","E","M","R","B",null,"M","?","?","?","$","E","M","?","T","R","$","M","$","M","R","B"],"character_chosen":"DEFECT","items_purchased":["Gash","Steam","Gash","Apotheosis+1","Panacea+1","AttackPotion"],"campfire_rested":5,"item_purchase_floors":[3,5,19,39,45,47],"current_hp_per_floor":[70,59,59,57,57,26,48,48,48,48,36,27,27,27,49,23,75,75,75,75,63,62,52,52,44,54,54,28,23,9,6,46,14,85,58,58,58,58,58,34,18,18,18,58,58,47,47,57,85,15],"gold":32,"neow_bonus":"THREE_RARE_CARDS","is_prod":false,"is_daily":false,"chose_seed":false,"campfire_upgraded":3,"win_rate":0,"timestamp":1539822954,"path_taken":["M","?","$","M","$","E","R","M","T","R","M","M","?","M","R","BOSS","M","$","?","?","M","E","R","M","T","R","M","M","E","M","R","BOSS","M","?","?","?","$","E","?","?","T","R","?","M","$","?","R","BOSS"],"build_version":"2018-10-11","purchased_purges":3,"victory":true,"max_hp_per_floor":[75,75,75,75,75,75,75,75,75,75,75,75,75,75,75,75,75,75,75,75,75,75,75,75,75,85,85,85,85,85,85,85,85,85,85,85,85,85,85,85,85,85,85,85,85,85,85,85,85,85],"card_choices":[{"not_picked":["Meteor Strike","Machine Learning"],"picked":"All For One","floor":0.0},{"not_picked":["Compile Driver","Stack"],"picked":"Glacier","floor":1.0},{"not_picked":["Chaos","Barrage"],"picked":"Auto Shields","floor":4.0},{"not_picked":["Storm","Hello World"],"picked":"Compile Driver","floor":6.0},{"not_picked":["Reinforced Body+1","Cold Snap"],"picked":"Beam Cell","floor":8.0},{"not_picked":["Ball Lightning","Streamline"],"picked":"Scrape","floor":11.0},{"not_picked":["Melter","Compile Driver"],"picked":"FTL","floor":12.0},{"not_picked":["Streamline","Coolheaded+1"],"picked":"Beam Cell","floor":13.0},{"not_picked":["Lockon","Barrage"],"picked":"Redo+1","floor":14.0},{"not_picked":["Machine Learning","Multi-Cast+1"],"picked":"Electrodynamics","floor":16.0},{"not_picked":["Leap+1","Conserve Battery+1","Darkness+1"],"picked":"SKIP","floor":18},{"not_picked":["Stack+1","Leap+1","Compile Driver"],"picked":"SKIP","floor":21},{"not_picked":["Steam Power+1","Leap+1"],"picked":"Go for the Eyes","floor":22},{"not_picked":["Rebound","Self Repair","Recycle+1"],"picked":"SKIP","floor":23},{"not_picked":["Barrage","Streamline"],"picked":"Beam Cell","floor":25},{"not_picked":["Steam+1","Streamline"],"picked":"Redo+1","floor":28},{"not_picked":["Cold Snap+1","Beam Cell+1","Electrodynamics"],"picked":"SKIP","floor":29},{"not_picked":["Hello World","Undo+1","Rebound"],"picked":"SKIP","floor":30},{"not_picked":["Gash","Defragment"],"picked":"Self Repair","floor":31},{"not_picked":["Biased Cognition","Rainbow+1"],"picked":"Multi-Cast+1","floor":33},{"not_picked":["Blizzard","Ball Lightning+1"],"picked":"Compile Driver","floor":34},{"not_picked":["Hello World","Recycle+1"],"picked":"White Noise+1","floor":34},{"not_picked":["Self Repair","Coolheaded+1"],"picked":"Conserve Battery+1","floor":34},{"not_picked":["Recycle+1","Glacier+1"],"picked":"Go for the Eyes+1","floor":34},{"not_picked":["Cold Snap","Coolheaded+1"],"picked":"Beam Cell+1","floor":34},{"not_picked":["Coolheaded+1","Barrage+1","Loop+1"],"picked":"SKIP","floor":35},{"not_picked":["Capacitor+1","Rip and Tear+1","Fusion+1"],"picked":"SKIP","floor":40},{"not_picked":["Genetic Algorithm+1","Compile Driver"],"picked":"Fission+1","floor":41},{"not_picked":["Coolheaded+1","Steam+1","Beam Cell"],"picked":"SKIP","floor":46},{"not_picked":["Coolheaded+1","Stack+1","Melter"],"picked":"SKIP","floor":48}],"player_experience":308857,"relics_obtained":[{"floor":6.0,"key":"Toxic Egg 2"},{"floor":9.0,"key":"Shuriken"},{"floor":23,"key":"Mercury Hourglass"},{"floor":26,"key":"Pear"},{"floor":30,"key":"Regal Pillow"},{"floor":40,"key":"Blue Candle"},{"floor":43,"key":"Cables"}],"event_choices":[{"event_name":"World of Goop","player_choice":"Gather Gold","floor":2.0,"damage_taken":0.0},{"event_name":"Addict","player_choice":"Obtained Relic","floor":20,"damage_taken":0},{"event_name":"Golden Shrine","player_choice":"Pray","floor":36,"damage_taken":0},{"event_name":"Tomb of Lord Red Mask","player_choice":"Ignored","floor":37,"damage_taken":0},{"event_name":"Transmorgrifier","player_choice":"Transform","floor":38,"damage_taken":0},{"event_name":"SecretPortal","player_choice":"Rejected Portal.","floor":42,"damage_taken":0}],"is_beta":false,"boss_relics":[{"not_picked":["Fusion Hammer","FrozenCore"],"picked":"Nuclear Battery"},{"not_picked":["Coffee Dripper","White Beast Statue"],"picked":"Orrery"}],"items_purged_floors":[19,39,45],"is_endless":false,"potions_floor_spawned":[1,12,13,23,28,29,30,35,41],"ascension_level":4}