{"gold_per_floor":[119,1,15,33,52,86,102,102,102,127,52,63,63],"floor_reached":13,"playtime":759,"items_purged":["Strike_G"],"score":126,"play_id":"d3148dd9-1655-4e9f-a7bb-87adbcd7adaa","local_time":"20190205221835","is_ascension_mode":true,"campfire_choices":[{"floor":8,"key":"REST"}],"neow_cost":"CURSE","seed_source_timestamp":2423677535984104,"circlet_count":0,"master_deck":["Defend_G","Defend_G","Defend_G","Defend_G","Defend_G","Strike_G","Strike_G","Strike_G","Strike_G","Survivor","Neutralize","Clumsy","Die Die Die","PiercingWail","Bouncing Flask","Dagger Spray","PiercingWail","Burst","Backflip","Noxious Fumes"],"special_seed":0,"relics":["Ring of the Snake","Tingsha","Gremlin Horn","Matryoshka"],"potions_floor_usage":[5,6,10],"damage_taken":[{"damage":0.0,"enemies":"Cultist","floor":1.0,"turns":5.0},{"damage":9,"enemies":"Jaw Worm","floor":3,"turns":2},{"damage":0,"enemies":"2 Louse","floor":4,"turns":1},{"damage":10,"enemies":"Lots of Slimes","floor":5,"turns":3},{"damage":26,"enemies":"Gremlin Nob","floor":6,"turns":5},{"damage":0,"enemies":"3 Louse","floor":7,"turns":2},{"damage":13,"enemies":"3 Sentries","floor":10,"turns":6},{"damage":0,"enemies":"Looter","floor":12,"turns":5},{"damage":27,"enemies":"Gremlin Nob","floor":13,"turns":3}],"seed_played":"-846730548035725824","potions_obtained":[{"floor":3,"key":"Block Potion"},{"floor":4,"key":"Poison Potion"},{"floor":6,"key":"Explosive Potion"},{"floor":7,"key":"LiquidBronze"}],"is_trial":false,"path_per_floor":["M","$","M","M","M","E","M","R","T","E","$","M","E"],"character_chosen":"THE_SILENT","items_purchased":["Bouncing Flask","Dagger Spray"],"campfire_rested":1,"item_purchase_floors":[2,2],"current_hp_per_floor":[63,63,54,54,44,18,18,39,39,26,26,26,0],"gold":63,"neow_bonus":"THREE_RARE_CARDS","is_prod":false,"is_daily":false,"chose_seed":false,"campfire_upgraded":0,"win_rate":0,"timestamp":1549423115,"path_taken":["M","$","?","M","M","E","M","R","T","E","?","M","E"],"build_version":"2019-01-23","purchased_purges":1,"victory":false,"max_hp_per_floor":[70,70,70,70,70,70,70,70,70,70,70,70,70],"card_choices":[{"not_picked":["Phantasmal Killer","Storm of Steel"],"picked":"Die Die Die","floor":0.0},{"not_picked":["Sucker Punch","Acrobatics"],"picked":"PiercingWail","floor":1.0},{"not_picked":["Riddle With Holes","Outmaneuver","Eviscerate"],"picked":"SKIP","floor":3},{"not_picked":["Acrobatics","Sucker Punch","Flechettes"],"picked":"SKIP","floor":4},{"not_picked":["Slice","Deflect"],"picked":"PiercingWail","floor":5},{"not_picked":["Accuracy","Underhanded Strike"],"picked":"Burst","floor":6},{"not_picked":["PiercingWail","Cloak And Dagger"],"picked":"Backflip","floor":7},{"not_picked":["Bane","Setup"],"picked":"Noxious Fumes","floor":10},{"not_picked":["Flying Knee","Outmaneuver","Dagger Spray"],"picked":"SKIP","floor":12}],"player_experience":301877,"relics_obtained":[{"floor":6,"key":"Tingsha"},{"floor":9,"key":"Gremlin Horn"},{"floor":10,"key":"Matryoshka"}],"event_choices":[],"is_beta":false,"boss_relics":[],"items_purged_floors":[11],"is_endless":false,"potions_floor_spawned":[3,4,6,7],"killed_by":"Gremlin Nob","ascension_level":6}