{"gold_per_floor":[363,43,56,56,56,70,70,88,88,88,108,108,152,175,175,301,301,326,344,358,19,34,34,47,47,47,80,103,123,144,157,157,157],"floor_reached":33,"playtime":2449,"items_purged":["Strike_B"],"score":488,"play_id":"ea619f96-aa80-4cd0-97ca-5aad28f660fe","local_time":"20181120091922","is_ascension_mode":true,"campfire_choices":[{"floor":10,"key":"REST"},{"floor":12,"key":"REST"},{"floor":15,"key":"REST"},{"data":"FTL","floor":23,"key":"SMITH"},{"data":"Capacitor","floor":25,"key":"SMITH"},{"data":"Chill","floor":32,"key":"SMITH"}],"neow_cost":"PERCENT_DAMAGE","seed_source_timestamp":209549846233679,"circlet_count":0,"master_deck":["AscendersBane","Strike_B+1","Strike_B+1","Defend_B","Defend_B","Defend_B","Defend_B","Zap+1","Dualcast+1","Ball Lightning","Reboot","Cold Snap","Glacier","Electrodynamics","Conserve Battery","Core Surge","BootSequence","Conserve Battery","Self Repair","FTL+1","Capacitor+1","Chill+1","Biased Cognition"],"relics":["Cracked Core","Mummified Hand","Golden Idol","Centennial Puzzle","Ornamental Fan","Coffee Dripper","Whetstone","Question Card","Singing Bowl"],"potions_floor_usage":[8,13,16,27,27,29,33],"damage_taken":[{"damage":1,"enemies":"Cultist","floor":1,"turns":3},{"damage":0,"enemies":"2 Louse","floor":3,"turns":2},{"damage":2,"enemies":"Small Slimes","floor":6,"turns":3},{"damage":0,"enemies":"Exordium Thugs","floor":8,"turns":3},{"damage":11,"enemies":"Gremlin Gang","floor":11,"turns":4},{"damage":16,"enemies":"Gremlin Nob","floor":13,"turns":4},{"damage":0,"enemies":"2 Fungi Beasts","floor":14,"turns":1},{"damage":0,"enemies":"Slime Boss","floor":16,"turns":7},{"damage":0,"enemies":"Spheric Guardian","floor":18,"turns":2},{"damage":2,"enemies":"Shell Parasite","floor":19,"turns":6},{"damage":13,"enemies":"Centurion and Healer","floor":20,"turns":6},{"damage":5,"enemies":"3 Cultists","floor":22,"turns":4},{"damage":10,"enemies":"Snake Plant","floor":24,"turns":5},{"damage":10,"enemies":"Gremlin Leader","floor":27,"turns":6},{"damage":0,"enemies":"Centurion and Healer","floor":28,"turns":5},{"damage":1,"enemies":"Sentry and Sphere","floor":29,"turns":4},{"damage":4,"enemies":"3 Cultists","floor":30,"turns":5},{"damage":0,"enemies":"Centurion and Healer","floor":31,"turns":7},{"damage":83,"enemies":"Champ","floor":33,"turns":17}],"seed_played":"1460649826644191359","potions_obtained":[{"floor":3,"key":"FocusPotion"},{"floor":6,"key":"Fire Potion"},{"floor":11,"key":"SteroidPotion"},{"floor":14,"key":"FocusPotion"},{"floor":24,"key":"SkillPotion"},{"floor":27,"key":"Block Potion"},{"floor":28,"key":"AttackPotion"},{"floor":30,"key":"Explosive Potion"}],"is_trial":false,"path_per_floor":["M","$","M","?","?","M","?","M","T","R","M","R","E","M","R","B",null,"M","M","M","$","M","R","M","R","T","E","M","M","M","M","R","B"],"character_chosen":"DEFECT","items_purchased":["Mummified Hand","Self Repair","Whetstone","FTL","PowerPotion"],"campfire_rested":3,"item_purchase_floors":[2,21,21,21,21],"current_hp_per_floor":[49,49,49,49,34,32,32,32,32,52,41,61,45,45,65,65,68,68,66,53,53,55,55,52,52,52,49,58,64,69,75,75,0],"gold":157,"neow_bonus":"TWO_FIFTY_GOLD","is_prod":false,"is_daily":false,"chose_seed":false,"campfire_upgraded":3,"win_rate":0,"timestamp":1542723562,"path_taken":["M","$","?","?","?","M","?","?","T","R","M","R","E","M","R","BOSS","M","M","M","$","M","R","?","R","T","E","M","M","M","M","R","BOSS"],"build_version":"2018-11-15","purchased_purges":1,"victory":false,"max_hp_per_floor":[75,75,75,75,75,75,69,69,69,69,69,69,69,69,69,69,69,69,69,69,69,69,69,69,69,69,69,71,71,73,75,75,75],"card_choices":[{"not_picked":["Leap","Recycle"],"picked":"Ball Lightning","floor":1},{"not_picked":["Stack","Beam Cell","Fusion"],"picked":"SKIP","floor":3},{"not_picked":["Stack","Sweeping Beam","Steam"],"picked":"SKIP","floor":6},{"not_picked":["Hologram","Auto Shields"],"picked":"Cold Snap","floor":8},{"not_picked":["Doom and Gloom","Sunder"],"picked":"Glacier","floor":11},{"not_picked":["Hologram","Rip and Tear"],"picked":"Electrodynamics","floor":13},{"not_picked":["Cold Snap","Turbo"],"picked":"Conserve Battery","floor":14},{"not_picked":["Hyperbeam","Creative AI"],"picked":"Core Surge","floor":16},{"not_picked":["Hologram","Barrage"],"picked":"BootSequence","floor":18},{"not_picked":["Darkness","Beam Cell","Compile Driver"],"picked":"SKIP","floor":19},{"not_picked":["Stack","Leap+1"],"picked":"Conserve Battery","floor":20},{"not_picked":["Stack","Aggregate+1","Melter"],"picked":"SKIP","floor":22},{"not_picked":["Chaos","Barrage"],"picked":"Capacitor","floor":24},{"not_picked":["Ball Lightning","Buffer","Beam Cell"],"picked":"Chill","floor":27},{"not_picked":["Beam Cell","Coolheaded+1","Force Field","Capacitor"],"picked":"Singing Bowl","floor":28},{"not_picked":["Chill","Capacitor","Stack"],"picked":"Biased Cognition","floor":29},{"not_picked":["Turbo","Conserve Battery","Rebound","Hologram+1"],"picked":"Singing Bowl","floor":30},{"not_picked":["Ball Lightning","Barrage+1","Doom and Gloom+1","FTL"],"picked":"Singing Bowl","floor":31}],"player_experience":561998,"relics_obtained":[{"floor":9,"key":"Centennial Puzzle"},{"floor":13,"key":"Ornamental Fan"},{"floor":26,"key":"Question Card"},{"floor":27,"key":"Singing Bowl"}],"event_choices":[{"damage_healed":0,"gold_gain":0,"cards_transformed":["Strike_B"],"player_choice":"Change","damage_taken":0,"max_hp_gain":0,"max_hp_loss":0,"event_name":"Living Wall","floor":4,"gold_loss":0,"cards_obtained":["Reboot"]},{"damage_healed":0,"gold_gain":0,"player_choice":"Entered Light","damage_taken":15,"max_hp_gain":0,"max_hp_loss":0,"event_name":"Shining Light","floor":5,"gold_loss":0,"cards_upgraded":["Dualcast","Zap"]},{"damage_healed":0,"gold_gain":0,"player_choice":"Lose Max HP","damage_taken":0,"relics_obtained":["Golden Idol"],"max_hp_gain":0,"max_hp_loss":6,"event_name":"Golden Idol","floor":7,"gold_loss":0}],"is_beta":false,"boss_relics":[{"not_picked":["Lizard Tail","Philosopher\u0027s Stone"],"picked":"Coffee Dripper"}],"items_purged_floors":[2],"is_endless":false,"potions_floor_spawned":[3,6,11,14,24,27,28,30],"killed_by":"Champ","ascension_level":10}