{"gold_per_floor":[110,110,125,125,75,110,110,86,86,109,109],"floor_reached":11,"playtime":257,"items_purged":[],"score":99,"play_id":"6b1f1d2b-5c95-465d-840d-cc08f8ca2533","local_time":"20180926190604","is_ascension_mode":true,"campfire_choices":[{"floor":7,"key":"REST"}],"neow_cost":"TEN_PERCENT_HP_LOSS","seed_source_timestamp":78844895349683,"circlet_count":0,"master_deck":["Strike_B","Strike_B","Defend_B","Defend_B","Zap","Dualcast","Hello World","Genetic Algorithm","Go for the Eyes","Stack","Electrodynamics","Self Repair"],"relics":["Cracked Core","Golden Idol","Unceasing Top","Symbiotic Virus"],"potions_floor_usage":[],"damage_taken":[{"damage":3,"enemies":"Jaw Worm","floor":1,"turns":4},{"damage":5,"enemies":"Cultist","floor":3,"turns":4},{"damage":35,"enemies":"Gremlin Nob","floor":6,"turns":5},{"damage":0,"enemies":"2 Louse","floor":10,"turns":1},{"damage":21,"enemies":"3 Sentries","floor":11,"turns":3}],"seed_played":"3356569544731017936","potions_obtained":[{"floor":3,"key":"EssenceOfSteel"},{"floor":10,"key":"PowerPotion"}],"is_trial":false,"path_per_floor":["M","?","M","?","?","E","R","?","T","M"],"character_chosen":"DEFECT","items_purchased":[],"campfire_rested":1,"item_purchase_floors":[],"current_hp_per_floor":[65,48,43,36,36,1,21,21,21,21,0],"gold":109,"neow_bonus":"TRANSFORM_TWO_CARDS","is_prod":false,"is_daily":false,"chose_seed":false,"campfire_upgraded":0,"win_rate":0,"timestamp":1537956364,"path_taken":["M","?","?","?","?","E","R","?","T","?","E"],"build_version":"2018-09-25","purchased_purges":0,"victory":false,"max_hp_per_floor":[68,68,68,68,68,68,68,68,68,68,68],"card_choices":[{"not_picked":["Sweeping Beam","Turbo"],"picked":"Go for the Eyes","floor":1},{"not_picked":["Compile Driver","Darkness"],"picked":"Stack","floor":3},{"not_picked":["Compile Driver","Rebound"],"picked":"Electrodynamics","floor":6},{"not_picked":["Static Discharge","Streamline"],"picked":"Self Repair","floor":10}],"player_experience":448741,"relics_obtained":[{"floor":6,"key":"Unceasing Top"},{"floor":9,"key":"Symbiotic Virus"}],"event_choices":[{"event_name":"Golden Idol","player_choice":"Take Damage","floor":2,"damage_taken":0},{"event_name":"Golden Wing","player_choice":"Card Removal","floor":4,"damage_taken":0},{"event_name":"The Cleric","player_choice":"Card Removal","floor":5,"damage_taken":0},{"event_name":"World of Goop","player_choice":"Left","floor":8,"damage_taken":0}],"is_beta":true,"boss_relics":[],"items_purged_floors":[],"is_endless":false,"potions_floor_spawned":[3,10],"killed_by":"3 Sentries","ascension_level":8}