{"gold_per_floor":[116,116,129,142,161,186,186,186,268,268,40,70,90,105,105,203,203,214,214,229,59,59,59,89,89,89,66,83,83,110,128,128,231,231,241,142,142,160,260,4,4,4,27,27,0,35,53,70,70,70],"floor_reached":50,"playtime":4855,"items_purged":["Strike_B","Strike_B"],"score":787,"play_id":"92ade366-6e8d-4691-b8fc-b0ea18e9dfcc","local_time":"20190205212242","is_ascension_mode":true,"campfire_choices":[{"data":"Sunder","floor":8,"key":"SMITH"},{"data":"Zap","floor":10,"key":"SMITH"},{"data":"Defragment","floor":15,"key":"SMITH"},{"data":"Creative AI","floor":23,"key":"SMITH"},{"floor":25,"key":"REST"},{"data":"Beam Cell","floor":29,"key":"SMITH"},{"floor":32,"key":"REST"},{"floor":42,"key":"REST"},{"data":"Seek","floor":44,"key":"SMITH"},{"floor":49,"key":"REST"}],"neow_cost":"NONE","seed_source_timestamp":432611427215428,"circlet_count":0,"master_deck":["Strike_B","Defend_B","Defend_B","Defend_B","Defend_B+1","Zap+1","Dualcast","Rip and Tear","Glacier","Melter","Sunder+1","Creative AI+1","Defragment+1","Steam","Tempest+1","Electrodynamics","Leap","RitualDagger","Compile Driver+1","Sweeping Beam","Thunder Strike","Writhe","Beam Cell+1","Hello World+1","Machine Learning","Seek+1","Leap+1","Leap+1","Defragment+1","Pain","Darkness+1"],"relics":["Cracked Core","Gambling Chip","Matryoshka","Happy Flower","Oddly Smooth Stone","Cursed Key","Pen Nib","Art of War","War Paint","Letter Opener","Smiling Mask","Inserter","Unceasing Top","Cables","Omamori","Potion Belt","Red Mask","Strawberry"],"potions_floor_usage":[1,5,5,12,16,20,24,33,35,38,47,48],"damage_taken":[{"damage":1,"enemies":"Cultist","floor":1,"turns":4},{"damage":3,"enemies":"Jaw Worm","floor":3,"turns":4},{"damage":2,"enemies":"Small Slimes","floor":4,"turns":3},{"damage":11,"enemies":"Exordium Thugs","floor":5,"turns":3},{"damage":18,"enemies":"3 Sentries","floor":6,"turns":12},{"damage":4,"enemies":"Gremlin Nob","floor":12,"turns":3},{"damage":1,"enemies":"Blue Slaver","floor":13,"turns":2},{"damage":2,"enemies":"Large Slime","floor":14,"turns":5},{"damage":24,"enemies":"The Guardian","floor":16,"turns":9},{"damage":0,"enemies":"Chosen","floor":18,"turns":4},{"damage":0,"enemies":"3 Byrds","floor":20,"turns":3},{"damage":24,"enemies":"Gremlin Leader","floor":24,"turns":4},{"damage":17,"enemies":"Snake Plant","floor":28,"turns":2},{"damage":29,"enemies":"Book of Stabbing","floor":30,"turns":5},{"damage":0,"enemies":"Snecko","floor":31,"turns":3},{"damage":25,"enemies":"Collector","floor":33,"turns":7},{"damage":36,"enemies":"3 Darklings","floor":35,"turns":5},{"damage":0,"enemies":"3 Shapes","floor":38,"turns":3},{"damage":0,"enemies":"Mind Bloom Boss Battle","floor":39,"turns":6},{"damage":2,"enemies":"Nemesis","floor":46,"turns":9},{"damage":6,"enemies":"Maw","floor":47,"turns":6},{"damage":28,"enemies":"Transient","floor":48,"turns":5},{"damage":104,"enemies":"Donu and Deca","floor":50,"turns":6}],"seed_played":"534346844049245239","potions_obtained":[{"floor":0,"key":"FairyPotion"},{"floor":0,"key":"LiquidBronze"},{"floor":0,"key":"Fruit Juice"},{"floor":3,"key":"EssenceOfSteel"},{"floor":5,"key":"EssenceOfSteel"},{"floor":6,"key":"Fire Potion"},{"floor":14,"key":"Strength Potion"},{"floor":18,"key":"SteroidPotion"},{"floor":24,"key":"Explosive Potion"},{"floor":33,"key":"Regen Potion"},{"floor":39,"key":"SkillPotion"},{"floor":47,"key":"Weak Potion"}],"is_trial":false,"path_per_floor":["M","?","M","M","M","E","?","R","T","R","$","E","M","M","R","B",null,"M","?","M","$","?","R","E","R","T","$","M","R","E","M","R","B",null,"M","$","?","M","?","$","$","R","T","R","?","E","M","M","R","B"],"character_chosen":"DEFECT","items_purchased":["Happy Flower","Sweeping Beam","Pen Nib","Beam Cell","Block Potion","Cables"],"campfire_rested":4,"item_purchase_floors":[11,21,21,27,36,40],"current_hp_per_floor":[72,72,69,67,56,38,64,64,64,64,64,60,59,57,57,33,68,68,62,62,62,62,62,38,62,62,62,45,45,16,16,40,15,64,42,42,42,42,42,42,42,66,66,66,66,71,65,37,63,0],"gold":70,"neow_bonus":"THREE_SMALL_POTIONS","is_prod":false,"is_daily":false,"chose_seed":false,"campfire_upgraded":6,"win_rate":0,"timestamp":1549430562,"path_taken":["M","?","M","M","?","E","?","R","T","R","?","E","?","M","R","BOSS","M","?","M","?","?","R","E","R","T","$","?","R","E","M","R","BOSS","M","$","?","M","?","?","$","R","T","R","?","E","M","M","R","BOSS"],"build_version":"2019-01-23","purchased_purges":2,"victory":false,"max_hp_per_floor":[80,80,80,80,80,80,80,80,80,80,80,80,80,80,80,80,80,80,80,80,80,80,80,80,80,80,80,80,80,80,80,80,80,80,80,80,80,80,80,80,80,80,80,80,80,87,87,87,87,87],"card_choices":[{"not_picked":["Darkness","Beam Cell"],"picked":"Rip and Tear","floor":1},{"not_picked":["Melter","Skim"],"picked":"Glacier","floor":3},{"not_picked":["Hologram","Rebound"],"picked":"Melter","floor":4},{"not_picked":["Tempest","BootSequence"],"picked":"Sunder","floor":5},{"not_picked":["Leap","Ball Lightning"],"picked":"Creative AI","floor":6},{"not_picked":["Redo","Turbo"],"picked":"Defragment","floor":12},{"not_picked":["Cold Snap","Hologram"],"picked":"Steam","floor":13},{"not_picked":["Steam Power","Scrape"],"picked":"Tempest","floor":14},{"not_picked":["Rainbow","Core Surge"],"picked":"Electrodynamics","floor":16},{"not_picked":["Compile Driver","Barrage"],"picked":"Leap","floor":18},{"not_picked":["Stack","FTL"],"picked":"Compile Driver+1","floor":20},{"not_picked":["Heatsinks","Reprogram","Tempest"],"picked":"SKIP","floor":24},{"not_picked":["Beam Cell","Redo"],"picked":"Hello World+1","floor":28},{"not_picked":["Auto Shields","Stack+1"],"picked":"Machine Learning","floor":30},{"not_picked":["Beam Cell","Rebound","Cold Snap"],"picked":"SKIP","floor":31},{"not_picked":["Creative AI","Amplify"],"picked":"Seek","floor":33},{"not_picked":["Redo+1","Capacitor+1"],"picked":"Leap+1","floor":35},{"not_picked":["Sweeping Beam+1","Compile Driver+1"],"picked":"Leap+1","floor":38},{"not_picked":["Sweeping Beam","FTL"],"picked":"Defragment+1","floor":39},{"not_picked":["Tempest+1","Steam Power"],"picked":"Darkness+1","floor":46},{"not_picked":["Gash+1","Cold Snap+1","Sunder+1"],"picked":"SKIP","floor":47},{"not_picked":["Glacier","Sweeping Beam","Hello World+1"],"picked":"SKIP","floor":48}],"player_experience":477073,"relics_obtained":[{"floor":6,"key":"Gambling Chip"},{"floor":9,"key":"Matryoshka"},{"floor":12,"key":"Oddly Smooth Stone"},{"floor":24,"key":"Art of War"},{"floor":26,"key":"War Paint"},{"floor":26,"key":"Letter Opener"},{"floor":30,"key":"Smiling Mask"},{"floor":39,"key":"Unceasing Top"},{"floor":43,"key":"Omamori"},{"floor":43,"key":"Potion Belt"},{"floor":46,"key":"Strawberry"}],"event_choices":[{"cards_removed":["Strike_B"],"damage_healed":0,"gold_gain":0,"player_choice":"Purged","damage_taken":0,"max_hp_gain":0,"max_hp_loss":0,"event_name":"Purifier","floor":2,"gold_loss":0},{"damage_healed":26,"gold_gain":0,"player_choice":"Banana","damage_taken":0,"max_hp_gain":0,"max_hp_loss":0,"event_name":"Big Fish","floor":7,"gold_loss":0},{"damage_healed":0,"gold_gain":0,"player_choice":"Joined the Cult","damage_taken":6,"max_hp_gain":0,"max_hp_loss":0,"event_name":"Nest","floor":19,"gold_loss":0,"cards_obtained":["RitualDagger"]},{"damage_healed":0,"gold_gain":0,"player_choice":"Read","damage_taken":0,"max_hp_gain":0,"max_hp_loss":0,"event_name":"The Library","floor":22,"gold_loss":0,"cards_obtained":["Thunder Strike"]},{"damage_healed":0,"gold_gain":0,"player_choice":"Ignored","damage_taken":0,"max_hp_gain":0,"max_hp_loss":0,"event_name":"Mysterious Sphere","floor":37,"gold_loss":0},{"damage_healed":0,"gold_gain":0,"player_choice":"Fight","damage_taken":0,"max_hp_gain":0,"max_hp_loss":0,"event_name":"MindBloom","floor":39,"gold_loss":0},{"damage_healed":0,"gold_gain":0,"player_choice":"Paid","damage_taken":0,"relics_obtained":["Red Mask"],"max_hp_gain":0,"max_hp_loss":0,"event_name":"Tomb of Lord Red Mask","floor":45,"gold_loss":27}],"is_beta":false,"boss_relics":[{"not_picked":["Philosopher\u0027s Stone","Coffee Dripper"],"picked":"Cursed Key"},{"not_picked":["Eternal Feather","Orrery"],"picked":"Inserter"}],"items_purged_floors":[11,36],"is_endless":false,"potions_floor_spawned":[3,5,6,14,18,24,33,39,47],"killed_by":"Donu and Deca","ascension_level":9}