{"gold_per_floor":[17,32,32,51,51,51,61,61,61,75,75,75,75,89,89,89],"floor_reached":16,"playtime":680,"items_purged":[],"score":92,"play_id":"c41960f3-d9a7-40ee-a37b-ca8fd5313de8","local_time":"20190104131333","is_ascension_mode":false,"campfire_choices":[{"data":"Bash","floor":6,"key":"SMITH"},{"data":"Rampage","floor":13,"key":"SMITH"},{"data":"Flex","floor":15,"key":"SMITH"}],"neow_cost":"NO_GOLD","seed_source_timestamp":294665919840344,"circlet_count":0,"master_deck":["Strike_R","Strike_R","Strike_R","Defend_R","Defend_R","Defend_R","Defend_R","Bash+1","Shrug It Off","True Grit","Flex+1","Metallicize","Shockwave","Rampage+1"],"relics":["Burning Blood","NlothsMask","Golden Idol","Molten Egg 2"],"potions_floor_usage":[],"damage_taken":[{"damage":7,"enemies":"Jaw Worm","floor":1,"turns":5},{"damage":0,"enemies":"2 Louse","floor":2,"turns":4},{"damage":7,"enemies":"Cultist","floor":4,"turns":4},{"damage":7,"enemies":"Exordium Thugs","floor":7,"turns":6},{"damage":8,"enemies":"Looter","floor":10,"turns":4},{"damage":4,"enemies":"Blue Slaver","floor":14,"turns":5},{"damage":58,"enemies":"The Guardian","floor":16,"turns":10}],"seed_played":"-194290153091754058","potions_obtained":[{"floor":1,"key":"Energy Potion"},{"floor":10,"key":"Ancient Potion"}],"is_trial":false,"path_per_floor":["M","M","?","M","?","R","M","$","T","M","?","T","R","M","R","B"],"character_chosen":"IRONCLAD","items_purchased":[],"campfire_rested":0,"item_purchase_floors":[],"current_hp_per_floor":[79,80,80,79,79,79,78,78,78,76,56,56,56,58,58,0],"gold":89,"neow_bonus":"TRANSFORM_TWO_CARDS","is_prod":false,"is_daily":false,"chose_seed":false,"campfire_upgraded":3,"win_rate":0.0,"timestamp":1546604013,"path_taken":["M","M","?","M","?","R","?","?","T","M","?","?","R","?","R","BOSS"],"build_version":"2019-01-03v3","purchased_purges":0,"victory":false,"max_hp_per_floor":[80,80,80,80,80,80,80,80,80,80,80,80,80,80,80,80],"card_choices":[{"not_picked":["Warcry","Clash"],"picked":"Flex","floor":1},{"not_picked":["Sword Boomerang","Reckless Charge","Iron Wave"],"picked":"SKIP","floor":2},{"not_picked":["Anger","Pommel Strike"],"picked":"Metallicize","floor":4},{"not_picked":["Twin Strike","Burning Pact"],"picked":"Shockwave","floor":7},{"not_picked":["Clothesline","True Grit"],"picked":"Rampage","floor":10},{"not_picked":["Wild Strike+1","True Grit","Clothesline+1"],"picked":"SKIP","floor":14}],"player_experience":89597,"relics_obtained":[{"floor":12,"key":"Molten Egg 2"}],"event_choices":[{"damage_healed":0,"gold_gain":0,"player_choice":"Leave","damage_taken":0,"max_hp_gain":0,"max_hp_loss":0,"event_name":"The Cleric","floor":3,"gold_loss":0},{"damage_healed":0,"gold_gain":0,"player_choice":"Trade","damage_taken":0,"relics_obtained":["NlothsMask"],"max_hp_gain":0,"max_hp_loss":0,"event_name":"FaceTrader","floor":5,"gold_loss":0},{"damage_healed":0,"gold_gain":0,"player_choice":"Take Damage","damage_taken":20,"relics_obtained":["Golden Idol"],"max_hp_gain":0,"max_hp_loss":0,"event_name":"Golden Idol","floor":11,"gold_loss":0}],"is_beta":false,"boss_relics":[],"items_purged_floors":[],"is_endless":false,"potions_floor_spawned":[1,10],"killed_by":"The Guardian","ascension_level":0}