{"gold_per_floor":[113,113,9,23,97,130,155,169,169,169,169],"floor_reached":11,"playtime":435,"items_purged":[],"score":85,"play_id":"dd3860ac-0886-47e0-ba5b-42d4f5d5cdea","local_time":"20181202181020","is_ascension_mode":true,"campfire_choices":[],"neow_cost":"TEN_PERCENT_HP_LOSS","seed_source_timestamp":162727273779885,"circlet_count":0,"master_deck":["Strike_B","Strike_B","Strike_B","Strike_B","Defend_B","Defend_B","Defend_B","Defend_B","Zap","Dualcast","Jack Of All Trades","Panacea","Static Discharge+1","Gash","Beam Cell","Streamline","FTL","Go for the Eyes"],"relics":["Cracked Core","Shuriken","Odd Mushroom","Bottled Lightning"],"potions_floor_usage":[11,11,11],"damage_taken":[{"damage":2,"enemies":"Small Slimes","floor":1,"turns":3},{"damage":5,"enemies":"2 Louse","floor":4,"turns":3},{"damage":30,"enemies":"3 Sentries","floor":6,"turns":4},{"damage":26,"enemies":"The Mushroom Lair","floor":7,"turns":3},{"damage":2,"enemies":"Jaw Worm","floor":8,"turns":3},{"damage":0,"enemies":"Lagavulin","floor":11,"turns":2}],"seed_played":"8506151356200409566","potions_obtained":[{"floor":4,"key":"Dexterity Potion"},{"floor":7,"key":"EntropicBrew"}],"is_trial":false,"path_per_floor":["M","?","$","M","?","E","?","M","T","?","E"],"character_chosen":"DEFECT","items_purchased":["Gash","Beam Cell"],"campfire_rested":0,"item_purchase_floors":[3,3],"current_hp_per_floor":[66,66,66,61,61,31,5,3,3,3,3],"gold":169,"neow_bonus":"RANDOM_COLORLESS_2","is_prod":false,"is_daily":false,"chose_seed":false,"campfire_upgraded":0,"win_rate":0,"timestamp":1543792220,"path_taken":["M","?","$","M","?","E","?","M","T","?","E"],"build_version":"2018-11-15","purchased_purges":0,"victory":false,"max_hp_per_floor":[68,68,68,68,68,68,68,68,68,68,68],"card_choices":[{"not_picked":["Leap","Streamline"],"picked":"Static Discharge","floor":1},{"not_picked":["Redo","Skim"],"picked":"Streamline","floor":4},{"not_picked":["Ball Lightning","Double Energy"],"picked":"FTL","floor":6},{"not_picked":["Ball Lightning","Genetic Algorithm"],"picked":"Go for the Eyes","floor":7},{"not_picked":["Heatsinks","Barrage","Redo"],"picked":"SKIP","floor":8}],"player_experience":236854,"relics_obtained":[{"floor":6,"key":"Shuriken"},{"floor":7,"key":"Odd Mushroom"},{"floor":9,"key":"Bottled Lightning"}],"event_choices":[{"damage_healed":0,"gold_gain":0,"player_choice":"Grow","damage_taken":0,"max_hp_gain":0,"max_hp_loss":0,"event_name":"Living Wall","floor":2,"gold_loss":0,"cards_upgraded":["Static Discharge"]},{"damage_healed":0,"gold_gain":74,"player_choice":"Gained Gold","damage_taken":0,"max_hp_gain":0,"max_hp_loss":0,"event_name":"Golden Wing","floor":5,"gold_loss":0},{"damage_healed":0,"gold_gain":0,"player_choice":"Fought Mushrooms","damage_taken":0,"max_hp_gain":0,"max_hp_loss":0,"event_name":"Mushrooms","floor":7,"gold_loss":0},{"damage_healed":0,"gold_gain":0,"player_choice":"Ignored","damage_taken":0,"max_hp_gain":0,"max_hp_loss":0,"event_name":"Shining Light","floor":10,"gold_loss":0}],"is_beta":false,"boss_relics":[],"items_purged_floors":[],"is_endless":false,"potions_floor_spawned":[4,7],"killed_by":"Lagavulin","ascension_level":4}