{"gold_per_floor":[118,134,145,157,176,176,209,209,209,209,239,256,282,296,296,399,399,417,434,524,298,312,344,356,384,396,0,28,28,28,41,41,145,145,158,171,219,219,230,258,258,258,258,258,287,306,321,339,339,339],"floor_reached":50,"playtime":2881,"items_purged":["Blade Dance+1","Strike_G"],"score":673,"play_id":"40ee222b-3329-40aa-8dac-6647fbbcce4d","local_time":"20190205211742","is_ascension_mode":true,"campfire_choices":[{"data":"Masterful Stab","floor":6.0,"key":"SMITH"},{"data":"Skewer","floor":8.0,"key":"SMITH"},{"data":"Bane","floor":15.0,"key":"SMITH"},{"data":"Envenom","floor":24.0,"key":"SMITH"},{"floor":30.0,"key":"REST"},{"floor":32.0,"key":"REST"},{"floor":41,"key":"REST"},{"floor":49,"key":"REST"}],"neow_cost":"NONE","seed_source_timestamp":2405442957736417,"circlet_count":0,"master_deck":["Defend_G","Defend_G","Defend_G","Defend_G+1","Defend_G+1","Survivor","Neutralize","Masterful Stab+1","Noxious Fumes","Backstab","Terror","Skewer+1","Bane+1","Bane","Deadly Poison","Die Die Die","Doppelganger+1","Backflip+1","Slice+1","Envenom+1","Crippling Poison","Poisoned Stab","Catalyst","Deflect+1","Caltrops+1","Catalyst","Adrenaline","Catalyst","Outmaneuver+1","Slice+1"],"special_seed":0,"relics":["Ring of the Snake","Anchor","Orichalcum","Bag of Marbles","War Paint","Dodecahedron","Astrolabe","Omamori","MawBank","Bronze Scales","Membership Card","Ornamental Fan","Bag of Preparation","Busted Crown","Nunchaku","Boot","Strawberry","Bottled Tornado"],"potions_floor_usage":[33,45,45,50],"damage_taken":[{"damage":0.0,"enemies":"Cultist","floor":1.0,"turns":5.0},{"damage":0.0,"enemies":"Small Slimes","floor":2.0,"turns":3.0},{"damage":0.0,"enemies":"2 Louse","floor":3.0,"turns":2.0},{"damage":0.0,"enemies":"Lots of Slimes","floor":4.0,"turns":1.0},{"damage":0.0,"enemies":"Large Slime","floor":5.0,"turns":4.0},{"damage":13.0,"enemies":"3 Sentries","floor":7.0,"turns":7.0},{"damage":4.0,"enemies":"Lagavulin","floor":11.0,"turns":4.0},{"damage":0.0,"enemies":"Gremlin Gang","floor":12.0,"turns":3.0},{"damage":0.0,"enemies":"Gremlin Nob","floor":13.0,"turns":1.0},{"damage":0.0,"enemies":"3 Louse","floor":14.0,"turns":2.0},{"damage":3.0,"enemies":"Hexaghost","floor":16.0,"turns":8.0},{"damage":0.0,"enemies":"Spheric Guardian","floor":18.0,"turns":3.0},{"damage":0.0,"enemies":"2 Thieves","floor":19.0,"turns":2.0},{"damage":1.0,"enemies":"3 Cultists","floor":22.0,"turns":4.0},{"damage":0.0,"enemies":"Gremlin Leader","floor":23.0,"turns":3.0},{"damage":4.0,"enemies":"Cultist and Chosen","floor":25.0,"turns":6.0},{"damage":17.0,"enemies":"Book of Stabbing","floor":28.0,"turns":5.0},{"damage":8.0,"enemies":"Sentry and Sphere","floor":31.0,"turns":4.0},{"damage":48,"enemies":"Champ","floor":33,"turns":11},{"damage":0,"enemies":"Orb Walker","floor":35,"turns":2},{"damage":0,"enemies":"3 Darklings","floor":36,"turns":3},{"damage":11,"enemies":"2 Orb Walkers","floor":37,"turns":4},{"damage":0,"enemies":"4 Shapes","floor":39,"turns":5},{"damage":25,"enemies":"Giant Head","floor":40,"turns":6},{"damage":7,"enemies":"Reptomancer","floor":45,"turns":4},{"damage":0,"enemies":"Maw","floor":46,"turns":4},{"damage":6,"enemies":"Writhing Mass","floor":47,"turns":5},{"damage":10,"enemies":"Spire Growth","floor":48,"turns":3},{"damage":62,"enemies":"Awakened One","floor":50,"turns":9}],"seed_played":"6602313810980062446","potions_obtained":[{"floor":1.0,"key":"SteroidPotion"},{"floor":3.0,"key":"Explosive Potion"},{"floor":4.0,"key":"Dexterity Potion"},{"floor":11.0,"key":"SteroidPotion"},{"floor":12.0,"key":"Block Potion"},{"floor":13.0,"key":"Swift Potion"},{"floor":18.0,"key":"Energy Potion"},{"floor":19.0,"key":"Fire Potion"},{"floor":22.0,"key":"Strength Potion"},{"floor":31.0,"key":"PowerPotion"},{"floor":35,"key":"GhostInAJar"},{"floor":37,"key":"SpeedPotion"},{"floor":40,"key":"SteroidPotion"}],"is_trial":false,"path_per_floor":["M","M","M","M","M","R","E","R","T","?","E","M","E","M","R","B",null,"M","M","?","$","M","E","R","M","T","$","E","?","R","M","R","B",null,"M","M","?","?","M","E","R","?","T","?","E","M","M","M","R","B"],"character_chosen":"THE_SILENT","items_purchased":["Omamori","Membership Card","Poisoned Stab","Ornamental Fan"],"campfire_rested":4,"item_purchase_floors":[21,27,27,27],"current_hp_per_floor":[70,70,70,70,70,70,57,57,57,57,53,53,53,53,53,50,70,70,70,56,56,55,55,55,51,51,51,34,34,55,47,68,20,70,70,70,59,59,59,34,55,55,62,62,55,55,49,39,62,0],"gold":339,"neow_bonus":"RANDOM_COMMON_RELIC","is_prod":false,"is_daily":false,"chose_seed":false,"campfire_upgraded":4,"win_rate":0,"timestamp":1549437462,"path_taken":["M","M","M","?","M","R","E","R","T","?","E","M","E","?","R","BOSS","M","M","?","$","M","E","R","?","T","$","E","?","R","?","R","BOSS","M","M","?","?","?","E","R","?","T","?","E","M","?","M","R","BOSS"],"build_version":"2019-01-23","purchased_purges":2,"victory":false,"max_hp_per_floor":[70,70,70,70,70,70,70,70,70,70,70,70,70,70,70,70,70,70,70,70,70,70,70,70,70,70,70,70,70,70,70,70,70,70,70,70,70,70,70,70,70,70,77,77,77,77,77,77,77,77],"card_choices":[{"not_picked":["Well Laid Plans","Deflect"],"picked":"Masterful Stab","floor":1.0},{"not_picked":["Quick Slash","PiercingWail"],"picked":"Noxious Fumes","floor":2.0},{"not_picked":["Backflip","Dodge and Roll"],"picked":"Backstab","floor":3.0},{"not_picked":["Die Die Die","Infinite Blades"],"picked":"Terror","floor":4.0},{"not_picked":["Dodge and Roll","Endless Agony","All Out Attack"],"picked":"SKIP","floor":5.0},{"not_picked":["Sucker Punch","Burst"],"picked":"Skewer","floor":7.0},{"not_picked":["Finisher","Infinite Blades"],"picked":"Bane","floor":11.0},{"not_picked":["Acrobatics","Deflect"],"picked":"Deadly Poison","floor":12.0},{"not_picked":["Quick Slash","Slice"],"picked":"Leg Sweep","floor":13.0},{"not_picked":["Acrobatics","PiercingWail"],"picked":"Backflip","floor":14.0},{"not_picked":["Burst","Storm of Steel"],"picked":"Die Die Die","floor":16.0},{"not_picked":["Dodge and Roll","Heel Hook+1","Prepared"],"picked":"SKIP","floor":18.0},{"not_picked":["Quick Slash+1","Sucker Punch","Underhanded Strike"],"picked":"SKIP","floor":19.0},{"not_picked":["Deflect","Infinite Blades+1"],"picked":"Slice+1","floor":22.0},{"not_picked":["Tactician","Acrobatics"],"picked":"Envenom","floor":23.0},{"not_picked":["Accuracy","Deadly Poison+1"],"picked":"Crippling Poison","floor":25.0},{"not_picked":["Dagger Throw","All Out Attack"],"picked":"Catalyst","floor":28.0},{"not_picked":["Dash","Underhanded Strike"],"picked":"Deflect+1","floor":31.0},{"not_picked":["Deadly Poison"],"picked":"SKIP","floor":35},{"not_picked":["Prepared"],"picked":"SKIP","floor":36},{"not_picked":[],"picked":"Caltrops+1","floor":37},{"not_picked":[],"picked":"Catalyst","floor":39},{"not_picked":[],"picked":"Adrenaline","floor":40},{"not_picked":[],"picked":"Outmaneuver+1","floor":45},{"not_picked":[],"picked":"Slice+1","floor":46},{"not_picked":["Dagger Throw"],"picked":"SKIP","floor":47},{"not_picked":["Deflect"],"picked":"SKIP","floor":48}],"player_experience":107085,"relics_obtained":[{"floor":7.0,"key":"Orichalcum"},{"floor":9.0,"key":"Bag of Marbles"},{"floor":11.0,"key":"War Paint"},{"floor":13.0,"key":"Dodecahedron"},{"floor":23.0,"key":"MawBank"},{"floor":26.0,"key":"Bronze Scales"},{"floor":28.0,"key":"Bag of Preparation"},{"floor":37,"key":"Nunchaku"},{"floor":40,"key":"Boot"},{"floor":43,"key":"Strawberry"},{"floor":45,"key":"Bottled Tornado"}],"event_choices":[{"damage_healed":0.0,"max_hp_gain":0.0,"max_hp_loss":0.0,"gold_gain":0.0,"cards_transformed":["Strike_G"],"event_name":"Transmorgrifier","player_choice":"Transformed","floor":10.0,"gold_loss":0.0,"damage_taken":0.0,"cards_obtained":["Bane"]},{"damage_healed":0.0,"max_hp_gain":0.0,"max_hp_loss":0.0,"gold_gain":90.0,"event_name":"Knowing Skull","player_choice":"GOLD ","floor":20.0,"potions_obtained":[],"gold_loss":0.0,"damage_taken":14.0,"cards_obtained":[]},{"cards_removed":["Backflip"],"damage_healed":0.0,"max_hp_gain":0.0,"max_hp_loss":0.0,"gold_gain":0.0,"event_name":"Purifier","player_choice":"Purged","floor":29.0,"gold_loss":0.0,"damage_taken":0.0},{"damage_healed":0,"gold_gain":0,"player_choice":"Fight","damage_taken":0,"max_hp_gain":0,"max_hp_loss":0,"event_name":"Mysterious Sphere","floor":37,"gold_loss":0},{"cards_removed":["Leg Sweep"],"damage_healed":0,"gold_gain":0,"player_choice":"Purged","damage_taken":0,"max_hp_gain":0,"max_hp_loss":0,"event_name":"Purifier","floor":38,"gold_loss":0},{"damage_healed":0,"gold_gain":0,"player_choice":"Ignored","damage_taken":0,"max_hp_gain":0,"max_hp_loss":0,"event_name":"Tomb of Lord Red Mask","floor":42,"gold_loss":0},{"damage_healed":0,"gold_gain":0,"player_choice":"Copied","damage_taken":0,"max_hp_gain":0,"max_hp_loss":0,"event_name":"Duplicator","floor":44,"gold_loss":0,"cards_obtained":["Catalyst"]}],"is_beta":false,"boss_relics":[{"not_picked":["Runic Pyramid","Velvet Choker"],"picked":"Astrolabe"},{"not_picked":["WristBlade","Empty Cage"],"picked":"Busted Crown"}],"items_purged_floors":[21,27],"is_endless":false,"potions_floor_spawned":[1,3,4,11,12,13,18,19,22,31,35,37,40],"killed_by":"Awakened One","ascension_level":1}