{"gold_per_floor":[110,35,35,35,50,50,66,66,92,92,104,204,204,219,219,323,323,343,343],"floor_reached":19,"playtime":830,"items_purged":["Strike_B"],"score":220,"play_id":"40b39bb9-d5f4-4bf3-ba80-44c7f56d6125","local_time":"20180926184226","is_ascension_mode":true,"campfire_choices":[{"data":"Dualcast","floor":6,"key":"SMITH"},{"data":"Zap","floor":8,"key":"SMITH"},{"data":"Glacier","floor":10,"key":"SMITH"},{"data":"Coolheaded","floor":13,"key":"SMITH"},{"data":"Double Energy","floor":15,"key":"SMITH"}],"neow_cost":"NONE","seed_source_timestamp":76853783917031,"circlet_count":0,"master_deck":["Strike_B","Strike_B","Strike_B","Defend_B","Defend_B","Defend_B","Defend_B","Zap+1","Dualcast+1","Glacier+1","Regret","Gash","Self Repair","Coolheaded+1","Double Energy+1","Rainbow"],"relics":["Cracked Core","Boot","Bag of Marbles","Strawberry","Eternal Feather"],"potions_floor_usage":[16,16,19],"damage_taken":[{"damage":4,"enemies":"Jaw Worm","floor":1,"turns":4},{"damage":3,"enemies":"2 Louse","floor":5,"turns":3},{"damage":2,"enemies":"Small Slimes","floor":7,"turns":4},{"damage":22,"enemies":"Exordium Thugs","floor":11,"turns":6},{"damage":20,"enemies":"Large Slime","floor":14,"turns":7},{"damage":60,"enemies":"The Guardian","floor":16,"turns":20},{"damage":15,"enemies":"Spheric Guardian","floor":18,"turns":9},{"damage":24,"enemies":"Colosseum Slavers","floor":19,"turns":8},{"damage":63,"enemies":"Colosseum Nobs","floor":19,"turns":3}],"seed_played":"-5510864536807165917","potions_obtained":[{"floor":1,"key":"Block Potion"},{"floor":4,"key":"Regen Potion"},{"floor":4,"key":"FairyPotion"},{"floor":11,"key":"Regen Potion"},{"floor":16,"key":"Fire Potion"}],"is_trial":false,"path_per_floor":["M","$","?","?","M","R","M","R","T","R","M","?","R","M","R","B",null,"M"],"character_chosen":"DEFECT","items_purchased":[],"campfire_rested":0,"item_purchase_floors":[],"current_hp_per_floor":[64,64,64,64,61,61,59,59,66,66,51,51,51,38,38,30,69,61,0],"gold":343,"neow_bonus":"RANDOM_COMMON_RELIC","is_prod":false,"is_daily":false,"chose_seed":false,"campfire_upgraded":5,"win_rate":0,"timestamp":1537954946,"path_taken":["M","$","?","?","M","R","M","R","T","R","?","?","R","M","R","BOSS","M","?"],"build_version":"2018-09-25","purchased_purges":1,"victory":false,"max_hp_per_floor":[75,75,75,75,75,75,75,75,82,82,82,82,82,82,82,82,82,82,82],"card_choices":[{"not_picked":["Heatsinks","Chaos"],"picked":"Glacier","floor":1},{"not_picked":["Reinforced Body","Sweeping Beam"],"picked":"Gash","floor":5},{"not_picked":["Beam Cell","Conserve Battery"],"picked":"Self Repair","floor":7},{"not_picked":["Chaos","Cold Snap"],"picked":"Coolheaded","floor":11},{"not_picked":["Hologram","Steam"],"picked":"Double Energy","floor":14},{"not_picked":["Reboot","Meteor Strike"],"picked":"Rainbow","floor":16},{"not_picked":["Sweeping Beam","Compile Driver","Fusion"],"picked":"SKIP","floor":18}],"player_experience":446778,"relics_obtained":[{"floor":9,"key":"Strawberry"}],"event_choices":[{"event_name":"Big Fish","player_choice":"Box","floor":3,"damage_taken":0},{"event_name":"The Lab","player_choice":"Got Potions","floor":4,"damage_taken":0},{"event_name":"Golden Shrine","player_choice":"Pray","floor":12,"damage_taken":0},{"event_name":"Colosseum","player_choice":"Fight","floor":19,"damage_taken":0},{"event_name":"Colosseum","player_choice":"Fought Nobs","floor":19,"damage_taken":0}],"is_beta":true,"boss_relics":[{"not_picked":["Fusion Hammer","Snecko Eye"],"picked":"Eternal Feather"}],"items_purged_floors":[2],"is_endless":false,"potions_floor_spawned":[1,11,16],"killed_by":"Colosseum Nobs","ascension_level":8}