{"gold_per_floor":[114,124,6,26,39,39,39,39,87,158,158,199,214,237,237,237],"floor_reached":16,"playtime":745,"items_purged":[],"score":204,"play_id":"189cff75-2547-45b1-a11c-12919cc294a3","local_time":"20190202000222","is_ascension_mode":true,"campfire_choices":[{"data":"Neutralize","floor":6,"key":"SMITH"},{"data":"Eviscerate","floor":8,"key":"SMITH"},{"floor":11,"key":"REST"},{"floor":15,"key":"REST"}],"neow_cost":"NONE","seed_source_timestamp":27093133567100,"circlet_count":0,"master_deck":["AscendersBane","Defend_G","Defend_G","Defend_G","Defend_G","Defend_G","Strike_G","Strike_G","Strike_G","Strike_G","Strike_G","Survivor","Neutralize+1","Backflip","Quick Slash","Expertise","Eviscerate+1","Sucker Punch","Envenom","Backflip","Leg Sweep","Burst"],"relics":["HoveringKite","Golden Idol","Happy Flower","Oddly Smooth Stone","Bottled Tornado"],"potions_floor_usage":[5,12,16],"damage_taken":[{"damage":15,"enemies":"Cultist","floor":1,"turns":6},{"damage":6,"enemies":"Jaw Worm","floor":2,"turns":7},{"damage":0,"enemies":"2 Louse","floor":4,"turns":2},{"damage":4,"enemies":"Blue Slaver","floor":5,"turns":5},{"damage":29,"enemies":"Gremlin Nob","floor":10,"turns":4},{"damage":30,"enemies":"Gremlin Nob","floor":12,"turns":5},{"damage":0,"enemies":"Exordium Wildlife","floor":13,"turns":5},{"damage":2,"enemies":"Red Slaver","floor":14,"turns":3},{"damage":25,"enemies":"Slime Boss","floor":16,"turns":9}],"seed_played":"6177377565842648468","potions_obtained":[{"floor":1,"key":"LiquidBronze"},{"floor":2,"key":"Regen Potion"},{"floor":10,"key":"Ancient Potion"}],"is_trial":false,"path_per_floor":["M","M","$","M","M","R","?","R","T","?","R","E","M","M","R","B"],"character_chosen":"THE_SILENT","items_purchased":["Expertise","Eviscerate"],"campfire_rested":2,"item_purchase_floors":[3,3],"current_hp_per_floor":[44,38,38,38,48,48,48,48,48,19,37,7,7,5,23,0],"gold":237,"neow_bonus":"BOSS_RELIC","is_prod":false,"is_daily":false,"chose_seed":false,"campfire_upgraded":2,"win_rate":0,"timestamp":1549083742,"path_taken":["M","?","$","M","M","R","?","R","T","?","R","E","M","M","R","BOSS"],"build_version":"2019-01-23","purchased_purges":0,"victory":false,"max_hp_per_floor":[66,66,66,66,66,66,60,60,60,60,60,60,60,60,60,60],"card_choices":[{"not_picked":["Cloak And Dagger","Concentrate"],"picked":"Backflip","floor":1},{"not_picked":["Bane","Sucker Punch"],"picked":"Quick Slash","floor":2},{"not_picked":["Slice","Calculated Gamble"],"picked":"Sucker Punch","floor":4},{"not_picked":["Dagger Throw","Masterful Stab"],"picked":"Envenom","floor":5},{"not_picked":["Dodge and Roll","Acrobatics"],"picked":"Backflip","floor":12},{"not_picked":["Escape Plan","Tactician"],"picked":"Leg Sweep","floor":13},{"not_picked":["Blade Dance","Calculated Gamble"],"picked":"Burst","floor":14}],"player_experience":1991082,"relics_obtained":[{"floor":9,"key":"Happy Flower"},{"floor":12,"key":"Bottled Tornado"}],"event_choices":[{"damage_healed":0,"gold_gain":0,"player_choice":"Lose Max HP","damage_taken":0,"relics_obtained":["Golden Idol"],"max_hp_gain":0,"max_hp_loss":6,"event_name":"Golden Idol","floor":7,"gold_loss":0},{"damage_healed":0,"gold_gain":0,"player_choice":"Searched \u00272\u0027 times","damage_taken":0,"relics_obtained":["Oddly Smooth Stone"],"max_hp_gain":0,"max_hp_loss":0,"event_name":"Dead Adventurer","floor":10,"gold_loss":0}],"is_beta":true,"boss_relics":[],"items_purged_floors":[],"is_endless":false,"potions_floor_spawned":[1,2,4,10],"killed_by":"Slime Boss","ascension_level":20}