{"gold_per_floor":[209,159,9,9,25,60,70,85,85,105,118,118],"floor_reached":12,"playtime":412,"items_purged":["Defend_B"],"score":111,"play_id":"67e0901c-23ec-49bc-b85a-e76f91b3be9d","local_time":"20181212170556","is_ascension_mode":true,"campfire_choices":[],"neow_cost":"NONE","seed_source_timestamp":343440340454693,"circlet_count":0,"master_deck":["Strike_B","Strike_B","Strike_B","Defend_B","Defend_B","Defend_B","Zap","Dualcast","Go for the Eyes","Blizzard","Barrage","Seek","Undo","Sweeping Beam","Compile Driver","Electrodynamics","Chaos"],"relics":["Cracked Core","The Courier","Pear"],"potions_floor_usage":[11,11],"damage_taken":[{"damage":0,"enemies":"2 Louse","floor":1,"turns":1},{"damage":0,"enemies":"Cultist","floor":5,"turns":3},{"damage":50,"enemies":"3 Sentries","floor":6,"turns":9},{"damage":7,"enemies":"Jaw Worm","floor":7,"turns":3},{"damage":8,"enemies":"Looter","floor":8,"turns":2},{"damage":6,"enemies":"Exordium Wildlife","floor":10,"turns":3},{"damage":8,"enemies":"Exordium Thugs","floor":11,"turns":2},{"damage":0,"enemies":"Large Slime","floor":12,"turns":3}],"seed_played":"8716463212888873933","potions_obtained":[{"floor":5,"key":"FocusPotion"},{"floor":6,"key":"SteroidPotion"},{"floor":7,"key":"Weak Potion"},{"floor":10,"key":"Regen Potion"}],"is_trial":false,"path_per_floor":["M","?","$","?","M","E","M","M","T","M","M","M"],"character_chosen":"DEFECT","items_purchased":["Blizzard"],"campfire_rested":0,"item_purchase_floors":[3],"current_hp_per_floor":[68,68,68,68,68,18,11,3,13,7,4,4],"gold":118,"neow_bonus":"HUNDRED_GOLD","is_prod":false,"is_daily":false,"chose_seed":false,"campfire_upgraded":0,"win_rate":0,"timestamp":1544652356,"path_taken":["M","?","$","?","?","E","M","M","T","M","M","M"],"build_version":"2018-12-06","purchased_purges":1,"victory":false,"max_hp_per_floor":[75,75,75,75,75,75,75,75,85,85,85,85],"card_choices":[{"not_picked":["Rebound","Skim"],"picked":"Go for the Eyes","floor":1},{"not_picked":["Sweeping Beam","Consume"],"picked":"Undo","floor":5},{"not_picked":["Sunder","Steam"],"picked":"Sweeping Beam","floor":6},{"not_picked":["Redo","Barrage"],"picked":"Compile Driver","floor":7},{"not_picked":["Reinforced Body","Sweeping Beam"],"picked":"Electrodynamics","floor":8},{"not_picked":["Compile Driver","Beam Cell"],"picked":"Chaos","floor":10},{"not_picked":["Aggregate","Undo","Beam Cell"],"picked":"SKIP","floor":11}],"player_experience":328111,"relics_obtained":[{"floor":6,"key":"The Courier"},{"floor":9,"key":"Pear"}],"event_choices":[{"cards_removed":["Strike_B"],"damage_healed":0,"gold_gain":0,"player_choice":"Card Removal","damage_taken":0,"max_hp_gain":0,"max_hp_loss":0,"event_name":"The Cleric","floor":2,"gold_loss":50},{"damage_healed":0,"gold_gain":0,"player_choice":"2 cards matched","damage_taken":0,"max_hp_gain":0,"max_hp_loss":0,"event_name":"Match and Keep!","floor":4,"gold_loss":0,"cards_obtained":["Barrage","Seek"]}],"is_beta":false,"boss_relics":[],"items_purged_floors":[3],"is_endless":false,"potions_floor_spawned":[5,6,7,10],"killed_by":"Large Slime","ascension_level":7}