{"gold_per_floor":[110,35,110,110,10,10,28,28,100,125,125,156,156,176,176,281,281,297,30,42,62,62],"floor_reached":22,"playtime":750,"items_purged":["Pain","Regret","Regret"],"score":255,"play_id":"cd16aaa4-9afb-4768-87e5-f01d13904554","local_time":"20181010154235","is_ascension_mode":true,"campfire_choices":[{"data":"Defragment","floor":6,"key":"SMITH"},{"data":"Doom and Gloom","floor":8,"key":"SMITH"},{"data":"Stack","floor":11,"key":"SMITH"},{"floor":15,"key":"REST"}],"neow_cost":"CURSE","seed_source_timestamp":51711083294123,"circlet_count":0,"master_deck":["Strike_B","Strike_B","Strike_B","Defend_B","Defend_B","Defend_B","Defend_B","Zap","Dualcast","Defragment+1","Doom and Gloom+1","Stack+1","Electrodynamics","Capacitor","Ball Lightning","Thunder Strike","Doubt","Shame","Ball Lightning","Gash+1"],"relics":["Cracked Core","Pen Nib","The Courier","Bronze Scales","Singing Bowl","Calling Bell","Art of War","Symbiotic Virus","Thread and Needle","MealTicket"],"potions_floor_usage":[10,18,20,22],"damage_taken":[{"damage":3,"enemies":"Small Slimes","floor":1,"turns":3},{"damage":1,"enemies":"2 Louse","floor":7,"turns":3},{"damage":15,"enemies":"Lagavulin","floor":10,"turns":5},{"damage":32,"enemies":"Gremlin Nob","floor":12,"turns":4},{"damage":2,"enemies":"Jaw Worm","floor":14,"turns":3},{"damage":38,"enemies":"Slime Boss","floor":16,"turns":5},{"damage":20,"enemies":"Shell Parasite","floor":18,"turns":5},{"damage":27,"enemies":"2 Thieves","floor":20,"turns":3},{"damage":31,"enemies":"Centurion and Healer","floor":21,"turns":5},{"damage":21,"enemies":"Snecko","floor":22,"turns":3}],"seed_played":"-4270716591021393646","potions_obtained":[{"floor":1,"key":"AttackPotion"},{"floor":12,"key":"SteroidPotion"},{"floor":16,"key":"Block Potion"},{"floor":18,"key":"Poison Potion"}],"is_trial":false,"path_per_floor":["M","$","?","?","$","R","M","R","T","E","R","E","?","M","R","B",null,"M","$","M","M"],"character_chosen":"DEFECT","items_purchased":["MealTicket"],"campfire_rested":1,"item_purchase_floors":[19],"current_hp_per_floor":[86,86,75,75,75,75,74,74,74,59,59,27,27,25,51,13,89,69,69,42,13,0],"gold":62,"neow_bonus":"TWENTY_PERCENT_HP_BONUS","is_prod":false,"is_daily":false,"chose_seed":false,"campfire_upgraded":3,"win_rate":0,"timestamp":1539200555,"path_taken":["M","$","?","?","$","R","M","R","T","E","R","E","?","?","R","BOSS","M","$","M","M","M"],"build_version":"2018-10-04v2","purchased_purges":3,"victory":false,"max_hp_per_floor":[89,89,89,89,89,89,89,89,89,89,89,89,89,89,89,89,89,89,89,89,91,91],"card_choices":[{"not_picked":["Turbo","Gash"],"picked":"Defragment","floor":1},{"not_picked":["Cold Snap","Undo"],"picked":"Doom and Gloom","floor":7},{"not_picked":["Doom and Gloom","Darkness"],"picked":"Stack","floor":10},{"not_picked":["Leap","Rebound"],"picked":"Electrodynamics","floor":12},{"not_picked":["Rebound","Chaos"],"picked":"Ball Lightning","floor":14},{"not_picked":["Multi-Cast","Biased Cognition"],"picked":"Thunder Strike","floor":16},{"not_picked":["Barrage","Blizzard"],"picked":"Ball Lightning","floor":18},{"not_picked":["Redo","Steam"],"picked":"Gash+1","floor":20},{"not_picked":["Fusion","Gash","Capacitor"],"picked":"Singing Bowl","floor":21}],"player_experience":231237,"relics_obtained":[{"floor":9,"key":"The Courier"},{"floor":10,"key":"Bronze Scales"},{"floor":12,"key":"Singing Bowl"},{"floor":17,"key":"Art of War"},{"floor":17,"key":"Symbiotic Virus"},{"floor":17,"key":"Thread and Needle"}],"event_choices":[{"event_name":"World of Goop","player_choice":"Gather Gold","floor":3,"damage_taken":0},{"event_name":"Big Fish","player_choice":"Box","floor":4,"damage_taken":0},{"event_name":"Living Wall","player_choice":"Change","floor":13,"damage_taken":0}],"is_beta":false,"boss_relics":[{"not_picked":["White Beast Statue","Black Star"],"picked":"Calling Bell"}],"items_purged_floors":[2,5,19],"is_endless":false,"potions_floor_spawned":[1,12,16,18],"killed_by":"Snecko","ascension_level":4}