{"gold_per_floor":[115,115,115,190,155,188,188,218,218,238,238,248,248,277,277,377,377,390,402,402,422,442,442,462,462,462,462,473,488,413,413],"floor_reached":31,"playtime":6232,"items_purged":[],"score":270,"play_id":"b052adde-ccac-4151-bb2c-66c4cbc83aa2","local_time":"20190126231836","is_ascension_mode":false,"campfire_choices":[{"floor":7,"key":"REST"},{"floor":11,"key":"REST"},{"floor":13,"key":"REST"},{"floor":15,"key":"REST"},{"floor":23,"key":"REST"},{"floor":25,"key":"REST"},{"floor":27,"key":"REST"}],"neow_cost":"NONE","seed_source_timestamp":19081929938731,"circlet_count":0,"master_deck":["Strike_B","Strike_B+1","Strike_B","Defend_B","Defend_B","Defend_B+1","Defend_B","Zap","Dualcast","Coolheaded","Electrodynamics","Ball Lightning","Auto Shields","Auto Shields"],"relics":["Cracked Core","Vajra","Ancient Tea Set","Singing Bowl","Inserter","Matryoshka"],"potions_floor_usage":[6,21,21,22,28],"damage_taken":[{"damage":1,"enemies":"Jaw Worm","floor":1,"turns":4},{"damage":66,"enemies":"Gremlin Nob","floor":6,"turns":6},{"damage":0,"enemies":"2 Louse","floor":10,"turns":2},{"damage":0,"enemies":"Small Slimes","floor":12,"turns":3},{"damage":24,"enemies":"Lagavulin","floor":14,"turns":4},{"damage":56,"enemies":"Hexaghost","floor":16,"turns":10},{"damage":19,"enemies":"2 Thieves","floor":18,"turns":3},{"damage":12,"enemies":"Spheric Guardian","floor":19,"turns":4},{"damage":18,"enemies":"3 Cultists","floor":21,"turns":4},{"damage":38,"enemies":"Shelled Parasite and Fungi","floor":22,"turns":7},{"damage":17,"enemies":"Snake Plant","floor":24,"turns":4},{"damage":23,"enemies":"Snecko","floor":28,"turns":5},{"damage":11,"enemies":"Cultist and Chosen","floor":29,"turns":6},{"damage":25,"enemies":"Sentry and Sphere","floor":31,"turns":9}],"seed_played":"-8423701709676082772","potions_obtained":[{"floor":0,"key":"Explosive Potion"},{"floor":0,"key":"Ancient Potion"},{"floor":0,"key":"Fruit Juice"},{"floor":10,"key":"Swift Potion"},{"floor":16,"key":"Strength Potion"},{"floor":19,"key":"Regen Potion"},{"floor":21,"key":"Fire Potion"},{"floor":24,"key":"Poison Potion"}],"is_trial":false,"path_per_floor":["M","?","?","?","?","E","R","?","T","M","R","M","R","E","R","B",null,"M","M","?","M","M","R","M","R","T","R","M","M","?","M"],"character_chosen":"DEFECT","items_purchased":[],"campfire_rested":7,"item_purchase_floors":[],"current_hp_per_floor":[74,59,59,48,66,5,29,29,29,29,53,53,77,53,77,23,82,63,53,53,49,13,39,24,51,51,78,57,48,48,23],"gold":413,"neow_bonus":"THREE_SMALL_POTIONS","is_prod":false,"is_daily":false,"chose_seed":false,"campfire_upgraded":0,"win_rate":0.0,"timestamp":1548562716,"path_taken":["M","?","?","?","?","E","R","?","T","M","R","M","R","E","R","BOSS","M","M","?","M","M","R","M","R","T","R","M","M","?","M"],"build_version":"2019-01-23","purchased_purges":0,"victory":false,"max_hp_per_floor":[75,75,75,75,75,80,80,80,80,80,80,80,80,80,80,82,82,82,84,84,86,88,88,90,90,90,90,92,94,94,94],"card_choices":[{"not_picked":["Double Energy","Gash"],"picked":"Coolheaded","floor":1},{"not_picked":["Rebound","Leap"],"picked":"Electrodynamics","floor":6},{"not_picked":["Sweeping Beam","Steam","Loop"],"picked":"SKIP","floor":10},{"not_picked":["Compile Driver","Sweeping Beam"],"picked":"Ball Lightning","floor":12},{"not_picked":["White Noise","Machine Learning"],"picked":"Auto Shields","floor":14},{"not_picked":["Machine Learning","Seek","Fission"],"picked":"Singing Bowl","floor":16},{"not_picked":["Conserve Battery","Doom and Gloom+1"],"picked":"Auto Shields","floor":18},{"not_picked":["Turbo+1","Glacier","Coolheaded"],"picked":"Singing Bowl","floor":19},{"not_picked":["Rebound+1","Hologram","Sweeping Beam"],"picked":"Singing Bowl","floor":21},{"not_picked":["Fusion+1","Streamline","Loop"],"picked":"Singing Bowl","floor":22},{"not_picked":["Cold Snap","Turbo","Rebound"],"picked":"Singing Bowl","floor":24},{"not_picked":["Sweeping Beam","Go for the Eyes","Stack"],"picked":"Singing Bowl","floor":28},{"not_picked":["Cold Snap+1","Hyperbeam","Streamline"],"picked":"Singing Bowl","floor":29}],"player_experience":106496,"relics_obtained":[{"floor":6,"key":"Vajra"},{"floor":9,"key":"Ancient Tea Set"},{"floor":14,"key":"Singing Bowl"},{"floor":26,"key":"Matryoshka"}],"event_choices":[{"damage_healed":0,"gold_gain":0,"player_choice":"Entered Light","damage_taken":15,"max_hp_gain":0,"max_hp_loss":0,"event_name":"Shining Light","floor":2,"gold_loss":0,"cards_upgraded":["Defend_B","Strike_B"]},{"damage_healed":0,"gold_gain":0,"player_choice":"Ignored","damage_taken":0,"max_hp_gain":0,"max_hp_loss":0,"event_name":"Liars Game","floor":3,"gold_loss":0},{"damage_healed":0,"gold_gain":75,"player_choice":"Gather Gold","damage_taken":11,"max_hp_gain":0,"max_hp_loss":0,"event_name":"World of Goop","floor":4,"gold_loss":0},{"damage_healed":18,"gold_gain":0,"player_choice":"Healed","damage_taken":0,"max_hp_gain":0,"max_hp_loss":0,"event_name":"The Cleric","floor":5,"gold_loss":35},{"damage_healed":0,"gold_gain":30,"player_choice":"Searched \u00271\u0027 times","damage_taken":0,"max_hp_gain":0,"max_hp_loss":0,"event_name":"Dead Adventurer","floor":8,"gold_loss":0},{"damage_healed":0,"gold_gain":0,"player_choice":"Ignored","damage_taken":0,"max_hp_gain":0,"max_hp_loss":0,"event_name":"Ghosts","floor":20,"gold_loss":0},{"cards_removed":["Strike_B"],"damage_healed":0,"gold_gain":0,"player_choice":"Gave Gold","damage_taken":0,"max_hp_gain":0,"max_hp_loss":0,"event_name":"Beggar","floor":30,"gold_loss":75}],"is_beta":false,"boss_relics":[{"not_picked":["Runic Pyramid","Velvet Choker"],"picked":"Inserter"}],"items_purged_floors":[],"is_endless":false,"potions_floor_spawned":[10,16,19,21,24],"killed_by":"Sentry and Sphere","ascension_level":0}