{"gold_per_floor":[116,63,75,0,0,31,31,306,306,42,55,71,71,90,90,164,164,175,175,175,189,25,25,25,37,86,102,115,41,41,51,51,127,127,145,156,156,10,27,27,27,39,93,0,10,10,23,41,41,41],"floor_reached":51,"playtime":4366,"items_purged":["Regret","Strike_G","Defend_G"],"score":1239,"play_id":"24d63ebb-8700-48d4-b5df-e4f365f463f8","local_time":"20190209162321","is_ascension_mode":true,"campfire_choices":[{"data":"Bane","floor":7,"key":"SMITH"},{"data":"Bouncing Flask","floor":13,"key":"SMITH"},{"data":"Noxious Fumes","floor":15,"key":"SMITH"},{"floor":23,"key":"REST"},{"floor":30,"key":"REST"},{"floor":32,"key":"REST"},{"floor":40,"key":"REST"},{"floor":46,"key":"REST"},{"floor":49,"key":"REST"}],"neow_cost":"NONE","seed_source_timestamp":2239011847543961,"circlet_count":0,"master_deck":["AscendersBane","Defend_G","Defend_G","Defend_G+1","Survivor+1","Neutralize","Deadly Poison","Bane+1","Skewer","Concentrate","Blur","Deflect","Backflip","Bouncing Flask+1","Noxious Fumes+1","After Image","Backflip+1","Backflip","Backflip+1","Blade Dance+1","Acrobatics","Dodge and Roll","Burst","Blade Dance","Blur+1","Dodge and Roll","Accuracy+1","Cloak And Dagger+1","Deflect"],"relics":["Ring of the Snake","NeowsBlessing","Ninja Scroll","Kunai","Snake Skull","Fusion Hammer","War Paint","Smiling Mask","Empty Cage","CultistMask","Potion Belt","Red Mask"],"potions_floor_usage":[16,27,42,50],"damage_taken":[{"damage":0,"enemies":"2 Louse","floor":1,"turns":1},{"damage":0,"enemies":"Jaw Worm","floor":3,"turns":1},{"damage":0,"enemies":"3 Sentries","floor":6,"turns":1},{"damage":0,"enemies":"Cultist","floor":11,"turns":2},{"damage":0,"enemies":"Exordium Wildlife","floor":12,"turns":6},{"damage":1,"enemies":"3 Louse","floor":14,"turns":4},{"damage":17,"enemies":"Slime Boss","floor":16,"turns":8},{"damage":8,"enemies":"3 Byrds","floor":18,"turns":5},{"damage":0,"enemies":"Shell Parasite","floor":21,"turns":4},{"damage":0,"enemies":"Centurion and Healer","floor":25,"turns":6},{"damage":4,"enemies":"Snake Plant","floor":27,"turns":3},{"damage":0,"enemies":"Shelled Parasite and Fungi","floor":28,"turns":7},{"damage":4,"enemies":"Cultist and Chosen","floor":31,"turns":6},{"damage":6,"enemies":"Champ","floor":33,"turns":13},{"damage":0,"enemies":"3 Darklings","floor":35,"turns":9},{"damage":0,"enemies":"Orb Walker","floor":36,"turns":3},{"damage":0,"enemies":"Sphere and 2 Shapes","floor":39,"turns":6},{"damage":0,"enemies":"Transient","floor":42,"turns":6},{"damage":0,"enemies":"Maw","floor":45,"turns":10},{"damage":21,"enemies":"Jaw Worm Horde","floor":47,"turns":5},{"damage":0,"enemies":"4 Shapes","floor":48,"turns":8},{"damage":22,"enemies":"Donu and Deca","floor":50,"turns":11}],"seed_played":"-5835911450473641970","potions_obtained":[{"floor":3,"key":"LiquidBronze"},{"floor":6,"key":"Weak Potion"},{"floor":14,"key":"SteroidPotion"},{"floor":20,"key":"AttackPotion"},{"floor":31,"key":"GamblersBrew"},{"floor":45,"key":"Regen Potion"}],"is_trial":false,"path_per_floor":["M","$","M","?","?","E","R","?","T","$","M","M","R","M","R","B",null,"M","?","?","M","$","R","?","M","T","M","M","$","R","M","R","B",null,"M","M","?","$","M","R","?","M","T","?","M","R","M","M","R","B",null],"character_chosen":"THE_SILENT","items_purchased":["Bane","Snake Skull","Deflect","War Paint","Acrobatics","Infinite Blades","Dodge and Roll"],"campfire_rested":6,"item_purchase_floors":[2,10,10,22,29,38,38],"current_hp_per_floor":[59,59,59,59,59,59,59,59,59,59,59,59,59,58,58,41,60,52,52,52,52,52,66,66,66,66,62,62,62,66,62,66,60,65,65,65,65,65,65,66,66,66,66,66,66,66,45,45,64,56],"gold":41,"neow_bonus":"THREE_ENEMY_KILL","is_prod":false,"is_daily":false,"chose_seed":false,"campfire_upgraded":3,"win_rate":0,"timestamp":1549747401,"path_taken":["M","$","M","?","?","E","R","?","T","$","M","?","R","M","R","BOSS","M","?","?","?","?","R","?","?","T","M","M","$","R","M","R","BOSS","M","M","?","$","?","R","?","M","T","?","M","R","M","?","R","BOSS"],"build_version":"2019-01-23","purchased_purges":3,"victory":true,"max_hp_per_floor":[66,66,66,66,66,66,66,66,66,66,66,66,66,66,66,66,66,66,66,66,66,66,66,66,66,66,66,66,66,66,66,66,66,66,66,66,66,66,66,66,66,66,66,66,66,66,66,66,66,66],"card_choices":[{"not_picked":["Flying Knee","Outmaneuver"],"picked":"Deadly Poison","floor":1},{"not_picked":["Outmaneuver","Bane"],"picked":"Skewer","floor":3},{"not_picked":["Endless Agony","Sucker Punch"],"picked":"Blur","floor":6},{"not_picked":["Prepared","Deflect"],"picked":"Backflip","floor":11},{"not_picked":["Calculated Gamble","Tactician"],"picked":"Bouncing Flask","floor":12},{"not_picked":["Underhanded Strike","Quick Slash"],"picked":"Noxious Fumes","floor":14},{"not_picked":["Phantasmal Killer","Glass Knife"],"picked":"After Image","floor":16},{"not_picked":["Terror","Sucker Punch"],"picked":"Backflip+1","floor":18},{"not_picked":["Poisoned Stab","Underhanded Strike","Dagger Throw"],"picked":"SKIP","floor":21},{"not_picked":["Underhanded Strike","Grand Finale"],"picked":"Backflip","floor":25},{"not_picked":["Expertise","Underhanded Strike"],"picked":"Backflip+1","floor":27},{"not_picked":["Heel Hook","Acrobatics"],"picked":"Blade Dance+1","floor":28},{"not_picked":["Dagger Spray","Poisoned Stab"],"picked":"Dodge and Roll","floor":31},{"not_picked":["After Image","Grand Finale"],"picked":"Burst","floor":33},{"not_picked":["Tactician","Outmaneuver"],"picked":"Blade Dance","floor":35},{"not_picked":["Crippling Poison","Distraction"],"picked":"Blur+1","floor":36},{"not_picked":["Skewer","Dagger Spray+1","Deflect"],"picked":"SKIP","floor":39},{"not_picked":["Venomology","Deflect","Bouncing Flask"],"picked":"SKIP","floor":42},{"not_picked":["Reflex","Skewer"],"picked":"Accuracy+1","floor":45},{"not_picked":["PiercingWail","Accuracy"],"picked":"Cloak And Dagger+1","floor":47},{"not_picked":["Prepared","Flying Knee"],"picked":"Deflect","floor":48}],"player_experience":3562885,"relics_obtained":[{"floor":6,"key":"Ninja Scroll"},{"floor":9,"key":"Kunai"},{"floor":26,"key":"Smiling Mask"},{"floor":43,"key":"Potion Belt"}],"event_choices":[{"cards_removed":["Strike_G"],"damage_healed":0,"gold_gain":0,"player_choice":"Card Removal","damage_taken":0,"max_hp_gain":0,"max_hp_loss":0,"event_name":"The Cleric","floor":4,"gold_loss":75},{"damage_healed":0,"gold_gain":0,"cards_transformed":["Strike_G"],"player_choice":"Change","damage_taken":0,"max_hp_gain":0,"max_hp_loss":0,"event_name":"Living Wall","floor":5,"gold_loss":0,"cards_obtained":["Concentrate"]},{"damage_healed":0,"gold_gain":275,"player_choice":"Desecrate","damage_taken":0,"max_hp_gain":0,"max_hp_loss":0,"event_name":"Golden Shrine","floor":8,"gold_loss":0,"cards_obtained":["Regret"]},{"damage_healed":0,"gold_gain":0,"player_choice":"Ignored","damage_taken":0,"max_hp_gain":0,"max_hp_loss":0,"event_name":"Ghosts","floor":19,"gold_loss":0},{"damage_healed":0,"gold_gain":0,"player_choice":"Got Potions","damage_taken":0,"max_hp_gain":0,"max_hp_loss":0,"event_name":"Lab","floor":20,"gold_loss":0},{"cards_removed":["Strike_G"],"damage_healed":0,"gold_gain":0,"player_choice":"Purged","damage_taken":0,"max_hp_gain":0,"max_hp_loss":0,"event_name":"Purifier","floor":24,"gold_loss":0},{"damage_healed":0,"gold_gain":0,"player_choice":"Trade","damage_taken":0,"relics_obtained":["CultistMask"],"max_hp_gain":0,"max_hp_loss":0,"event_name":"FaceTrader","floor":37,"gold_loss":0},{"cards_removed":["Infinite Blades"],"damage_healed":0,"gold_gain":0,"player_choice":"Removed Power","damage_taken":0,"max_hp_gain":0,"max_hp_loss":0,"event_name":"Falling","floor":41,"gold_loss":0},{"damage_healed":0,"gold_gain":0,"player_choice":"Paid","damage_taken":0,"relics_obtained":["Red Mask"],"max_hp_gain":0,"max_hp_loss":0,"event_name":"Tomb of Lord Red Mask","floor":44,"gold_loss":93}],"is_beta":false,"boss_relics":[{"not_picked":["Tiny House","WristBlade"],"picked":"Fusion Hammer"},{"not_picked":["Calling Bell","Runic Dome"],"picked":"Empty Cage"}],"items_purged_floors":[10,29,38],"is_endless":false,"potions_floor_spawned":[3,6,14,25,31,39,45],"ascension_level":18}