{"gold_per_floor":[117,21,37,37,212,212,244,263,263,293,263],"floor_reached":11,"playtime":364,"items_purged":[],"score":122,"play_id":"c5236be8-31da-4581-8dfd-8fa988628558","local_time":"20181018194353","is_ascension_mode":true,"campfire_choices":[{"data":"Zap","floor":6,"key":"SMITH"}],"neow_cost":"NONE","seed_source_timestamp":30868664989370,"circlet_count":0,"master_deck":["Strike_B","Strike_B","Strike_B","Defend_B","Defend_B","Defend_B","Defend_B","Zap+1","Dualcast","AscendersBane","Meteor Strike","FTL","Chill","Doubt","Ball Lightning","Beam Cell","Defragment"],"relics":["Cracked Core","Mango","PreservedInsect","Ornamental Fan","Anchor"],"potions_floor_usage":[10],"damage_taken":[{"damage":4,"enemies":"Small Slimes","floor":1,"turns":3},{"damage":0,"enemies":"Cultist","floor":3,"turns":3},{"damage":42,"enemies":"3 Sentries","floor":7,"turns":11},{"damage":5,"enemies":"Jaw Worm","floor":8,"turns":2},{"damage":22,"enemies":"Lagavulin","floor":10,"turns":5},{"damage":2,"enemies":"Looter","floor":11,"turns":2}],"seed_played":"-3424237407100383041","potions_obtained":[{"floor":3,"key":"Fire Potion"},{"floor":7,"key":"LiquidBronze"}],"is_trial":false,"path_per_floor":["M","?","M","?","?","R","E","M","T","E"],"character_chosen":"DEFECT","items_purchased":[],"campfire_rested":0,"item_purchase_floors":[],"current_hp_per_floor":[64,78,78,71,71,71,29,24,24,2,0],"gold":263,"neow_bonus":"ONE_RANDOM_RARE_CARD","is_prod":false,"is_daily":false,"chose_seed":false,"campfire_upgraded":1,"win_rate":0,"timestamp":1539859433,"path_taken":["M","?","M","?","?","R","E","M","T","E","M"],"build_version":"2018-10-17v3","purchased_purges":0,"victory":false,"max_hp_per_floor":[75,89,89,89,89,89,89,89,89,89,89],"card_choices":[{"not_picked":["Ball Lightning","Hello World"],"picked":"FTL","floor":1},{"not_picked":["Steam","Darkness"],"picked":"Chill","floor":3},{"not_picked":["Barrage","Leap"],"picked":"Ball Lightning","floor":7},{"not_picked":["Double Energy","Scrape"],"picked":"Beam Cell","floor":8},{"not_picked":["Compile Driver","Coolheaded"],"picked":"Defragment","floor":10}],"player_experience":518433,"relics_obtained":[{"floor":7,"key":"PreservedInsect"},{"floor":9,"key":"Ornamental Fan"},{"floor":10,"key":"Anchor"}],"event_choices":[{"damage_healed":0,"gold_gain":0,"player_choice":"Paid Gold","damage_taken":0,"relics_obtained":["Mango"],"max_hp_gain":0,"max_hp_loss":0,"event_name":"WeMeetAgain","floor":2,"gold_loss":96},{"cards_removed":["Strike_B"],"damage_healed":0,"gold_gain":0,"player_choice":"Card Removal","damage_taken":7,"max_hp_gain":0,"max_hp_loss":0,"event_name":"Golden Wing","floor":4,"gold_loss":0},{"damage_healed":0,"gold_gain":175,"player_choice":"AGREE","damage_taken":0,"max_hp_gain":0,"max_hp_loss":0,"event_name":"Liars Game","floor":5,"gold_loss":0,"cards_obtained":["Doubt"]}],"is_beta":true,"boss_relics":[],"items_purged_floors":[],"is_endless":false,"potions_floor_spawned":[3,7],"killed_by":"Looter","ascension_level":10}