{"gold_per_floor":[111,111,7,25,25,58,58,72,72,72,102,112,127,38,38,116,116,126,126,41,41,41,41,56,68,68,68,68],"floor_reached":28,"playtime":1329,"items_purged":[],"score":452,"play_id":"8c782f0f-353d-4da8-ab31-d6303fa27762","local_time":"20181124193619","is_ascension_mode":true,"campfire_choices":[{"floor":7,"key":"REST"},{"floor":10,"key":"REST"},{"data":"Noxious Fumes","floor":15,"key":"SMITH"},{"floor":23,"key":"REST"}],"neow_cost":"NONE","seed_source_timestamp":136849780761300,"circlet_count":0,"master_deck":["AscendersBane","Defend_G","Defend_G","Defend_G","Defend_G","Defend_G+1","Strike_G+1","Strike_G","Strike_G+1","Strike_G","Strike_G+1","Survivor","Neutralize+1","Quick Slash","Backflip","Poisoned Stab","Poisoned Stab","Venomology","Noxious Fumes+1","Bane","Skewer","Expertise","Well Laid Plans","Cloak And Dagger","Backstab"],"relics":["Cursed Key","Whetstone","Snake Skull","Fusion Hammer","Bag of Preparation"],"potions_floor_usage":[12,13,16,16,18,18,19,25,28,28],"damage_taken":[{"damage":7,"enemies":"Jaw Worm","floor":1,"turns":5},{"damage":0,"enemies":"Cultist","floor":4,"turns":3},{"damage":23,"enemies":"Lagavulin","floor":6,"turns":9},{"damage":0,"enemies":"Small Slimes","floor":8,"turns":2},{"damage":15,"enemies":"3 Sentries","floor":11,"turns":7},{"damage":0,"enemies":"Exordium Wildlife","floor":12,"turns":2},{"damage":0,"enemies":"Blue Slaver","floor":13,"turns":4},{"damage":12,"enemies":"Hexaghost","floor":16,"turns":7},{"damage":0,"enemies":"3 Byrds","floor":18,"turns":4},{"damage":13,"enemies":"Colosseum Slavers","floor":19,"turns":5},{"damage":15,"enemies":"2 Thieves","floor":24,"turns":5},{"damage":21,"enemies":"Snake Plant","floor":25,"turns":4},{"damage":26,"enemies":"Slavers","floor":28,"turns":3}],"seed_played":"6525773726843739101","potions_obtained":[{"floor":11,"key":"PowerPotion"},{"floor":12,"key":"EssenceOfSteel"},{"floor":16,"key":"GhostInAJar"}],"is_trial":false,"path_per_floor":["M","?","$","M","?","E","R","M","T","R","E","M","M","$","R","B",null,"M","?","?","$","T","R","M","M","T","?","E"],"character_chosen":"THE_SILENT","items_purchased":["Backflip","Poisoned Stab","Well Laid Plans"],"campfire_rested":3,"item_purchase_floors":[3,3,14],"current_hp_per_floor":[52,32,32,32,32,9,28,28,28,47,32,32,32,32,32,20,55,55,42,42,42,42,61,46,25,25,25,0],"gold":68,"neow_bonus":"BOSS_RELIC","is_prod":false,"is_daily":false,"chose_seed":false,"campfire_upgraded":1,"win_rate":0,"timestamp":1543106179,"path_taken":["M","?","$","M","?","E","R","?","T","R","E","M","M","?","R","BOSS","M","?","?","$","?","R","M","?","T","?","E"],"build_version":"2018-11-15","purchased_purges":0,"victory":false,"max_hp_per_floor":[66,66,66,66,66,66,66,66,66,66,66,66,66,66,66,66,66,66,66,66,66,66,66,66,66,66,66,66],"card_choices":[{"not_picked":["Slice","Sucker Punch"],"picked":"Quick Slash","floor":1},{"not_picked":["Blade Dance","Prepared"],"picked":"Poisoned Stab","floor":4},{"not_picked":["Flying Knee","Outmaneuver"],"picked":"Venomology","floor":6},{"not_picked":["Tactician","PiercingWail"],"picked":"Noxious Fumes","floor":8},{"not_picked":["Concentrate","Deflect"],"picked":"Bane","floor":11},{"not_picked":["Choke","Quick Slash"],"picked":"Skewer","floor":12},{"not_picked":["Outmaneuver","Backstab"],"picked":"Expertise","floor":13},{"not_picked":["All Out Attack","Slice"],"picked":"Cloak And Dagger","floor":18},{"not_picked":["Flying Knee","Deadly Poison"],"picked":"Backstab","floor":24},{"not_picked":["Bane","Dagger Spray","Prepared"],"picked":"SKIP","floor":25}],"player_experience":1670190,"relics_obtained":[{"floor":6,"key":"Whetstone"},{"floor":11,"key":"Snake Skull"}],"event_choices":[{"damage_healed":0,"gold_gain":0,"player_choice":"Entered Light","damage_taken":20,"max_hp_gain":0,"max_hp_loss":0,"event_name":"Shining Light","floor":2,"gold_loss":0,"cards_upgraded":["Defend_G","Strike_G"]},{"damage_healed":0,"gold_gain":0,"player_choice":"Upgraded","damage_taken":0,"max_hp_gain":0,"max_hp_loss":0,"event_name":"Upgrade Shrine","floor":5,"gold_loss":0,"cards_upgraded":["Neutralize"]},{"damage_healed":0,"gold_gain":0,"player_choice":"Fight","damage_taken":0,"max_hp_gain":0,"max_hp_loss":0,"event_name":"Colosseum","floor":19,"gold_loss":0},{"damage_healed":0,"gold_gain":0,"player_choice":"Fled From Nobs","damage_taken":0,"max_hp_gain":0,"max_hp_loss":0,"event_name":"Colosseum","floor":19,"gold_loss":0},{"damage_healed":0,"gold_gain":0,"player_choice":"Obtained Relic","damage_taken":0,"relics_obtained":["Bag of Preparation"],"max_hp_gain":0,"max_hp_loss":0,"event_name":"Addict","floor":20,"gold_loss":85},{"damage_healed":0,"gold_gain":0,"player_choice":"Ignored","damage_taken":0,"max_hp_gain":0,"max_hp_loss":0,"event_name":"Cursed Tome","floor":27,"gold_loss":0}],"is_beta":true,"boss_relics":[{"not_picked":["Sozu","Astrolabe"],"picked":"Fusion Hammer"}],"items_purged_floors":[],"is_endless":false,"potions_floor_spawned":[11,12,16],"killed_by":"Slavers","ascension_level":20}