{"gold_per_floor":[115,126,142,27,37,72,86,86,113,113,124,149,149,167,167,167],"floor_reached":16,"playtime":1243,"items_purged":[],"score":143,"play_id":"ee546945-1fea-43d3-8291-46c00d7a311e","local_time":"20190123222229","is_ascension_mode":true,"campfire_choices":[{"data":"Neutralize","floor":8,"key":"SMITH"},{"data":"Dash","floor":10,"key":"SMITH"},{"data":"Footwork","floor":13,"key":"SMITH"},{"data":"Poisoned Stab","floor":15,"key":"SMITH"}],"neow_cost":"NONE","seed_source_timestamp":510837433630092,"circlet_count":0,"master_deck":["Defend_G","Defend_G","Defend_G","Defend_G","Defend_G","Strike_G","Strike_G","Strike_G","Strike_G","Survivor","Neutralize+1","Dash+1","Leg Sweep","Cloak And Dagger","Flying Knee","Footwork+1","Backstab","Backstab","Corpse Explosion","Cloak And Dagger","Quick Slash","Quick Slash","Poisoned Stab+1"],"relics":["Ring of the Snake","Shovel","Bag of Preparation","Strawberry"],"potions_floor_usage":[6,16],"damage_taken":[{"damage":0,"enemies":"Cultist","floor":1,"turns":3},{"damage":0,"enemies":"Small Slimes","floor":2,"turns":4},{"damage":0,"enemies":"Jaw Worm","floor":3,"turns":5},{"damage":14,"enemies":"Exordium Thugs","floor":5,"turns":8},{"damage":5,"enemies":"Lagavulin","floor":6,"turns":6},{"damage":0,"enemies":"Looter","floor":7,"turns":2},{"damage":0,"enemies":"3 Louse","floor":11,"turns":1},{"damage":2,"enemies":"3 Sentries","floor":12,"turns":7},{"damage":0,"enemies":"Exordium Wildlife","floor":14,"turns":3},{"damage":56,"enemies":"Slime Boss","floor":16,"turns":14}],"seed_played":"-6775364214481930467","potions_obtained":[{"floor":1,"key":"Swift Potion"},{"floor":3,"key":"Ancient Potion"},{"floor":5,"key":"Fire Potion"},{"floor":11,"key":"SteroidPotion"},{"floor":12,"key":"Strength Potion"}],"is_trial":false,"path_per_floor":["M","M","M","$","M","E","M","R","T","R","M","E","R","M","R","B"],"character_chosen":"THE_SILENT","items_purchased":["Footwork","Backstab"],"campfire_rested":0,"item_purchase_floors":[4,4],"current_hp_per_floor":[70,70,70,70,56,51,51,51,51,51,51,56,56,56,56,0],"gold":167,"neow_bonus":"TRANSFORM_CARD","is_prod":false,"is_daily":false,"chose_seed":false,"campfire_upgraded":4,"win_rate":0,"timestamp":1548310949,"path_taken":["M","M","M","$","?","E","M","R","T","R","M","E","R","M","R","BOSS"],"build_version":"2019-01-23","purchased_purges":0,"victory":false,"max_hp_per_floor":[70,70,70,70,70,70,70,70,70,70,70,77,77,77,77,77],"card_choices":[{"not_picked":["PiercingWail","Flechettes"],"picked":"Leg Sweep","floor":1},{"not_picked":["Deflect","Underhanded Strike"],"picked":"Cloak And Dagger","floor":2},{"not_picked":["Expertise","Deflect"],"picked":"Flying Knee","floor":3},{"not_picked":["Cloak And Dagger","Calculated Gamble"],"picked":"Backstab","floor":5},{"not_picked":["Flechettes","Doppelganger"],"picked":"Corpse Explosion","floor":6},{"not_picked":["Slice","Flying Knee"],"picked":"Cloak And Dagger","floor":7},{"not_picked":["Cloak And Dagger","Flying Knee"],"picked":"Quick Slash","floor":11},{"not_picked":["Choke","Blur"],"picked":"Quick Slash","floor":12},{"not_picked":["Deadly Poison","Endless Agony"],"picked":"Poisoned Stab","floor":14}],"player_experience":344141,"relics_obtained":[{"floor":6,"key":"Shovel"},{"floor":9,"key":"Bag of Preparation"},{"floor":12,"key":"Strawberry"}],"event_choices":[],"is_beta":false,"boss_relics":[],"items_purged_floors":[],"is_endless":false,"potions_floor_spawned":[1,3,5,11,12],"killed_by":"Slime Boss","ascension_level":5}