{"gold_per_floor":[116,116,66,66,66,66,77,108,132,132,143,68,78,94,94,193,193,193],"floor_reached":18,"playtime":1395,"items_purged":["Defend_R"],"score":168,"play_id":"1206f911-1079-41d1-af6f-6f3b8526cfce","local_time":"20190103155920","is_ascension_mode":true,"campfire_choices":[{"data":"Bash","floor":6,"key":"SMITH"},{"floor":10,"key":"REST"},{"data":"Searing Blow","floor":15,"key":"SMITH"}],"neow_cost":"TEN_PERCENT_HP_LOSS","seed_source_timestamp":743154349804365,"circlet_count":0,"master_deck":["Bash+1","Headbutt","Ghostly Armor","Searing Blow+1","Spot Weakness","Fiend Fire","Seeing Red","Carnage"],"relics":["Burning Blood","Prayer Wheel","Pandora\u0027s Box"],"potions_floor_usage":[16,16],"damage_taken":[{"damage":6,"enemies":"Jaw Worm","floor":1,"turns":3},{"damage":7,"enemies":"Small Slimes","floor":7,"turns":3},{"damage":51,"enemies":"3 Sentries","floor":8,"turns":9},{"damage":7,"enemies":"2 Louse","floor":11,"turns":3},{"damage":2,"enemies":"2 Fungi Beasts","floor":13,"turns":4},{"damage":18,"enemies":"Lots of Slimes","floor":14,"turns":5},{"damage":28,"enemies":"The Guardian","floor":16,"turns":13},{"damage":84,"enemies":"3 Byrds","floor":18,"turns":7}],"seed_played":"2312246170967176043","potions_obtained":[{"floor":7,"key":"Dexterity Potion"},{"floor":8,"key":"Energy Potion"},{"floor":13,"key":"FearPotion"}],"is_trial":false,"path_per_floor":["M","?","?","$","?","R","M","E","T","R","M","$","M","M","R","B",null,"M"],"character_chosen":"IRONCLAD","items_purchased":[],"campfire_rested":1,"item_purchase_floors":[],"current_hp_per_floor":[72,77,77,77,70,70,69,24,24,47,46,46,50,38,38,16,77,0],"gold":193,"neow_bonus":"REMOVE_TWO","is_prod":false,"is_daily":false,"chose_seed":false,"campfire_upgraded":2,"win_rate":0,"timestamp":1546549160,"path_taken":["M","?","?","$","?","R","M","E","T","R","M","?","M","M","R","BOSS","M"],"build_version":"2018-12-20","purchased_purges":1,"victory":false,"max_hp_per_floor":[72,77,77,77,77,77,77,77,77,77,77,77,77,77,77,77,77,77],"card_choices":[{"not_picked":["Iron Wave","Evolve"],"picked":"Headbutt","floor":1},{"not_picked":["Twin Strike","Seeing Red","Hemokinesis"],"picked":"SKIP","floor":7},{"not_picked":["Anger","Cleave"],"picked":"Ghostly Armor","floor":8},{"not_picked":["Flex","Dual Wield","Sever Soul"],"picked":"SKIP","floor":11},{"not_picked":["Wild Strike","Shrug It Off","Flame Barrier"],"picked":"SKIP","floor":11},{"not_picked":["Flex","Clash"],"picked":"Searing Blow","floor":13},{"not_picked":["Hemokinesis","Rage","Corruption"],"picked":"SKIP","floor":13},{"not_picked":["Heavy Blade","Twin Strike","Demon Form"],"picked":"SKIP","floor":14},{"not_picked":["Clash","Second Wind","Blood for Blood"],"picked":"SKIP","floor":14}],"player_experience":754911,"relics_obtained":[{"floor":8,"key":"Prayer Wheel"}],"event_choices":[{"damage_healed":0,"gold_gain":0,"player_choice":"Donut","damage_taken":0,"max_hp_gain":5,"max_hp_loss":0,"event_name":"Big Fish","floor":2,"gold_loss":0},{"cards_removed":["Strike_R"],"damage_healed":0,"gold_gain":0,"player_choice":"Card Removal","damage_taken":0,"max_hp_gain":0,"max_hp_loss":0,"event_name":"The Cleric","floor":3,"gold_loss":50},{"cards_removed":["Strike_R"],"damage_healed":0,"gold_gain":0,"player_choice":"Card Removal","damage_taken":7,"max_hp_gain":0,"max_hp_loss":0,"event_name":"Golden Wing","floor":5,"gold_loss":0}],"is_beta":false,"boss_relics":[{"not_picked":["White Beast Statue","Cursed Key"],"picked":"Pandora\u0027s Box"}],"items_purged_floors":[12],"is_endless":false,"potions_floor_spawned":[7,8,13],"killed_by":"3 Byrds","ascension_level":1}