{"gold_per_floor":[110,25,25,200,211,211,240,240,322,322,272,307,307,322,322,418,418,433,0,0,90,90],"floor_reached":22,"playtime":919,"items_purged":["Decay"],"score":251,"play_id":"4969994c-593e-480e-bf5d-e98cc3f4d4de","local_time":"20190207154245","is_ascension_mode":true,"campfire_choices":[{"floor":6,"key":"REST"},{"floor":8,"key":"REST"},{"floor":10,"key":"REST"},{"floor":13,"key":"RECALL"},{"data":"Hologram","floor":15,"key":"SMITH"}],"neow_cost":"NONE","seed_source_timestamp":0,"circlet_count":0,"master_deck":["Strike_B","Strike_B","Strike_B","Strike_B","Defend_B+1","Defend_B","Defend_B","Defend_B","Zap","Dualcast","Streamline","Cold Snap","Blizzard+1","Cold Snap","Beam Cell","Hologram+1","Echo Form","Doubt","Parasite","Cold Snap+1","Magnetism","Glacier","Discovery"],"special_seed":0,"relics":["Philosopher\u0027s Stone","Bag of Marbles","Sundial","Regal Pillow","Calling Bell","Lantern","Pear","StoneCalendar"],"potions_floor_usage":[22,22],"damage_taken":[{"damage":15,"enemies":"Jaw Worm","floor":1,"turns":4},{"damage":3,"enemies":"2 Louse","floor":5,"turns":3},{"damage":21,"enemies":"Gremlin Nob","floor":7,"turns":4},{"damage":11,"enemies":"3 Sentries","floor":12,"turns":7},{"damage":0,"enemies":"Small Slimes","floor":14,"turns":2},{"damage":5,"enemies":"Slime Boss","floor":16,"turns":7},{"damage":17,"enemies":"Spheric Guardian","floor":18,"turns":5},{"damage":34,"enemies":"3 Byrds","floor":22,"turns":3}],"seed_played":"3316246279048826170","potions_obtained":[{"floor":7,"key":"Weak Potion"},{"floor":12,"key":"Weak Potion"},{"floor":14,"key":"Swift Potion"}],"is_trial":false,"path_per_floor":["M","$","?","?","M","R","E","R","T","R","?","E","R","M","R","B",null,"M","$","?","?","M"],"character_chosen":"DEFECT","items_purchased":["Cold Snap","Blizzard","Magnetism","Glacier","Discovery"],"campfire_rested":3,"item_purchase_floors":[2,2,19,19,19],"current_hp_per_floor":[60,60,45,45,42,64,43,65,65,75,75,64,64,64,64,59,85,68,68,52,34,0],"gold":90,"neow_bonus":"BOSS_RELIC","is_prod":false,"is_daily":false,"chose_seed":false,"campfire_upgraded":1,"win_rate":0,"timestamp":1549550565,"path_taken":["M","$","?","?","M","R","E","R","T","R","?","E","R","?","R","BOSS","M","$","?","?","M"],"build_version":"2019-01-23","purchased_purges":1,"victory":false,"max_hp_per_floor":[75,75,75,75,75,75,75,75,75,75,75,75,75,75,75,75,85,85,85,90,90,90],"card_choices":[{"not_picked":["Blizzard","Double Energy"],"picked":"Streamline","floor":1},{"not_picked":["Double Energy","Leap"],"picked":"Cold Snap","floor":5},{"not_picked":["Scrape","Compile Driver","Hyperbeam"],"picked":"SKIP","floor":7},{"not_picked":["BootSequence","Aggregate"],"picked":"Beam Cell","floor":12},{"not_picked":["Melter","Hello World"],"picked":"Hologram","floor":14},{"not_picked":["Meteor Strike","Amplify"],"picked":"Echo Form","floor":16},{"not_picked":["Genetic Algorithm","Hologram+1"],"picked":"Cold Snap+1","floor":18}],"player_experience":591913,"relics_obtained":[{"floor":7,"key":"Bag of Marbles"},{"floor":9,"key":"Sundial"},{"floor":12,"key":"Regal Pillow"},{"floor":17,"key":"Lantern"},{"floor":17,"key":"Pear"},{"floor":17,"key":"StoneCalendar"}],"event_choices":[{"damage_healed":0,"gold_gain":0,"player_choice":"Entered Light","damage_taken":15,"max_hp_gain":0,"max_hp_loss":0,"event_name":"Shining Light","floor":3,"gold_loss":0,"cards_upgraded":["Blizzard","Defend_B"]},{"damage_healed":0,"gold_gain":175,"player_choice":"AGREE","damage_taken":0,"max_hp_gain":0,"max_hp_loss":0,"event_name":"Liars Game","floor":4,"gold_loss":0,"cards_obtained":["Doubt"]},{"cards_removed":["Doubt"],"damage_healed":0,"gold_gain":0,"player_choice":"Card Removal","damage_taken":0,"max_hp_gain":0,"max_hp_loss":0,"event_name":"The Cleric","floor":11,"gold_loss":50},{"damage_healed":0,"gold_gain":0,"player_choice":"Shed Blood","damage_taken":21,"max_hp_gain":5,"max_hp_loss":0,"event_name":"Forgotten Altar","floor":20,"gold_loss":0},{"damage_healed":0,"gold_gain":90,"player_choice":"GOLD ","damage_taken":18,"max_hp_gain":0,"max_hp_loss":0,"event_name":"Knowing Skull","floor":21,"potions_obtained":[],"gold_loss":0,"cards_obtained":[]}],"is_beta":false,"boss_relics":[{"not_picked":["Runic Pyramid","Ectoplasm"],"picked":"Calling Bell"}],"items_purged_floors":[19],"is_endless":false,"potions_floor_spawned":[7,12,14,16],"killed_by":"3 Byrds","ascension_level":4}