{"gold_per_floor":[111,61,41,54,54,88,138,171,244,256,274,307,318,336,336,436,486,502,502,519,519,434,434,37,62,62,75,75,75],"floor_reached":29,"playtime":1421,"items_purged":["Strike_B"],"score":342,"play_id":"f10f1fbd-be00-417d-93c9-92a48872193e","local_time":"20190108160236","is_ascension_mode":true,"campfire_choices":[{"floor":15,"key":"REST"},{"floor":23,"key":"REST"}],"neow_cost":"NONE","seed_source_timestamp":1188736329945576,"circlet_count":0,"master_deck":["Strike_B+1","Strike_B+1","Defend_B+1","Defend_B+1","Defend_B+1","Defend_B+1","Zap","Dualcast","Blizzard","Beam Cell","Electrodynamics","Coolheaded","Cold Snap+1","Cold Snap","Leap","Streamline","Sweeping Beam","Buffer","Streamline","Streamline","Loop","Conserve Battery","Barrage","Melter+1","Sweeping Beam"],"relics":["Cracked Core","NeowsBlessing","Bag of Marbles","Boot","PreservedInsect","Matryoshka","Mango","Tiny House","Smiling Mask","Ginger","Bottled Lightning","Blood Vial","Omamori"],"potions_floor_usage":[8,11,12,20,27,29],"damage_taken":[{"damage":0,"enemies":"Jaw Worm","floor":1,"turns":1},{"damage":0,"enemies":"2 Louse","floor":4,"turns":1},{"damage":0,"enemies":"Gremlin Nob","floor":6,"turns":1},{"damage":4,"enemies":"3 Sentries","floor":8,"turns":2},{"damage":0,"enemies":"Cultist","floor":10,"turns":4},{"damage":6,"enemies":"Exordium Wildlife","floor":11,"turns":3},{"damage":14,"enemies":"Lagavulin","floor":12,"turns":4},{"damage":6,"enemies":"Exordium Thugs","floor":13,"turns":4},{"damage":4,"enemies":"Looter","floor":14,"turns":2},{"damage":24,"enemies":"The Guardian","floor":16,"turns":12},{"damage":25,"enemies":"3 Byrds","floor":18,"turns":4},{"damage":19,"enemies":"Shell Parasite","floor":20,"turns":6},{"damage":58,"enemies":"Book of Stabbing","floor":25,"turns":6},{"damage":29,"enemies":"3 Cultists","floor":27,"turns":5},{"damage":12,"enemies":"Colosseum Slavers","floor":29,"turns":1}],"seed_played":"5750835871230812595","potions_obtained":[{"floor":1,"key":"Block Potion"},{"floor":3,"key":"SkillPotion"},{"floor":8,"key":"SpeedPotion"},{"floor":10,"key":"SkillPotion"},{"floor":16,"key":"Weak Potion"},{"floor":17,"key":"SteroidPotion"},{"floor":20,"key":"FairyPotion"}],"is_trial":false,"path_per_floor":["M","?","?","M","$","E","T","E","T","M","M","E","M","M","R","B",null,"M","?","M","?","?","R","$","E","T","M","?","?"],"character_chosen":"DEFECT","items_purchased":["Ginger","Barrage"],"campfire_rested":2,"item_purchase_floors":[24,24],"current_hp_per_floor":[75,75,75,75,75,75,75,71,71,71,65,65,59,55,81,57,94,69,69,50,50,50,78,78,20,20,9,9,0],"gold":75,"neow_bonus":"THREE_ENEMY_KILL","is_prod":false,"is_daily":false,"chose_seed":false,"campfire_upgraded":0,"win_rate":0,"timestamp":1546981356,"path_taken":["M","?","?","?","$","E","?","E","T","M","M","E","M","M","R","BOSS","M","?","M","?","?","R","?","E","T","?","?","?"],"build_version":"2019-01-03v4","purchased_purges":1,"victory":false,"max_hp_per_floor":[75,75,75,75,75,75,75,75,75,75,75,89,89,89,89,89,94,94,94,94,94,94,94,94,94,94,94,94,94],"card_choices":[{"not_picked":["Aggregate","Steam"],"picked":"Blizzard","floor":1},{"not_picked":["Stack","Turbo"],"picked":"Beam Cell","floor":4},{"not_picked":["Coolheaded","Ball Lightning"],"picked":"Electrodynamics","floor":6},{"not_picked":["Turbo","Undo"],"picked":"Coolheaded","floor":8},{"not_picked":["Aggregate","Redo"],"picked":"Cold Snap","floor":10},{"not_picked":["Rebound","Gash"],"picked":"Cold Snap","floor":11},{"not_picked":["Scrape","Turbo"],"picked":"Leap","floor":12},{"not_picked":["Biased Cognition","Hologram"],"picked":"Streamline","floor":13},{"not_picked":["Gash","Go for the Eyes"],"picked":"Sweeping Beam","floor":14},{"not_picked":["Amplify","Reboot"],"picked":"Buffer","floor":16},{"not_picked":["Conserve Battery","Leap"],"picked":"Streamline","floor":17},{"not_picked":["Gash+1","Double Energy"],"picked":"Streamline","floor":18},{"not_picked":["Heatsinks","Leap+1"],"picked":"Conserve Battery","floor":20},{"not_picked":["Sweeping Beam","Compile Driver+1"],"picked":"Melter+1","floor":25},{"not_picked":["Storm+1","Chaos"],"picked":"Sweeping Beam","floor":27}],"player_experience":182870,"relics_obtained":[{"floor":6,"key":"Bag of Marbles"},{"floor":7,"key":"Boot"},{"floor":8,"key":"PreservedInsect"},{"floor":9,"key":"Matryoshka"},{"floor":12,"key":"Mango"},{"floor":25,"key":"Bottled Lightning"},{"floor":26,"key":"Blood Vial"},{"floor":26,"key":"Omamori"}],"event_choices":[{"cards_removed":["Strike_B"],"damage_healed":0,"gold_gain":0,"player_choice":"Card Removal","damage_taken":0,"max_hp_gain":0,"max_hp_loss":0,"event_name":"The Cleric","floor":2,"gold_loss":50},{"damage_healed":0,"gold_gain":0,"player_choice":"Bought 1 Potion","damage_taken":0,"max_hp_gain":0,"max_hp_loss":0,"event_name":"The Woman in Blue","floor":3,"gold_loss":0},{"damage_healed":0,"gold_gain":0,"player_choice":"Read","damage_taken":0,"max_hp_gain":0,"max_hp_loss":0,"event_name":"The Library","floor":19,"gold_loss":0,"cards_obtained":["Loop"]},{"damage_healed":0,"gold_gain":0,"player_choice":"Ignored","damage_taken":0,"max_hp_gain":0,"max_hp_loss":0,"event_name":"Ghosts","floor":21,"gold_loss":0},{"damage_healed":0,"gold_gain":0,"player_choice":"Obtained Relic","damage_taken":0,"relics_obtained":["Smiling Mask"],"max_hp_gain":0,"max_hp_loss":0,"event_name":"Addict","floor":22,"gold_loss":85},{"damage_healed":0,"gold_gain":0,"player_choice":"Simplicity","damage_taken":0,"max_hp_gain":0,"max_hp_loss":0,"event_name":"Back to Basics","floor":28,"gold_loss":0,"cards_upgraded":["Strike_B","Strike_B","Defend_B","Defend_B","Defend_B","Defend_B"]},{"damage_healed":0,"gold_gain":0,"player_choice":"Fight","damage_taken":0,"max_hp_gain":0,"max_hp_loss":0,"event_name":"Colosseum","floor":29,"gold_loss":0}],"is_beta":false,"boss_relics":[{"not_picked":["Runic Dome","Philosopher\u0027s Stone"],"picked":"Tiny House"}],"items_purged_floors":[24],"is_endless":false,"potions_floor_spawned":[1,8,10,16,18,20],"killed_by":"Colosseum Slavers","ascension_level":2}