{"gold_per_floor":[111,131,141,158,36,36,65,65,65,77,77,152,152,152,152,254,254,265,265,265,277,202,202,221,221,221,221,9,43,24,24,24,24],"floor_reached":33,"playtime":2481,"items_purged":["Defend_B"],"score":392,"play_id":"f3d8845e-9f52-4a78-b9e2-c39926fe8780","local_time":"20181118220756","is_ascension_mode":true,"campfire_choices":[{"floor":6,"key":"REST"},{"data":"Zap","floor":8,"key":"SMITH"},{"floor":13,"key":"REST"},{"floor":15,"key":"REST"},{"floor":23,"key":"REST"},{"floor":25,"key":"REST"},{"floor":27,"key":"REST"},{"floor":32,"key":"REST"}],"neow_cost":"TEN_PERCENT_HP_LOSS","seed_source_timestamp":82830146821530,"circlet_count":0,"master_deck":["AscendersBane","Strike_B","Strike_B","Defend_B","Defend_B","Zap+1","Dualcast","Genetic Algorithm","Coolheaded","Go for the Eyes","Sunder","Loop","Seek","Leap","Gash","Glacier","Parasite","Gash","Reinforced Body","Self Repair"],"relics":["Cracked Core","Turnip","Darkstone Periapt","Gremlin Horn","Cursed Key","StoneCalendar","Orichalcum","Nloth\u0027s Gift"],"potions_floor_usage":[7,7,7,7,16,16,20,29,33],"damage_taken":[{"damage":2,"enemies":"Jaw Worm","floor":1,"turns":3},{"damage":8,"enemies":"2 Louse","floor":2,"turns":2},{"damage":11,"enemies":"Small Slimes","floor":3,"turns":4},{"damage":7,"enemies":"Exordium Wildlife","floor":4,"turns":6},{"damage":16,"enemies":"Lagavulin","floor":7,"turns":9},{"damage":4,"enemies":"3 Louse","floor":10,"turns":2},{"damage":24,"enemies":"The Guardian","floor":16,"turns":9},{"damage":20,"enemies":"3 Byrds","floor":18,"turns":5},{"damage":10,"enemies":"Colosseum Slavers","floor":20,"turns":4},{"damage":15,"enemies":"Spheric Guardian","floor":21,"turns":6},{"damage":25,"enemies":"Snecko","floor":24,"turns":8},{"damage":16,"enemies":"Gremlin Leader","floor":29,"turns":9},{"damage":82,"enemies":"Collector","floor":33,"turns":16}],"seed_played":"-8685958006181608366","potions_obtained":[{"floor":1,"key":"LiquidBronze"},{"floor":4,"key":"EntropicBrew"},{"floor":7,"key":"SkillPotion"},{"floor":16,"key":"LiquidBronze"},{"floor":24,"key":"Block Potion"},{"floor":29,"key":"Weak Potion"}],"is_trial":false,"path_per_floor":["M","M","M","M","$","R","E","R","T","M","?","?","R","?","R","B",null,"M","?","?","M","?","R","M","R","T","R","$","E","$","?","R","B"],"character_chosen":"DEFECT","items_purchased":["Go for the Eyes","Membership Card","Gash","Self Repair"],"campfire_rested":7,"item_purchase_floors":[5,28,28,30],"current_hp_per_floor":[66,58,47,40,40,60,44,44,44,40,45,34,55,43,64,40,65,45,32,22,7,7,30,5,28,34,59,59,43,43,43,68,0],"gold":24,"neow_bonus":"REMOVE_TWO","is_prod":false,"is_daily":false,"chose_seed":false,"campfire_upgraded":1,"win_rate":0,"timestamp":1542596876,"path_taken":["M","M","M","M","$","R","E","R","T","M","?","?","R","?","R","BOSS","M","?","?","M","?","R","M","R","T","R","$","E","?","?","R","BOSS"],"build_version":"2018-11-15","purchased_purges":1,"victory":false,"max_hp_per_floor":[68,68,68,68,68,68,68,68,68,68,73,73,73,73,73,73,73,73,78,78,78,78,78,78,78,84,84,84,84,84,84,84,84],"card_choices":[{"not_picked":["Stack","Streamline"],"picked":"Genetic Algorithm","floor":1},{"not_picked":["Turbo","Streamline","Chaos"],"picked":"SKIP","floor":2},{"not_picked":["Melter","Chaos"],"picked":"Coolheaded","floor":3},{"not_picked":["Beam Cell","Heatsinks","Reprogram"],"picked":"SKIP","floor":4},{"not_picked":["Chaos","Heatsinks"],"picked":"Sunder","floor":7},{"not_picked":["Melter","Storm"],"picked":"Loop","floor":10},{"not_picked":["Meteor Strike","Hyperbeam"],"picked":"Seek","floor":16},{"not_picked":["Rebound+1","Turbo"],"picked":"Leap","floor":18},{"not_picked":["Rebound","Turbo"],"picked":"Gash","floor":21},{"not_picked":["Machine Learning","Chill+1"],"picked":"Glacier","floor":24},{"not_picked":["Stack+1","Aggregate+1"],"picked":"Reinforced Body","floor":29}],"player_experience":548945,"relics_obtained":[{"floor":7,"key":"Turnip"},{"floor":9,"key":"Darkstone Periapt"},{"floor":26,"key":"StoneCalendar"},{"floor":29,"key":"Orichalcum"}],"event_choices":[{"damage_healed":0,"gold_gain":0,"player_choice":"Donut","damage_taken":0,"max_hp_gain":5,"max_hp_loss":0,"event_name":"Big Fish","floor":11,"gold_loss":0},{"damage_healed":0,"gold_gain":75,"player_choice":"Gather Gold","damage_taken":11,"max_hp_gain":0,"max_hp_loss":0,"event_name":"World of Goop","floor":12,"gold_loss":0},{"damage_healed":0,"gold_gain":0,"player_choice":"Success","damage_taken":12,"relics_obtained":["Gremlin Horn"],"max_hp_gain":0,"max_hp_loss":0,"event_name":"Scrap Ooze","floor":14,"gold_loss":0},{"damage_healed":0,"gold_gain":0,"player_choice":"Shed Blood","damage_taken":18,"max_hp_gain":5,"max_hp_loss":0,"event_name":"Forgotten Altar","floor":19,"gold_loss":0},{"damage_healed":0,"gold_gain":0,"player_choice":"Fight","damage_taken":0,"max_hp_gain":0,"max_hp_loss":0,"event_name":"Colosseum","floor":20,"gold_loss":0},{"damage_healed":0,"gold_gain":0,"player_choice":"Fled From Nobs","damage_taken":0,"max_hp_gain":0,"max_hp_loss":0,"event_name":"Colosseum","floor":20,"gold_loss":0},{"cards_removed":["Defend_B"],"damage_healed":0,"gold_gain":0,"player_choice":"Gave Gold","damage_taken":0,"max_hp_gain":0,"max_hp_loss":0,"event_name":"Beggar","floor":22,"gold_loss":75},{"damage_healed":0,"gold_gain":0,"player_choice":"Traded Relic","damage_taken":0,"relics_obtained":["Nloth\u0027s Gift"],"max_hp_gain":0,"max_hp_loss":0,"event_name":"N\u0027loth","floor":31,"relics_lost":["Membership Card"],"gold_loss":0}],"is_beta":false,"boss_relics":[{"not_picked":["Runic Pyramid","Black Star"],"picked":"Cursed Key"}],"items_purged_floors":[5],"is_endless":false,"potions_floor_spawned":[1,4,7,16,24,29],"killed_by":"Collector","ascension_level":10}