{"gold_per_floor":[118,118,134,84,99,99,24,24,24,43,71,71,71,90,90,215,215,228,228,253,253,77,77,101,126,153,153,193,193,207,222,222,350,350,369,383,17,37,37,37,62,81,130,130,463,475,485,505,505,505],"floor_reached":51,"playtime":2177,"items_purged":["Strike_B"],"score":748,"play_id":"8bd16ff4-2c2d-4360-9473-f90ce1420c38","local_time":"20181023003336","is_ascension_mode":false,"campfire_choices":[{"data":"Static Discharge","floor":6,"key":"SMITH"},{"data":"Zap","floor":8,"key":"SMITH"},{"floor":15,"key":"REST"},{"data":"Defragment","floor":23,"key":"SMITH"},{"data":"Machine Learning","floor":27,"key":"SMITH"},{"floor":29,"key":"REST"},{"data":"Biased Cognition","floor":32,"key":"SMITH"},{"floor":44,"key":"REST"},{"floor":49,"key":"REST"}],"neow_cost":"TEN_PERCENT_HP_LOSS","seed_source_timestamp":11106355330424,"circlet_count":0,"master_deck":["Defend_B","Defend_B","Defend_B","Defend_B","Zap+1","Dualcast+1","White Noise+1","Conserve Battery+1","Static Discharge+1","Go for the Eyes","Biased Cognition+1","Cold Snap","Machine Learning+1","Storm","Defragment+1","Melter","Steam","Apotheosis","Conserve Battery+1","Auto Shields","Core Surge","Go for the Eyes","Creative AI","Heatsinks","Glacier+1","Static Discharge","Fission","Stack+1","Coolheaded+1"],"relics":["Cracked Core","FossilizedHelix","Mercury Hourglass","Happy Flower","Runic Dome","Bag of Marbles","The Courier","Velvet Choker","Runic Capacitor","Bottled Flame","War Paint"],"potions_floor_usage":[50,50,50,50],"damage_taken":[{"damage":0,"enemies":"Small Slimes","floor":1,"turns":3},{"damage":0,"enemies":"Jaw Worm","floor":3,"turns":4},{"damage":0,"enemies":"2 Louse","floor":5,"turns":2},{"damage":3,"enemies":"Large Slime","floor":10,"turns":5},{"damage":20,"enemies":"Gremlin Nob","floor":11,"turns":5},{"damage":9,"enemies":"Exordium Thugs","floor":14,"turns":4},{"damage":0,"enemies":"Slime Boss","floor":16,"turns":9},{"damage":0,"enemies":"Shell Parasite","floor":18,"turns":8},{"damage":0,"enemies":"Chosen","floor":20,"turns":4},{"damage":18,"enemies":"Snecko","floor":24,"turns":4},{"damage":0,"enemies":"Cultist and Chosen","floor":25,"turns":5},{"damage":8,"enemies":"Gremlin Leader","floor":28,"turns":6},{"damage":2,"enemies":"Shelled Parasite and Fungi","floor":30,"turns":4},{"damage":0,"enemies":"Snake Plant","floor":31,"turns":4},{"damage":17,"enemies":"Automaton","floor":33,"turns":8},{"damage":26,"enemies":"3 Darklings","floor":35,"turns":4},{"damage":0,"enemies":"3 Shapes","floor":36,"turns":3},{"damage":0,"enemies":"Spire Growth","floor":38,"turns":5},{"damage":0,"enemies":"Maw","floor":41,"turns":8},{"damage":0,"enemies":"Sphere and 2 Shapes","floor":42,"turns":4},{"damage":4,"enemies":"Jaw Worm Horde","floor":46,"turns":6},{"damage":9,"enemies":"4 Shapes","floor":47,"turns":6},{"damage":0,"enemies":"Transient","floor":48,"turns":5},{"damage":10,"enemies":"Donu and Deca","floor":50,"turns":5}],"seed_played":"-4251165047946581515","potions_obtained":[{"floor":1,"key":"Energy Potion"},{"floor":10,"key":"Poison Potion"},{"floor":14,"key":"Explosive Potion"},{"floor":16,"key":"Weak Potion"},{"floor":28,"key":"PowerPotion"},{"floor":41,"key":"EntropicBrew"},{"floor":48,"key":"PowerPotion"}],"is_trial":false,"path_per_floor":["M","?","M","?","M","R","$","R","T","M","E","$","?","M","R","B",null,"M","?","M","?","$","R","M","M","T","R","E","R","M","M","R","B",null,"M","M","$","M","$","?","M","M","T","R","?","M","M","M","R","B"],"character_chosen":"DEFECT","items_purchased":["Apotheosis","Runic Capacitor","Bottled Flame"],"campfire_rested":4,"item_purchase_floors":[22,37,37],"current_hp_per_floor":[68,54,54,54,54,54,54,54,54,51,31,31,14,5,25,25,68,68,68,68,68,68,68,50,50,50,50,42,62,60,60,60,43,68,42,42,42,42,42,42,42,42,42,62,62,58,49,49,68,58],"gold":505,"neow_bonus":"ONE_RARE_RELIC","is_prod":false,"is_daily":false,"chose_seed":false,"campfire_upgraded":5,"win_rate":0,"timestamp":1540222416,"path_taken":["M","?","M","?","?","R","$","R","T","M","E","$","?","M","R","BOSS","M","?","?","?","$","R","M","M","T","R","E","R","M","M","R","BOSS","M","M","$","M","$","?","M","?","T","R","?","M","M","M","R","BOSS"],"build_version":"2018-10-19","purchased_purges":1,"victory":true,"max_hp_per_floor":[68,68,68,68,68,68,68,68,68,68,68,68,68,68,68,68,68,68,68,68,68,68,68,68,68,68,68,68,68,68,68,68,68,68,68,68,68,68,68,68,68,68,68,68,68,68,68,68,68,68],"card_choices":[{"not_picked":["Rebound","Coolheaded"],"picked":"White Noise","floor":1},{"not_picked":["Sweeping Beam","Stack"],"picked":"Conserve Battery","floor":3},{"not_picked":["Force Field","Conserve Battery"],"picked":"Static Discharge","floor":5},{"not_picked":["Turbo","Steam"],"picked":"Go for the Eyes","floor":10},{"not_picked":["Compile Driver","Leap"],"picked":"Biased Cognition","floor":11},{"not_picked":["Steam Power","Streamline"],"picked":"Cold Snap","floor":14},{"not_picked":["Multi-Cast","Seek"],"picked":"Machine Learning","floor":16},{"not_picked":["Hologram","Sweeping Beam+1"],"picked":"Storm","floor":18},{"not_picked":["Gash","Turbo"],"picked":"Melter","floor":20},{"not_picked":["Cold Snap+1","Sweeping Beam"],"picked":"Conserve Battery","floor":24},{"not_picked":["Compile Driver","Scrape"],"picked":"Auto Shields","floor":25},{"not_picked":["Redo","Force Field"],"picked":"Core Surge","floor":28},{"not_picked":["Hello World","Leap","Aggregate"],"picked":"SKIP","floor":30},{"not_picked":["Barrage","Compile Driver"],"picked":"Go for the Eyes","floor":31},{"not_picked":["All For One","Rainbow"],"picked":"Creative AI","floor":33},{"not_picked":["Redo+1","Streamline"],"picked":"Heatsinks","floor":35},{"not_picked":["Undo","Barrage"],"picked":"Glacier+1","floor":36},{"not_picked":["FTL+1","Streamline+1"],"picked":"Static Discharge","floor":38},{"not_picked":["Go for the Eyes+1","Double Energy","Hologram+1"],"picked":"SKIP","floor":41},{"not_picked":["Stack","Barrage","Gash"],"picked":"SKIP","floor":42},{"not_picked":["Storm","Go for the Eyes"],"picked":"Fission","floor":46},{"not_picked":["Rebound+1","Heatsinks"],"picked":"Stack+1","floor":47},{"not_picked":["Beam Cell","Consume+1"],"picked":"Coolheaded+1","floor":48}],"player_experience":529928,"relics_obtained":[{"floor":9,"key":"Mercury Hourglass"},{"floor":11,"key":"Happy Flower"},{"floor":26,"key":"Bag of Marbles"},{"floor":28,"key":"The Courier"},{"floor":43,"key":"War Paint"}],"event_choices":[{"damage_healed":0,"gold_gain":0,"player_choice":"Entered Light","damage_taken":14,"max_hp_gain":0,"max_hp_loss":0,"event_name":"Shining Light","floor":2,"gold_loss":0,"cards_upgraded":["White Noise","Dualcast"]},{"cards_removed":["Strike_B"],"damage_healed":0,"gold_gain":0,"player_choice":"Card Removal","damage_taken":0,"max_hp_gain":0,"max_hp_loss":0,"event_name":"The Cleric","floor":4,"gold_loss":50},{"damage_healed":0,"gold_gain":0,"player_choice":"Take Damage","damage_taken":17,"relics_obtained":["Golden Idol"],"max_hp_gain":0,"max_hp_loss":0,"event_name":"Golden Idol","floor":13,"gold_loss":0},{"damage_healed":0,"gold_gain":0,"player_choice":"Read","damage_taken":0,"max_hp_gain":0,"max_hp_loss":0,"event_name":"The Library","floor":19,"gold_loss":0,"cards_obtained":["Defragment"]},{"damage_healed":0,"gold_gain":0,"cards_transformed":["Strike_B"],"player_choice":"Transformed","damage_taken":0,"max_hp_gain":0,"max_hp_loss":0,"event_name":"Transmorgrifier","floor":21,"gold_loss":0,"cards_obtained":["Steam"]},{"cards_removed":["Strike_B"],"damage_healed":0,"gold_gain":0,"player_choice":"Removed Attack","damage_taken":0,"max_hp_gain":0,"max_hp_loss":0,"event_name":"Falling","floor":40,"gold_loss":0},{"damage_healed":0,"gold_gain":333,"player_choice":"Gave Idol","damage_taken":0,"max_hp_gain":0,"max_hp_loss":0,"event_name":"The Moai Head","floor":45,"relics_lost":["Golden Idol"],"gold_loss":0}],"is_beta":true,"boss_relics":[{"not_picked":["White Beast Statue","Snecko Eye"],"picked":"Runic Dome"},{"not_picked":["Tiny House","Black Star"],"picked":"Velvet Choker"}],"items_purged_floors":[7],"is_endless":false,"potions_floor_spawned":[1,10,14,16,25,28,33,36,41,46,48],"ascension_level":0}