{"gold_per_floor":[113,113,124,124,144,144,160,10,34,34,45,45,45,78,78,155,155,173,10,10,20,20,20,20,34,59,74,88,88,103,123,123,200,200,218,1217,1217,619,92,92,117,33,33,60,70,95,95,95,95,95,95],"floor_reached":52,"playtime":5979,"items_purged":["Strike_G","Normality","Normality"],"score":1816,"play_id":"fefa5726-3979-4097-9277-4a7afa293cab","local_time":"20181209024453","is_ascension_mode":true,"campfire_choices":[{"data":"Backflip","floor":6,"key":"SMITH"},{"data":"Well Laid Plans","floor":10,"key":"SMITH"},{"floor":12,"key":"REST"},{"floor":15,"key":"REST"},{"data":"Footwork","floor":23,"key":"SMITH"},{"floor":29,"key":"REST"},{"floor":32,"key":"REST"},{"data":"Catalyst","floor":40,"key":"SMITH"},{"data":"Burst","floor":47,"key":"SMITH"},{"data":"Leg Sweep","floor":49,"key":"SMITH"}],"neow_cost":"NONE","seed_source_timestamp":593760926114600,"circlet_count":0,"master_deck":["AscendersBane","Defend_G","Defend_G","Defend_G","Defend_G","Defend_G","Strike_G","Strike_G","Survivor","Neutralize+1","Flying Knee","Terror","Backflip+1","Quick Slash","Well Laid Plans+1","Cloak And Dagger","Quick Slash","Noxious Fumes","Choke","Doppelganger","Backflip","Footwork+1","Leg Sweep+1","Catalyst+1","Underhanded Strike","Dash","Corpse Explosion","Backflip","Burst+1","Underhanded Strike+1","Footwork+1","Dash","Catalyst+1","Crippling Poison","Dash+1"],"relics":["HoveringKite","Blood Vial","Vajra","Snecko Eye","Dream Catcher","Lizard Tail","Paper Crane","DollysMirror","Pantograph","Bird Faced Urn","The Courier","Anchor","Ancient Tea Set"],"potions_floor_usage":[11,41],"damage_taken":[{"damage":3,"enemies":"2 Louse","floor":1,"turns":3},{"damage":11,"enemies":"Jaw Worm","floor":3,"turns":7},{"damage":7,"enemies":"Small Slimes","floor":5,"turns":3},{"damage":6,"enemies":"Looter","floor":7,"turns":4},{"damage":9,"enemies":"Lots of Slimes","floor":11,"turns":5},{"damage":54,"enemies":"Gremlin Nob","floor":14,"turns":5},{"damage":3,"enemies":"The Guardian","floor":16,"turns":11},{"damage":5,"enemies":"Spheric Guardian","floor":18,"turns":5},{"damage":0,"enemies":"Chosen","floor":21,"turns":3},{"damage":8,"enemies":"Centurion and Healer","floor":25,"turns":7},{"damage":23,"enemies":"Shelled Parasite and Fungi","floor":27,"turns":3},{"damage":0,"enemies":"Snake Plant","floor":28,"turns":5},{"damage":8,"enemies":"Snecko","floor":30,"turns":5},{"damage":18,"enemies":"Shelled Parasite and Fungi","floor":31,"turns":5},{"damage":45,"enemies":"Collector","floor":33,"turns":9},{"damage":9,"enemies":"3 Darklings","floor":35,"turns":7},{"damage":17,"enemies":"Reptomancer","floor":41,"turns":8},{"damage":5,"enemies":"Nemesis","floor":44,"turns":7},{"damage":0,"enemies":"3 Shapes","floor":45,"turns":7},{"damage":1,"enemies":"Donu and Deca","floor":50,"turns":7},{"damage":27,"enemies":"Awakened One","floor":51,"turns":23}],"seed_played":"3892062698469490943","potions_obtained":[{"floor":5,"key":"Fire Potion"},{"floor":7,"key":"FairyPotion"},{"floor":21,"key":"Fire Potion"},{"floor":41,"key":"GhostInAJar"}],"is_trial":false,"path_per_floor":["M","?","M","?","M","R","M","$","T","R","M","R","?","E","R","B",null,"M","$","?","M","?","R","?","M","T","M","M","R","M","M","R","B",null,"M","?","?","$","$","R","E","$","T","E","M","T","R","?","R","B","B",null],"character_chosen":"THE_SILENT","items_purchased":["Well Laid Plans","Cloak And Dagger","Quick Slash","Footwork","Paper Crane","DollysMirror","Pantograph","Dash","Catalyst","Crippling Poison"],"campfire_rested":4,"item_purchase_floors":[8,8,8,19,38,38,39,39,39,42],"current_hp_per_floor":[56,49,38,38,31,31,25,25,25,25,18,37,59,7,26,25,56,53,53,53,55,55,55,55,49,49,28,30,49,43,27,46,3,50,43,43,43,43,43,43,28,28,28,33,43,43,43,38,38,65,45],"gold":95,"neow_bonus":"BOSS_RELIC","is_prod":false,"is_daily":false,"chose_seed":false,"campfire_upgraded":6,"win_rate":0,"timestamp":1544341493,"path_taken":["M","?","M","?","M","R","M","$","T","R","?","R","?","E","R","BOSS","M","$","?","?","?","R","?","M","T","M","M","R","M","M","R","BOSS","M","?","?","?","$","R","E","$","T","E","?","?","R","?","R","BOSS","BOSS"],"build_version":"2018-11-15","purchased_purges":3,"victory":true,"max_hp_per_floor":[66,66,66,66,66,66,66,66,66,66,66,66,66,66,66,66,66,66,66,66,66,66,66,66,66,66,66,66,66,66,66,66,66,66,66,66,66,66,66,66,66,66,66,66,66,66,66,66,66,66,66],"card_choices":[{"not_picked":["Outmaneuver","Heel Hook"],"picked":"Flying Knee","floor":1},{"not_picked":["Dodge and Roll","Slice"],"picked":"Terror","floor":3},{"not_picked":["Dodge and Roll","Outmaneuver"],"picked":"Backflip","floor":5},{"not_picked":["Reflex","All Out Attack"],"picked":"Quick Slash","floor":7},{"not_picked":["Calculated Gamble","Deflect"],"picked":"Noxious Fumes","floor":11},{"not_picked":["Finisher","Prepared"],"picked":"Choke","floor":14},{"not_picked":["Tools of the Trade","Unload"],"picked":"Doppelganger","floor":16},{"not_picked":["Accuracy","Catalyst"],"picked":"Backflip","floor":18},{"not_picked":["Dagger Spray","Prepared"],"picked":"Leg Sweep","floor":21},{"not_picked":["Backstab","Deflect","Sucker Punch"],"picked":"SKIP","floor":25},{"not_picked":["Blade Dance","Flying Knee+1","Poisoned Stab"],"picked":"SKIP","floor":27},{"not_picked":["Unload","Prepared"],"picked":"Catalyst+1","floor":28},{"not_picked":["Deflect","Flechettes"],"picked":"Underhanded Strike","floor":29},{"not_picked":["Underhanded Strike","Backflip"],"picked":"Dash","floor":30},{"not_picked":["Reflex","Quick Slash"],"picked":"Corpse Explosion","floor":31},{"not_picked":["Underhanded Strike","Dodge and Roll"],"picked":"Backflip","floor":32},{"not_picked":["Venomology","Envenom"],"picked":"Burst","floor":33},{"not_picked":["Dagger Throw","Dodge and Roll"],"picked":"Underhanded Strike+1","floor":35},{"not_picked":["Terror+1","Dagger Throw","Quick Slash"],"picked":"SKIP","floor":41},{"not_picked":["Dagger Spray","Poisoned Stab","Blade Dance+1"],"picked":"SKIP","floor":44},{"not_picked":["A Thousand Cuts","Concentrate+1"],"picked":"Dash+1","floor":45}],"player_experience":1786956,"relics_obtained":[{"floor":9,"key":"Blood Vial"},{"floor":14,"key":"Vajra"},{"floor":26,"key":"Dream Catcher"},{"floor":41,"key":"Bird Faced Urn"},{"floor":43,"key":"The Courier"},{"floor":44,"key":"Anchor"},{"floor":46,"key":"Ancient Tea Set"}],"event_choices":[{"cards_removed":["Strike_G"],"damage_healed":0,"gold_gain":0,"player_choice":"Card Removal","damage_taken":7,"max_hp_gain":0,"max_hp_loss":0,"event_name":"Golden Wing","floor":2,"gold_loss":0},{"damage_healed":0,"gold_gain":0,"player_choice":"Grow","damage_taken":0,"max_hp_gain":0,"max_hp_loss":0,"event_name":"Living Wall","floor":4,"gold_loss":0,"cards_upgraded":["Neutralize"]},{"damage_healed":22,"gold_gain":0,"player_choice":"Banana","damage_taken":0,"max_hp_gain":0,"max_hp_loss":0,"event_name":"Big Fish","floor":13,"gold_loss":0},{"cards_removed":["Strike_G"],"damage_healed":0,"gold_gain":0,"player_choice":"Purged","damage_taken":0,"max_hp_gain":0,"max_hp_loss":0,"event_name":"Purifier","floor":20,"gold_loss":0},{"damage_healed":0,"gold_gain":0,"player_choice":"Ignored","damage_taken":0,"max_hp_gain":0,"max_hp_loss":0,"event_name":"Ghosts","floor":22,"gold_loss":0},{"damage_healed":0,"gold_gain":0,"player_choice":"Got Potions","damage_taken":0,"max_hp_gain":0,"max_hp_loss":0,"event_name":"Lab","floor":24,"gold_loss":0},{"damage_healed":0,"gold_gain":999,"player_choice":"Gold","damage_taken":0,"max_hp_gain":0,"max_hp_loss":0,"event_name":"MindBloom","floor":36,"gold_loss":0,"cards_obtained":["Normality","Normality"]},{"damage_healed":0,"gold_gain":0,"player_choice":"Ignored","damage_taken":0,"max_hp_gain":0,"max_hp_loss":0,"event_name":"Mysterious Sphere","floor":37,"gold_loss":0},{"damage_healed":0,"gold_gain":0,"player_choice":"Memory 2","damage_taken":5,"max_hp_gain":0,"max_hp_loss":0,"event_name":"SensoryStone","floor":48,"gold_loss":0}],"is_beta":true,"boss_relics":[{"not_picked":["Runic Dome","Sozu"],"picked":"Snecko Eye"},{"not_picked":["Eternal Feather","Calling Bell"],"picked":"Lizard Tail"}],"items_purged_floors":[19,38,39],"is_endless":false,"potions_floor_spawned":[5,7,21,41,45],"ascension_level":20}