{"gold_per_floor":[112,112,131,147,166,191,201,212,212,212,236,247,247,146,146,247,247,267,267,285,285,298,298,311,411,411,411,429,85,85,85,85,188,188,202,212,212,224,224],"floor_reached":39,"playtime":2198,"items_purged":["Dualcast","Conserve Battery"],"score":510,"play_id":"b95907cb-99d4-4365-86bb-5f6dbeb37cdc","local_time":"20181114190343","is_ascension_mode":false,"campfire_choices":[{"floor":15,"key":"REST"},{"data":"Scrape","floor":23,"key":"SMITH"},{"data":"Hologram","floor":27,"key":"SMITH"},{"floor":30,"key":"REST"},{"data":"Bite","floor":32,"key":"SMITH"}],"neow_cost":"NONE","seed_source_timestamp":8949090656415,"circlet_count":0,"master_deck":["Defend_B","Defend_B","Defend_B","Zap+1","Gash","Steam Power+1","Beam Cell","All For One","Hologram+1","Gash","Beam Cell","Stack","Beam Cell+1","Bite","Bite","Bite+1","Bite","Bite","Scrape+1","Coolheaded","Hologram","Reprogram+1","All For One","Decay","Regret","Stack+1","Beam Cell","Fusion+1"],"relics":["NeowsBlessing","Darkstone Periapt","Pantograph","War Paint","Dodecahedron","Sozu","Nloth\u0027s Gift","Letter Opener","Ornamental Fan","Calling Bell","Boot","Toxic Egg 2","Bird Faced Urn"],"potions_floor_usage":[16,22,24,33],"damage_taken":[{"damage":0,"enemies":"Cultist","floor":1,"turns":1},{"damage":0,"enemies":"Small Slimes","floor":3,"turns":1},{"damage":0,"enemies":"Jaw Worm","floor":4,"turns":1},{"damage":12,"enemies":"Gremlin Gang","floor":5,"turns":4},{"damage":26,"enemies":"Lagavulin","floor":6,"turns":5},{"damage":0,"enemies":"Exordium Wildlife","floor":7,"turns":2},{"damage":18,"enemies":"Exordium Thugs","floor":8,"turns":5},{"damage":0,"enemies":"3 Louse","floor":12,"turns":1},{"damage":0,"enemies":"Slime Boss","floor":16,"turns":4},{"damage":0,"enemies":"Chosen","floor":18,"turns":3},{"damage":5,"enemies":"Spheric Guardian","floor":20,"turns":3},{"damage":13,"enemies":"Cultist and Chosen","floor":22,"turns":4},{"damage":22,"enemies":"Snecko","floor":24,"turns":5},{"damage":18,"enemies":"Snake Plant","floor":28,"turns":3},{"damage":53,"enemies":"Champ","floor":33,"turns":10},{"damage":34,"enemies":"Orb Walker","floor":35,"turns":4},{"damage":0,"enemies":"3 Shapes","floor":36,"turns":3},{"damage":36,"enemies":"Spire Growth","floor":38,"turns":5},{"damage":29,"enemies":"2 Orb Walkers","floor":39,"turns":2}],"seed_played":"3182817653393517255","potions_obtained":[{"floor":3,"key":"Weak Potion"},{"floor":7,"key":"EntropicBrew"},{"floor":8,"key":"AttackPotion"},{"floor":16,"key":"SkillPotion"}],"is_trial":false,"path_per_floor":["M","?","M","M","M","E","M","M","T","?","T","M","T","$","R","B",null,"M","?","M","?","M","R","M","?","T","R","M","$","R","$","R","B",null,"M","M","?","M","?"],"character_chosen":"DEFECT","items_purchased":["Stack","Ornamental Fan"],"campfire_rested":2,"item_purchase_floors":[14,29],"current_hp_per_floor":[75,75,75,75,63,37,37,19,19,24,24,24,24,24,48,73,80,80,56,51,51,48,48,30,30,30,30,16,16,32,32,32,12,74,48,56,56,24,0],"gold":224,"neow_bonus":"THREE_ENEMY_KILL","is_prod":false,"is_daily":false,"chose_seed":false,"campfire_upgraded":3,"win_rate":0.0,"timestamp":1542240223,"path_taken":["M","?","M","M","M","E","M","?","T","?","?","?","?","?","R","BOSS","M","?","M","?","?","R","M","?","T","R","M","$","R","?","R","BOSS","M","?","?","?","?"],"build_version":"2018-11-08","purchased_purges":2,"victory":false,"max_hp_per_floor":[75,75,75,75,75,75,75,75,75,80,80,80,80,80,80,80,80,80,56,56,56,56,56,56,56,56,56,56,56,56,56,56,56,74,74,74,74,74,74],"card_choices":[{"not_picked":["Compile Driver","Coolheaded"],"picked":"Gash","floor":1},{"not_picked":["Loop","Hologram"],"picked":"Steam Power","floor":3},{"not_picked":["Go for the Eyes","Cold Snap"],"picked":"Beam Cell","floor":4},{"not_picked":["Barrage","Auto Shields"],"picked":"Conserve Battery","floor":5},{"not_picked":["Go for the Eyes","Hologram"],"picked":"All For One","floor":6},{"not_picked":["Barrage","Streamline"],"picked":"Hologram","floor":7},{"not_picked":["Cold Snap","Fission"],"picked":"Gash","floor":8},{"not_picked":["Sweeping Beam","Hologram"],"picked":"Beam Cell","floor":12},{"not_picked":["Force Field","Go for the Eyes+1"],"picked":"Beam Cell+1","floor":18},{"not_picked":["Beam Cell","Hello World"],"picked":"Scrape","floor":20},{"not_picked":["Turbo","Stack"],"picked":"Coolheaded","floor":22},{"not_picked":["Chill+1","Static Discharge"],"picked":"Hologram","floor":24},{"not_picked":["Rip and Tear","Cold Snap+1"],"picked":"Reprogram+1","floor":28},{"not_picked":["Machine Learning","Buffer"],"picked":"All For One","floor":33},{"not_picked":["Heatsinks+1","Sweeping Beam"],"picked":"Stack+1","floor":35},{"not_picked":["Double Energy+1","Cold Snap"],"picked":"Beam Cell","floor":36},{"not_picked":["Biased Cognition","Stack+1"],"picked":"Fusion+1","floor":38}],"player_experience":86495,"relics_obtained":[{"floor":6,"key":"Darkstone Periapt"},{"floor":9,"key":"Pantograph"},{"floor":11,"key":"War Paint"},{"floor":13,"key":"Dodecahedron"},{"floor":26,"key":"Letter Opener"},{"floor":34,"key":"Boot"},{"floor":34,"key":"Toxic Egg 2"},{"floor":34,"key":"Bird Faced Urn"}],"event_choices":[{"cards_removed":["Defend_B"],"damage_healed":0,"gold_gain":0,"player_choice":"Purged","damage_taken":0,"max_hp_gain":0,"max_hp_loss":0,"event_name":"Purifier","floor":2,"gold_loss":0},{"damage_healed":0,"gold_gain":0,"player_choice":"Donut","damage_taken":0,"max_hp_gain":5,"max_hp_loss":0,"event_name":"Big Fish","floor":10,"gold_loss":0},{"damage_healed":0,"gold_gain":0,"player_choice":"Became a vampire","damage_taken":0,"max_hp_gain":0,"max_hp_loss":24,"event_name":"Vampires","floor":19,"gold_loss":0,"cards_obtained":["Bite","Bite","Bite","Bite","Bite"]},{"damage_healed":0,"gold_gain":0,"player_choice":"Traded Relic","damage_taken":0,"relics_obtained":["Nloth\u0027s Gift"],"max_hp_gain":0,"max_hp_loss":0,"event_name":"N\u0027loth","floor":21,"relics_lost":["Cracked Core"],"gold_loss":0},{"damage_healed":0,"gold_gain":100,"player_choice":"Pray","damage_taken":0,"max_hp_gain":0,"max_hp_loss":0,"event_name":"Golden Shrine","floor":25,"gold_loss":0},{"cards_removed":["Pain"],"damage_healed":0,"gold_gain":0,"player_choice":"Purged","damage_taken":0,"max_hp_gain":0,"max_hp_loss":0,"event_name":"Purifier","floor":37,"gold_loss":0},{"damage_healed":0,"gold_gain":0,"player_choice":"Fight","damage_taken":0,"max_hp_gain":0,"max_hp_loss":0,"event_name":"Mysterious Sphere","floor":39,"gold_loss":0}],"is_beta":false,"boss_relics":[{"not_picked":["Astrolabe","Ectoplasm"],"picked":"Sozu"},{"not_picked":["Nuclear Battery","Tiny House"],"picked":"Calling Bell"}],"items_purged_floors":[14,29],"is_endless":false,"potions_floor_spawned":[3,7,8,16,20,22,36,38],"killed_by":"2 Orb Walkers","ascension_level":0}