{"gold_per_floor":[112,131,131,206,131,131,158,58,88,88,88,104,104,53,53,151,151,169,189,113,133,148,148,148,167,217,243,243,254,254,271,271,369,369,379,431,154,173,185,185,196,196,196,196,46,58,58,68,68,68],"floor_reached":50,"playtime":2823,"items_purged":["Strike_B","Strike_B","Scrape+1","Defend_B"],"score":512,"play_id":"ffca94d7-8d33-4ad5-a3e4-7ee1b596fdc7","local_time":"20180713155344","is_ascension_mode":false,"campfire_choices":[{"data":"Defragment","floor":6,"key":"SMITH"},{"data":"Consume","floor":11,"key":"SMITH"},{"data":"Zap","floor":13,"key":"SMITH"},{"data":"Dualcast","floor":15,"key":"SMITH"},{"data":"Capacitor","floor":28,"key":"SMITH"},{"floor":30,"key":"REST"},{"data":"Biased Cognition","floor":32,"key":"SMITH"},{"floor":42,"key":"REST"},{"data":"Thunder Strike","floor":44,"key":"SMITH"},{"data":"Redo","floor":47,"key":"SMITH"},{"floor":49,"key":"REST"}],"neow_cost":"NONE","seed_source_timestamp":5546791634469,"circlet_count":0,"master_deck":["Zap+1","Dualcast+1","Defragment+1","Consume+1","Coolheaded","Ball Lightning","Redo+1","Ball Lightning","Biased Cognition+1","Beam Cell","Stack+1","Capacitor+1","FTL","Ball Lightning+1","FTL","Machine Learning","Conserve Battery","Turbo","Electrodynamics","Reboot+1","Static Discharge+1","Barrage","Ball Lightning+1","Thunder Strike+1","Stack","Aggregate+1","Rebound","Cold Snap+1","Echo Form","Capacitor"],"relics":["FrozenCore","Bag of Preparation","Tiny Chest","Vajra","Nloth\u0027s Gift","Boot","Symbiotic Virus","Astrolabe","Turnip","Singing Bowl"],"potions_floor_usage":[27,33,36,41,50,50],"damage_taken":[{"damage":0,"enemies":"2 Louse","floor":1,"turns":2},{"damage":0,"enemies":"Cultist","floor":2,"turns":1},{"damage":0,"enemies":"Gremlin Nob","floor":7,"turns":1},{"damage":7,"enemies":"Small Slimes","floor":12,"turns":3},{"damage":13,"enemies":"Hexaghost","floor":16,"turns":7},{"damage":0,"enemies":"Spheric Guardian","floor":18,"turns":3},{"damage":5,"enemies":"3 Byrds","floor":19,"turns":3},{"damage":2,"enemies":"Snecko","floor":21,"turns":4},{"damage":0,"enemies":"Cultist and Chosen","floor":22,"turns":6},{"damage":18,"enemies":"Centurion and Healer","floor":25,"turns":5},{"damage":20,"enemies":"Slavers","floor":27,"turns":7},{"damage":15,"enemies":"Snecko","floor":29,"turns":4},{"damage":0,"enemies":"3 Cultists","floor":31,"turns":4},{"damage":32,"enemies":"Automaton","floor":33,"turns":9},{"damage":8,"enemies":"Flame Bruiser 1 Orb","floor":35,"turns":4},{"damage":3,"floor":36,"turns":3},{"damage":25,"enemies":"3 Darklings","floor":38,"turns":3},{"damage":15,"enemies":"Maw","floor":39,"turns":6},{"damage":4,"enemies":"4 Shapes","floor":41,"turns":3},{"damage":5,"enemies":"3 Darklings","floor":46,"turns":4},{"damage":0,"enemies":"Transient","floor":48,"turns":5},{"damage":66,"enemies":"Donu and Deca","floor":50,"turns":5}],"seed_played":"4691355686575983594","potions_obtained":[{"floor":1,"key":"SkillPotion"},{"floor":16,"key":"FearPotion"},{"floor":22,"key":"Fire Potion"},{"floor":27,"key":"Swift Potion"},{"floor":29,"key":"PowerPotion"},{"floor":33,"key":"Dexterity Potion"},{"floor":38,"key":"Dexterity Potion"},{"floor":41,"key":"EssenceOfSteel"},{"floor":46,"key":"Fire Potion"}],"is_trial":false,"path_per_floor":["M","M","?","?","$","R","E","$","T","T","R","M","R","$","R","B",null,"M","M","$","M","M","?","?","M","T","E","R","M","R","M","R","B",null,"M","?","$","M","M","?","M","R","T","R","$","M","R","M","R"],"character_chosen":"DEFECT","items_purchased":["Ball Lightning","Capacitor","Thunder Strike"],"campfire_rested":3,"item_purchase_floors":[14,20,37],"current_hp_per_floor":[75,75,75,64,64,64,64,64,64,64,64,57,57,57,57,44,75,75,70,70,68,68,68,68,50,50,30,30,15,37,37,37,5,75,67,64,64,39,24,24,20,42,42,42,42,37,37,37,59,0],"gold":68,"neow_bonus":"THREE_ENEMY_KILL","is_prod":false,"is_daily":false,"chose_seed":false,"campfire_upgraded":8,"win_rate":0,"timestamp":1531464824,"path_taken":["M","M","?","?","$","R","E","$","T","?","R","M","R","?","R","BOSS","M","?","$","M","M","?","?","M","T","E","R","M","R","M","R","BOSS","M","?","$","M","M","?","M","R","T","R","?","M","R","M","R","BOSS"],"build_version":"2018-07-12","purchased_purges":4,"victory":false,"max_hp_per_floor":[75,75,75,75,75,75,75,75,75,75,75,75,75,75,75,75,75,75,75,75,75,75,75,75,75,75,75,75,75,75,75,75,75,75,75,75,75,75,75,75,75,75,75,75,75,75,75,75,75,75],"card_choices":[{"not_picked":["Capacitor","Hologram"],"picked":"Defragment","floor":1},{"not_picked":["Recycle","Aggregate"],"picked":"Consume","floor":2},{"not_picked":["Aggregate","Beam Cell"],"picked":"Ball Lightning","floor":7},{"not_picked":["Cold Snap","Stack"],"picked":"Redo","floor":12},{"not_picked":["Multi-Cast","Hyperbeam"],"picked":"Biased Cognition","floor":16},{"not_picked":["Barrage","Streamline"],"picked":"Beam Cell","floor":18},{"not_picked":["Streamline","Steam"],"picked":"Stack+1","floor":19},{"not_picked":["Streamline","Static Discharge"],"picked":"FTL","floor":21},{"not_picked":["Glacier","Conserve Battery"],"picked":"Ball Lightning+1","floor":22},{"not_picked":["Ball Lightning","Aggregate"],"picked":"FTL","floor":25},{"not_picked":["Cold Snap+1","Undo+1"],"picked":"Machine Learning","floor":27},{"not_picked":["Steam+1","Coolheaded"],"picked":"Conserve Battery","floor":29},{"not_picked":["Gash","Sweeping Beam"],"picked":"Turbo","floor":31},{"not_picked":["Buffer","Thunder Strike"],"picked":"Electrodynamics","floor":33},{"not_picked":["Turbo","Cold Snap+1"],"picked":"Barrage","floor":35},{"not_picked":["Go for the Eyes+1","Hyperbeam"],"picked":"Ball Lightning+1","floor":36},{"not_picked":["Barrage+1","Coolheaded"],"picked":"Stack","floor":38},{"not_picked":["Gash+1","Rebound"],"picked":"Aggregate+1","floor":39},{"not_picked":["Recycle","Blizzard+1"],"picked":"Cold Snap+1","floor":41},{"not_picked":["Undo+1","Gash+1"],"picked":"Echo Form","floor":46},{"not_picked":["Redo+1","Skim"],"picked":"Capacitor","floor":48}],"player_experience":276486,"relics_obtained":[{"floor":7,"key":"Bag of Preparation"},{"floor":9,"key":"Tiny Chest"},{"floor":10,"key":"Vajra"},{"floor":26,"key":"Boot"},{"floor":27,"key":"Symbiotic Virus"},{"floor":36,"key":"Turnip"},{"floor":43,"key":"Singing Bowl"}],"event_choices":[{"event_name":"Transmorgrifier","player_choice":"Transform","floor":3,"damage_taken":0},{"event_name":"World of Goop","player_choice":"Gather Gold","floor":4,"damage_taken":0},{"event_name":"Ghosts","player_choice":"Ignored","floor":23,"damage_taken":0},{"event_name":"N\u0027loth","player_choice":"Traded a NeowsBlessing","floor":24,"damage_taken":0},{"event_name":"Mysterious Sphere","player_choice":"Fight","floor":36,"damage_taken":0},{"event_name":"Transmorgrifier","player_choice":"Transform","floor":40,"damage_taken":0}],"boss_relics":[{"not_picked":["Busted Crown","White Beast Statue"],"picked":"FrozenCore"},{"not_picked":["Snecko Eye","Tiny House"],"picked":"Astrolabe"}],"items_purged_floors":[5,8,37,45],"is_endless":false,"potions_floor_spawned":[1,16,22,27,29,33,38,41,46],"killed_by":"Donu and Deca","ascension_level":0}