{"gold_per_floor":[114,114,44,344,359,389,389,419,419,419,449,449,74,89,89,189,189,204,219,234,9,24,24,39,54,129,129,10,10,25,25,25,25],"floor_reached":33,"playtime":1846,"items_purged":["Bloodletting"],"score":315,"play_id":"48598dde-e426-4abc-8c03-977b02c19d6d","local_time":"20181021112534","daily_mods":["Draft","Red Cards","Elite Swarm"],"is_ascension_mode":false,"campfire_choices":[{"data":"Cleave","floor":7,"key":"SMITH"},{"floor":10,"key":"REST"},{"floor":15,"key":"REST"},{"data":"1","floor":23,"key":"LIFT"},{"floor":29,"key":"REST"},{"floor":32,"key":"REST"}],"neow_cost":"","seed_source_timestamp":0,"circlet_count":0,"master_deck":["Dagger Throw","True Grit","Underhanded Strike","Dagger Throw","Flame Barrier+1","Pommel Strike","Dodge and Roll","Poisoned Stab","Cloak And Dagger","Thunderclap+1","Quick Slash+1","Cleave+1","Flying Knee","Backflip","Disarm","Anger","Offering","Flying Knee","Malaise","Armaments","Flying Knee","Outmaneuver","Setup+1","Tactician","Immolate","Backflip","Tactician","Poisoned Stab","Warcry"],"special_seed":17825,"relics":["Ring of the Snake","Old Coin","Dream Catcher","Peace Pipe","Paper Crane","Girya","Whetstone","Orichalcum","White Beast Statue","Boot","Dodecahedron"],"potions_floor_usage":[8,16,16,16,24,24,24,30,33,33],"damage_taken":[{"damage":0,"enemies":"2 Louse","floor":1,"turns":1},{"damage":0,"enemies":"Cultist","floor":5,"turns":3},{"damage":17,"enemies":"Gremlin Nob","floor":6,"turns":4},{"damage":16,"enemies":"Lagavulin","floor":8,"turns":5},{"damage":17,"enemies":"Gremlin Nob","floor":11,"turns":4},{"damage":0,"enemies":"Jaw Worm","floor":14,"turns":2},{"damage":6,"enemies":"Hexaghost","floor":16,"turns":8},{"damage":15,"enemies":"Shell Parasite","floor":18,"turns":5},{"damage":9,"enemies":"2 Thieves","floor":19,"turns":3},{"damage":0,"enemies":"Snake Plant","floor":20,"turns":5},{"damage":1,"enemies":"Snecko","floor":22,"turns":5},{"damage":19,"enemies":"3 Cultists","floor":24,"turns":5},{"damage":13,"enemies":"Chosen and Byrds","floor":25,"turns":6},{"damage":10,"enemies":"Cultist and Chosen","floor":30,"turns":4},{"damage":66,"enemies":"Collector","floor":33,"turns":8}],"seed_played":"-5153985604349914774","potions_obtained":[{"floor":5,"key":"Ancient Potion"},{"floor":8,"key":"GhostInAJar"},{"floor":11,"key":"LiquidBronze"},{"floor":18,"key":"Weak Potion"},{"floor":19,"key":"SkillPotion"},{"floor":20,"key":"GamblersBrew"},{"floor":22,"key":"Regen Potion"},{"floor":24,"key":"Ancient Potion"},{"floor":25,"key":"Energy Potion"},{"floor":30,"key":"Fruit Juice"}],"is_trial":false,"path_per_floor":["M","?","$","T","M","E","R","E","T","R","E","?","$","M","R","B",null,"M","M","M","$","M","R","M","M","T","?","$","R","M","?","R"],"character_chosen":"THE_SILENT","items_purchased":["Bloodletting","Whetstone","Orichalcum","EssenceOfSteel","Boot","Immolate","Backflip"],"campfire_rested":4,"item_purchase_floors":[3,13,13,13,21,28,28],"current_hp_per_floor":[70,70,70,70,70,53,53,37,37,58,41,41,41,41,62,56,70,55,46,46,46,45,45,40,27,27,27,27,48,43,43,65,0],"gold":25,"neow_bonus":"","is_prod":false,"is_daily":true,"chose_seed":false,"campfire_upgraded":1,"win_rate":0,"timestamp":1540135534,"path_taken":["M","?","$","?","M","E","R","E","T","R","E","?","$","M","R","BOSS","M","M","M","$","M","R","M","M","T","?","$","R","M","?","R","BOSS"],"build_version":"2018-10-18","purchased_purges":1,"victory":false,"max_hp_per_floor":[70,70,70,70,70,70,70,70,70,70,70,70,70,70,70,70,70,70,70,70,70,70,70,70,70,70,70,70,70,75,75,75,75],"card_choices":[{"not_picked":["Flex","Riddle With Holes"],"picked":"Dagger Throw","floor":0},{"not_picked":["Deadly Poison","Anger"],"picked":"True Grit","floor":0},{"not_picked":["PiercingWail","Rampage"],"picked":"Underhanded Strike","floor":0},{"not_picked":["Cloak And Dagger","Rage"],"picked":"Dagger Throw","floor":0},{"not_picked":["Cleave","Underhanded Strike"],"picked":"Flame Barrier","floor":0},{"not_picked":["Burning Pact","Entrench"],"picked":"Pommel Strike","floor":0},{"not_picked":["Twin Strike","Entrench"],"picked":"Dodge and Roll","floor":0},{"not_picked":["Bouncing Flask","Flex"],"picked":"Distraction","floor":0},{"not_picked":["Backstab","Eviscerate"],"picked":"Poisoned Stab","floor":0},{"not_picked":["Dagger Throw","Well Laid Plans"],"picked":"Cloak And Dagger","floor":0},{"not_picked":["Wild Strike","Body Slam"],"picked":"Thunderclap","floor":0},{"not_picked":["Bane","Well Laid Plans"],"picked":"Quick Slash","floor":0},{"not_picked":["Shrug It Off","Perfected Strike"],"picked":"Cleave","floor":0},{"not_picked":["Intimidate","Blade Dance"],"picked":"Flying Knee","floor":0},{"not_picked":["Pommel Strike","Outmaneuver"],"picked":"Backflip","floor":0},{"not_picked":["Expertise","Cloak And Dagger"],"picked":"Disarm","floor":1},{"not_picked":["Skewer","Reckless Charge"],"picked":"Anger","floor":5},{"not_picked":["Die Die Die","Double Tap"],"picked":"Offering","floor":6},{"not_picked":["Venomology","Berserk","Wraith Form v2"],"picked":"SKIP","floor":8},{"not_picked":["Warcry","Quick Slash"],"picked":"Flying Knee","floor":10},{"not_picked":["Storm of Steel","Immolate"],"picked":"Malaise","floor":11},{"not_picked":["Reckless Charge","Warcry"],"picked":"Armaments","floor":14},{"not_picked":["Night Terror","Envenom"],"picked":"Demon Form","floor":16},{"not_picked":["Catalyst","Bane"],"picked":"Flying Knee","floor":18},{"not_picked":["Calculated Gamble","Flex+1"],"picked":"Outmaneuver","floor":19},{"not_picked":["Clothesline","Sword Boomerang","Quick Slash"],"picked":"SKIP","floor":20},{"not_picked":["Poisoned Stab","Searing Blow"],"picked":"Setup+1","floor":22},{"not_picked":["Body Slam","Rupture"],"picked":"Tactician","floor":24},{"not_picked":["Expertise+1","Riddle With Holes","Deflect"],"picked":"SKIP","floor":25},{"not_picked":["Corruption","Whirlwind"],"picked":"Tactician","floor":29},{"not_picked":["Headbutt","Clothesline"],"picked":"Poisoned Stab","floor":30},{"not_picked":["Adrenaline","Wild Strike"],"picked":"Warcry","floor":32}],"player_experience":348957,"relics_obtained":[{"floor":4,"key":"Old Coin"},{"floor":6,"key":"Dream Catcher"},{"floor":8,"key":"Peace Pipe"},{"floor":9,"key":"Paper Crane"},{"floor":11,"key":"Girya"},{"floor":26,"key":"Dodecahedron"}],"event_choices":[{"cards_removed":["Distraction"],"damage_healed":0,"gold_gain":0,"player_choice":"Offered Uncommon","damage_taken":0,"max_hp_gain":0,"max_hp_loss":0,"event_name":"Bonfire Elementals","floor":2,"gold_loss":0},{"damage_healed":0,"gold_gain":0,"player_choice":"Grow","damage_taken":0,"max_hp_gain":0,"max_hp_loss":0,"event_name":"Living Wall","floor":12,"gold_loss":0,"cards_upgraded":["Flame Barrier"]},{"cards_removed":["Demon Form"],"damage_healed":0,"gold_gain":0,"player_choice":"Elegance","damage_taken":0,"max_hp_gain":0,"max_hp_loss":0,"event_name":"Back to Basics","floor":27,"gold_loss":0},{"damage_healed":0,"gold_gain":0,"player_choice":"Ignored","damage_taken":0,"max_hp_gain":0,"max_hp_loss":0,"event_name":"Beggar","floor":31,"gold_loss":0}],"is_beta":false,"boss_relics":[{"not_picked":["Snecko Eye","Coffee Dripper"],"picked":"White Beast Statue"}],"items_purged_floors":[21],"is_endless":false,"potions_floor_spawned":[5,8,11,18,19,20,22,24,25,30],"killed_by":"Collector","ascension_level":0}