{"gold_per_floor":[109,109,109,126,142,142,152,152,152,152,165,178,178,193,193,293,293,308,308,308,308,28,28,56,75,75,102,114,145,145,165,165,265,265,277,288,288,306,306,306,332,352,352,382,382,398,411,430,430,525,525,543,560,570,570,584,584,615,135,135,135,154,154,154,166,166,269,319,334,104,114,114,114,114,128,128,160,160,175,175],"floor_reached":80,"playtime":5084,"items_purged":["Static Discharge"],"score":1631,"play_id":"479ea3b3-1f2b-4fbd-8cda-04522da1d18a","local_time":"20180919171511","daily_mods":["Draft","Heirloom"],"is_ascension_mode":false,"campfire_choices":[{"data":"Hologram","floor":6,"key":"SMITH"},{"data":"Hologram","floor":8,"key":"SMITH"},{"data":"Hologram","floor":10,"key":"SMITH"},{"floor":15,"key":"REST"},{"data":"Loop","floor":23,"key":"SMITH"},{"data":"Seek","floor":30,"key":"SMITH"},{"data":"Double Energy","floor":32,"key":"SMITH"},{"data":"Hologram","floor":40,"key":"SMITH"},{"data":"Buffer","floor":45,"key":"SMITH"},{"data":"Double Energy","floor":49,"key":"SMITH"},{"data":"Echo Form","floor":57,"key":"SMITH"},{"data":"Double Energy","floor":61,"key":"SMITH"},{"data":"Echo Form","floor":64,"key":"SMITH"},{"data":"Genetic Algorithm","floor":66,"key":"SMITH"},{"data":"Gash","floor":74,"key":"SMITH"},{"data":"Loop","floor":76,"key":"SMITH"},{"data":"Capacitor","floor":78,"key":"SMITH"}],"neow_cost":"","seed_source_timestamp":49901521439360,"circlet_count":0,"master_deck":["Chill+1","Double Energy+1","Double Energy+1","Conserve Battery","Hologram+1","Hologram+1","Hologram+1","Ball Lightning","Steam","Steam","Hologram+1","Loop+1","Gash+1","Ball Lightning","Melter","Double Energy+1","Genetic Algorithm+1","Gash+1","White Noise+1","Rainbow+1","Consume+1","Self Repair","Stack+1","Self Repair","Loop+1","Seek+1","Echo Form+1","Force Field+1","Gash+1","Madness","Gash+1","Buffer+1","Gash+1","Echo Form+1","Gash","Apotheosis","Creative AI","Gash","Capacitor+1","Self Repair+1"],"relics":["FrozenCore","Ice Cream","Nunchaku","Darkstone Periapt","Black Star","MutagenicStrength","ClockworkSouvenir","Ancient Tea Set","Centennial Puzzle","Ornamental Fan","Singing Bowl","Pear","Omamori","Smiling Mask","Oddly Smooth Stone","Potion Belt","Question Card","Bottled Flame","Sundial","Philosopher\u0027s Stone","CultistMask","Incense Burner","Dodecahedron","Tiny House","DataDisk","Mango"],"potions_floor_usage":[27,80,80,80,80,80],"damage_taken":[{"damage":0,"enemies":"Small Slimes","floor":1,"turns":3},{"damage":0,"enemies":"2 Louse","floor":4,"turns":3},{"damage":8,"enemies":"Jaw Worm","floor":5,"turns":3},{"damage":5,"enemies":"Looter","floor":7,"turns":2},{"damage":14,"enemies":"Gremlin Gang","floor":11,"turns":3},{"damage":9,"enemies":"2 Fungi Beasts","floor":12,"turns":3},{"damage":0,"enemies":"Exordium Wildlife","floor":14,"turns":3},{"damage":12,"enemies":"The Guardian","floor":16,"turns":8},{"damage":11,"enemies":"Shell Parasite","floor":18,"turns":3},{"damage":18,"enemies":"Gremlin Leader","floor":24,"turns":6},{"damage":9,"enemies":"2 Thieves","floor":25,"turns":3},{"damage":10,"enemies":"Slavers","floor":27,"turns":6},{"damage":21,"enemies":"Chosen and Byrds","floor":28,"turns":6},{"damage":19,"enemies":"Book of Stabbing","floor":29,"turns":4},{"damage":0,"enemies":"Sentry and Sphere","floor":31,"turns":5},{"damage":0,"enemies":"Automaton","floor":33,"turns":9},{"damage":10,"enemies":"3 Darklings","floor":35,"turns":5},{"damage":2,"enemies":"3 Shapes","floor":36,"turns":3},{"damage":22,"enemies":"Reptomancer","floor":38,"turns":6},{"damage":24,"enemies":"Giant Head","floor":41,"turns":7},{"damage":12,"enemies":"Transient","floor":42,"turns":5},{"damage":27,"enemies":"Nemesis","floor":44,"turns":8},{"damage":0,"enemies":"Maw","floor":46,"turns":8},{"damage":2,"enemies":"3 Darklings","floor":47,"turns":5},{"damage":0,"enemies":"Sphere and 2 Shapes","floor":48,"turns":5},{"damage":15,"enemies":"Awakened One","floor":50,"turns":10},{"damage":4,"enemies":"2 Louse","floor":52,"turns":2},{"damage":6,"enemies":"Jaw Worm","floor":53,"turns":3},{"damage":0,"enemies":"Cultist","floor":54,"turns":2},{"damage":6,"enemies":"Exordium Thugs","floor":56,"turns":5},{"damage":4,"enemies":"3 Sentries","floor":58,"turns":5},{"damage":3,"enemies":"Looter","floor":62,"turns":3},{"damage":19,"enemies":"3 Louse","floor":65,"turns":3},{"damage":7,"enemies":"The Guardian","floor":67,"turns":7},{"damage":20,"enemies":"Shell Parasite","floor":69,"turns":4},{"damage":0,"enemies":"2 Thieves","floor":71,"turns":5},{"damage":17,"enemies":"Shelled Parasite and Fungi","floor":75,"turns":5},{"damage":51,"enemies":"Slavers","floor":77,"turns":5},{"damage":36,"enemies":"Snake Plant","floor":79,"turns":4},{"damage":12,"enemies":"Colosseum Slavers","floor":80,"turns":5},{"damage":73,"enemies":"Colosseum Nobs","floor":80,"turns":4}],"seed_played":"4921287658289296034","potions_obtained":[{"floor":4,"key":"SpeedPotion"},{"floor":5,"key":"EntropicBrew"},{"floor":12,"key":"Block Potion"},{"floor":24,"key":"FocusPotion"},{"floor":28,"key":"SkillPotion"},{"floor":29,"key":"FocusPotion"},{"floor":38,"key":"FocusPotion"},{"floor":41,"key":"Block Potion"},{"floor":44,"key":"FearPotion"},{"floor":46,"key":"FocusPotion"}],"is_trial":true,"path_per_floor":["M","?","?","M","M","R","M","R","T","R","M","M","?","M","R","B",null,"M","?","?","?","$","R","E","M","T","E","M","E","R","M","R","B",null,"M","M","?","M","?","R","E","M","T","E","R","M","M","M","R","B",null,"M","M","M","?","M","R","E","$","T","R","M","?","R","M","R","B",null,"M","$","M","?","?","R","M","R","E","R","M"],"character_chosen":"DEFECT","items_purchased":["Self Repair","ClockworkSouvenir","Apotheosis","Incense Burner","DataDisk","Capacitor"],"campfire_rested":1,"item_purchase_floors":[22,22,59,59,70,70],"current_hp_per_floor":[75,75,57,57,49,49,44,44,44,44,30,21,6,6,28,16,75,64,64,64,64,64,64,53,51,51,58,51,39,39,55,55,69,87,77,75,75,62,62,62,68,70,70,71,71,85,93,95,95,94,95,95,97,99,99,101,101,103,103,103,103,105,105,105,98,98,107,114,101,101,103,103,117,117,119,119,75,75,58,0],"gold":175,"neow_bonus":"","is_prod":false,"is_daily":false,"chose_seed":false,"campfire_upgraded":16,"win_rate":0,"timestamp":1537344911,"path_taken":["M","?","?","M","M","R","M","R","T","R","M","M","?","M","R","BOSS","M","?","?","?","$","R","E","?","T","E","M","E","R","M","R","BOSS","M","M","?","M","?","R","E","M","T","E","R","M","?","M","R","BOSS","M","M","M","?","M","R","E","$","T","R","?","?","R","?","R","BOSS","M","$","M","?","?","R","?","R","E","R","M","?"],"build_version":"2018-09-18v2","purchased_purges":1,"victory":false,"max_hp_per_floor":[75,75,75,75,75,75,75,75,75,75,75,75,75,75,75,75,75,75,75,75,75,75,75,75,75,75,85,85,85,85,87,87,87,87,87,87,87,89,89,89,91,91,91,91,91,91,93,95,95,95,95,95,97,99,99,101,101,103,103,103,103,105,105,105,107,107,107,114,114,114,116,116,130,130,132,132,132,132,134,134],"card_choices":[{"not_picked":["Steam","Reinforced Body"],"picked":"Chill","floor":0},{"not_picked":["Steam Power","Redo"],"picked":"Double Energy","floor":0},{"not_picked":["Steam","Reprogram"],"picked":"Static Discharge","floor":0},{"not_picked":["Reprogram","Cold Snap"],"picked":"Double Energy","floor":0},{"not_picked":["Leap","Undo"],"picked":"Conserve Battery","floor":0},{"not_picked":["Stack","Redo"],"picked":"Hologram","floor":0},{"not_picked":["White Noise","BootSequence"],"picked":"Hologram","floor":0},{"not_picked":["Rip and Tear","Leap"],"picked":"Hologram","floor":0},{"not_picked":["Rebound","Consume"],"picked":"Ball Lightning","floor":0},{"not_picked":["Rebound","Heatsinks"],"picked":"Steam","floor":0},{"not_picked":["Barrage","Streamline"],"picked":"Static Discharge","floor":0},{"not_picked":["Turbo","Streamline"],"picked":"Steam","floor":0},{"not_picked":["Stack","Double Energy"],"picked":"Hologram","floor":0},{"not_picked":["Force Field","Sweeping Beam"],"picked":"Loop","floor":0},{"not_picked":["Defragment","Hologram"],"picked":"Gash","floor":0},{"not_picked":["Stack","Blizzard"],"picked":"Ball Lightning","floor":1},{"not_picked":["Cold Snap","Beam Cell"],"picked":"Melter","floor":4},{"not_picked":["Chill","Coolheaded"],"picked":"Double Energy","floor":5},{"not_picked":["Compile Driver","Hello World"],"picked":"Genetic Algorithm","floor":7},{"not_picked":["Barrage","Turbo","Rebound"],"picked":"SKIP","floor":11},{"not_picked":["Coolheaded","Compile Driver"],"picked":"Gash","floor":12},{"not_picked":["Streamline","Redo"],"picked":"White Noise","floor":14},{"not_picked":["Amplify","Multi-Cast"],"picked":"Rainbow","floor":16},{"not_picked":["Conserve Battery","Tempest"],"picked":"Consume+1","floor":18},{"not_picked":["Consume","Hello World","BootSequence"],"picked":"SKIP","floor":24},{"not_picked":["Steam","Turbo+1"],"picked":"Stack+1","floor":25},{"not_picked":["Turbo","Sweeping Beam"],"picked":"Self Repair","floor":27},{"not_picked":["Cold Snap","Steam"],"picked":"Loop","floor":28},{"not_picked":["Barrage","Doom and Gloom"],"picked":"Seek","floor":29},{"not_picked":["Coolheaded","Cold Snap+1","Streamline+1"],"picked":"Singing Bowl","floor":31},{"not_picked":["Amplify","Fission"],"picked":"Echo Form","floor":33},{"not_picked":["Ball Lightning","Reprogram+1"],"picked":"Force Field+1","floor":35},{"not_picked":["Skim+1","Streamline"],"picked":"Gash+1","floor":36},{"not_picked":["Fusion+1","Glacier","Static Discharge+1"],"picked":"Singing Bowl","floor":38},{"not_picked":["Enlightenment","Dramatic Entrance"],"picked":"Madness","floor":39},{"not_picked":["Turbo","Self Repair","Leap+1"],"picked":"Singing Bowl","floor":41},{"not_picked":["Go for the Eyes","Cold Snap+1"],"picked":"Gash+1","floor":42},{"not_picked":["Redo+1","Cold Snap+1","Undo"],"picked":"Buffer","floor":44},{"not_picked":["Cold Snap+1","Stack","Melter+1"],"picked":"Gash+1","floor":46},{"not_picked":["Chill+1","Turbo","Storm","Redo"],"picked":"Singing Bowl","floor":47},{"not_picked":["Ball Lightning","BootSequence","Compile Driver+1","Go for the Eyes"],"picked":"Singing Bowl","floor":48},{"not_picked":["Reboot","Biased Cognition","Machine Learning"],"picked":"Echo Form","floor":50},{"not_picked":["Hello World","Hologram","Chill"],"picked":"Gash","floor":52},{"not_picked":["Barrage","Sweeping Beam","Self Repair","Blizzard"],"picked":"Singing Bowl","floor":53},{"not_picked":["Barrage","Stack","Streamline","Recycle"],"picked":"Singing Bowl","floor":54},{"not_picked":["Cold Snap","Stack","Coolheaded","Compile Driver"],"picked":"Singing Bowl","floor":56},{"not_picked":["Hyperbeam","Beam Cell","Streamline","Sweeping Beam"],"picked":"Singing Bowl","floor":58},{"not_picked":["Compile Driver","Chaos","Lockon","Steam"],"picked":"Singing Bowl","floor":62},{"not_picked":["Rebound","Static Discharge","Hologram","Storm"],"picked":"Singing Bowl","floor":65},{"not_picked":["Biased Cognition","Core Surge","Hyperbeam"],"picked":"Creative AI","floor":67},{"not_picked":["Reinforced Body","Rip and Tear","Turbo","Compile Driver"],"picked":"Singing Bowl","floor":68},{"not_picked":["Ball Lightning","Stack+1","Defragment"],"picked":"Gash","floor":69},{"not_picked":["Consume","Melter+1","Stack+1","Beam Cell"],"picked":"Singing Bowl","floor":71},{"not_picked":["Hologram+1","Static Discharge","Turbo","Go for the Eyes+1"],"picked":"Singing Bowl","floor":75},{"not_picked":["Hello World+1","Conserve Battery","Compile Driver+1"],"picked":"Self Repair+1","floor":77},{"not_picked":["Streamline","Turbo","Static Discharge+1","Chill+1"],"picked":"Singing Bowl","floor":79}],"player_experience":438447,"relics_obtained":[{"floor":9,"key":"Darkstone Periapt"},{"floor":24,"key":"Ancient Tea Set"},{"floor":24,"key":"Centennial Puzzle"},{"floor":26,"key":"Ornamental Fan"},{"floor":27,"key":"Singing Bowl"},{"floor":27,"key":"Pear"},{"floor":29,"key":"Omamori"},{"floor":29,"key":"Smiling Mask"},{"floor":41,"key":"Oddly Smooth Stone"},{"floor":41,"key":"Potion Belt"},{"floor":43,"key":"Question Card"},{"floor":44,"key":"Bottled Flame"},{"floor":44,"key":"Sundial"},{"floor":60,"key":"Dodecahedron"}],"event_choices":[{"event_name":"The Cleric","player_choice":"Leave","floor":2,"damage_taken":0},{"event_name":"Scrap Ooze","player_choice":"success","floor":3,"damage_taken":18},{"event_name":"Shining Light","player_choice":"Entered Light","floor":13,"damage_taken":0},{"event_name":"Vampires","player_choice":"Ignored","floor":19,"damage_taken":0},{"event_name":"Upgrade Shrine","player_choice":"Upgraded","floor":20,"damage_taken":0},{"event_name":"Drug Dealer","player_choice":"Inject Mutagens","floor":21,"damage_taken":0},{"event_name":"Tomb of Lord Red Mask","player_choice":"Ignored","floor":37,"damage_taken":0},{"event_name":"SensoryStone","player_choice":"Memory 1","floor":39,"damage_taken":0},{"event_name":"FaceTrader","player_choice":"Trade","floor":55,"damage_taken":0},{"event_name":"Bonfire Elementals","player_choice":"UNCOMMON","floor":63,"damage_taken":0},{"event_name":"Ghosts","player_choice":"Ignored","floor":72,"damage_taken":0},{"event_name":"The Mausoleum","player_choice":"Yes","floor":73,"damage_taken":0},{"event_name":"Colosseum","player_choice":"Fight","floor":80,"damage_taken":0},{"event_name":"Colosseum","player_choice":"Fought Nobs","floor":80,"damage_taken":0}],"is_beta":true,"boss_relics":[{"not_picked":["Orrery","Calling Bell"],"picked":"Black Star"},{"not_picked":["Tiny House","White Beast Statue"],"picked":"FrozenCore"},{"not_picked":["Sozu","Astrolabe"],"picked":"Philosopher\u0027s Stone"},{"not_picked":["Runic Dome","Pandora\u0027s Box"],"picked":"Tiny House"}],"items_purged_floors":[70],"is_endless":true,"potions_floor_spawned":[4,5,12,14,16,24,25,28,29,38,41,44,46,50,52,53,67,77],"killed_by":"Colosseum Nobs","ascension_level":0}