{"path_per_floor":["M","$","?","?","M","E","M","M","T","R","?","M","?","E","R","B",null,"M","M","M","M"],"character_chosen":"IRONCLAD","items_purchased":["Rampage"],"gold_per_floor":[116,44,44,219,234,274,290,313,313,313,313,332,282,316,316,442,442,442,442,442,442,442],"floor_reached":22,"campfire_rested":0,"playtime":1580,"current_hp_per_floor":[80,80,60,60,66,72,76,75,75,75,75,80,80,68,68,66,80,71,71,23,24,0],"items_purged":[],"gold":442,"score":223,"play_id":"3b967173-88d4-44a5-ad5c-a14e61b6762f","local_time":"20180328155612","is_prod":false,"is_daily":false,"is_ascension_mode":false,"campfire_upgraded":2,"timestamp":1522266972,"path_taken":["M","?","?","?","M","E","M","M","T","R","?","?","?","E","R","BOSS","M","M","M","?","M"],"build_version":"2018-03-22v2","purchased_purges":0,"victory":false,"master_deck":["Strike_R","Strike_R","Strike_R","Strike_R","Strike_R","Defend_R","Defend_R","Defend_R","Defend_R","Bash","Iron Wave+1","Rampage+1","Blood for Blood","Flex+1","Rage","Warcry","Evolve","Spot Weakness","Juggernaut","Flex+1","Twin Strike","Twin Strike"],"max_hp_per_floor":[80,80,80,80,80,80,80,80,80,80,80,80,80,80,80,80,80,80,80,80,80,80],"relics":["Burning Blood","NeowsBlessing","Golden Idol","Thread and Needle","Gremlin Horn","Bottled Flame","Ectoplasm"],"card_choices":[{"not_picked":["Twin Strike","Wild Strike"],"picked":"Iron Wave","floor":1},{"not_picked":["Sentinel","Clothesline"],"picked":"Blood for Blood","floor":5},{"not_picked":["Rupture","Thunderclap"],"picked":"Flex","floor":6},{"not_picked":["Warcry","Bloodletting"],"picked":"Rage","floor":7},{"not_picked":["Immolate","Burning Pact"],"picked":"Warcry","floor":8},{"not_picked":["Perfected Strike","Headbutt"],"picked":"Evolve","floor":12},{"not_picked":["Sever Soul","Warcry"],"picked":"Spot Weakness","floor":14},{"not_picked":["Dark Embrace","Reaper"],"picked":"Juggernaut","floor":16},{"not_picked":["Clothesline","Clash"],"picked":"Flex","floor":18},{"not_picked":["Body Slam","Corruption"],"picked":"Twin Strike","floor":19},{"not_picked":["Warcry","Entrench"],"picked":"Twin Strike","floor":20}],"player_experience":42706,"potions_floor_usage":[16,16,16,21,22],"damage_taken":[{"damage":0,"enemies":"Cultist","floor":1,"turns":1},{"damage":0,"enemies":"Jaw Worm","floor":5,"turns":1},{"damage":0,"enemies":"3 Sentries","floor":6,"turns":2},{"damage":2,"enemies":"Small Slimes","floor":7,"turns":4},{"damage":7,"enemies":"Blue Slaver","floor":8,"turns":3},{"damage":0,"enemies":"Exordium Wildlife","floor":12,"turns":3},{"damage":18,"enemies":"Lagavulin","floor":14,"turns":7},{"damage":23,"enemies":"Slime Boss","floor":16,"turns":10},{"damage":15,"enemies":"Spheric Guardian","floor":18,"turns":4},{"damage":6,"enemies":"3 Byrds","floor":19,"turns":5},{"damage":54,"enemies":"Snake Plant","floor":20,"turns":6},{"damage":5,"enemies":"Centurion and Healer","floor":21,"turns":6},{"damage":25,"enemies":"Slaver and Parasite","floor":22,"turns":2}],"event_choices":[{"event_name":"Golden Idol","player_choice":"Take Damage","floor":3,"damage_taken":0},{"event_name":"Liars Game","player_choice":"agreed","floor":4,"damage_taken":0},{"event_name":"Living Wall","player_choice":"Grow","floor":11,"damage_taken":0},{"event_name":"The Cleric","player_choice":"Card Removal","floor":13,"damage_taken":0}],"boss_relics":[{"not_picked":["Runic Pyramid","Astrolabe"],"picked":"Ectoplasm"}],"potions_floor_spawned":[7,8,12,20,21],"seed_played":"-1760200484715722483","killed_by":"Slaver and Parasite","ascension_level":0,"is_trial":false}