{"gold_per_floor":[118,134,67,79,79,109,29,29,29,44,54,65,65,94,94,94],"floor_reached":16,"playtime":2255,"items_purged":[],"score":112,"play_id":"fa600c27-fd83-4e28-8014-60df23cdb7a1","local_time":"20190109202144","is_ascension_mode":false,"campfire_choices":[{"floor":8,"key":"REST"},{"floor":13,"key":"REST"},{"floor":15,"key":"REST"}],"neow_cost":"NONE","seed_source_timestamp":40425049174114,"circlet_count":0,"master_deck":["Strike_B","Strike_B","Strike_B","Strike_B","Defend_B","Defend_B","Defend_B","Defend_B","Zap","Dualcast","Rainbow","Defragment","Hologram","Loop","Genetic Algorithm","BootSequence","Coolheaded","Creative AI"],"relics":["Cracked Core","Pen Nib","Ornamental Fan","Smiling Mask"],"potions_floor_usage":[12,16],"damage_taken":[{"damage":2,"enemies":"Small Slimes","floor":1,"turns":3},{"damage":1,"enemies":"Cultist","floor":2,"turns":4},{"damage":7,"enemies":"2 Louse","floor":4,"turns":3},{"damage":35,"enemies":"3 Sentries","floor":6,"turns":8},{"damage":16,"enemies":"Gremlin Gang","floor":10,"turns":5},{"damage":13,"enemies":"Blue Slaver","floor":11,"turns":4},{"damage":21,"enemies":"Exordium Wildlife","floor":12,"turns":5},{"damage":20,"enemies":"Lagavulin","floor":14,"turns":7},{"damage":55,"enemies":"The Guardian","floor":16,"turns":10}],"seed_played":"-8014465940098665114","potions_obtained":[{"floor":10,"key":"PowerPotion"},{"floor":11,"key":"Regen Potion"},{"floor":14,"key":"Swift Potion"}],"is_trial":false,"path_per_floor":["M","M","$","M","?","E","$","R","T","M","M","M","R","E","R","B"],"character_chosen":"DEFECT","items_purchased":["Defragment","Loop"],"campfire_rested":3,"item_purchase_floors":[3,7],"current_hp_per_floor":[80,79,79,72,72,37,37,61,61,45,32,25,49,29,53,0],"gold":94,"neow_bonus":"TEN_PERCENT_HP_BONUS","is_prod":false,"is_daily":false,"chose_seed":false,"campfire_upgraded":0,"win_rate":0,"timestamp":1547083304,"path_taken":["M","M","$","M","?","E","?","R","T","M","M","M","R","E","R","BOSS"],"build_version":"2019-01-03v4","purchased_purges":0,"victory":false,"max_hp_per_floor":[82,82,82,82,82,82,82,82,82,82,82,82,82,82,82,82],"card_choices":[{"not_picked":["Hologram","Gash"],"picked":"Streamline","floor":1},{"not_picked":["Turbo","Streamline"],"picked":"Rainbow","floor":2},{"not_picked":["Stack","Blizzard"],"picked":"Hologram","floor":4},{"not_picked":["Force Field","Sweeping Beam","Consume"],"picked":"SKIP","floor":6},{"not_picked":["Beam Cell","Streamline"],"picked":"Genetic Algorithm","floor":10},{"not_picked":["Scrape","Barrage"],"picked":"BootSequence","floor":11},{"not_picked":["Sweeping Beam","Streamline"],"picked":"Coolheaded","floor":12},{"not_picked":["Rip and Tear","Rebound"],"picked":"Creative AI","floor":14}],"player_experience":57223,"relics_obtained":[{"floor":6,"key":"Pen Nib"},{"floor":9,"key":"Ornamental Fan"},{"floor":14,"key":"Smiling Mask"}],"event_choices":[{"cards_removed":["Streamline"],"damage_healed":0,"gold_gain":0,"player_choice":"Purged","damage_taken":0,"max_hp_gain":0,"max_hp_loss":0,"event_name":"Purifier","floor":5,"gold_loss":0}],"is_beta":false,"boss_relics":[],"items_purged_floors":[],"is_endless":false,"potions_floor_spawned":[10,11,14],"killed_by":"The Guardian","ascension_level":0}