{"gold_per_floor":[118,43,43,59,74,74,109,109,109,109,34,45,45,59,59,162,162,179,179,278,0,0],"floor_reached":22,"playtime":1086,"items_purged":["Strike_B"],"score":316,"play_id":"878f9770-53e3-4637-b416-8d1b5e4333c2","local_time":"20181106223640","is_ascension_mode":true,"campfire_choices":[{"data":"Zap","floor":6,"key":"SMITH"},{"data":"Barrage","floor":8,"key":"SMITH"},{"floor":13,"key":"REST"},{"data":"Coolheaded","floor":15,"key":"SMITH"}],"neow_cost":"NONE","seed_source_timestamp":265639211973276,"circlet_count":0,"master_deck":["AscendersBane","Strike_B","Strike_B","Strike_B","Defend_B","Defend_B","Defend_B","Defend_B","Zap+1","Dualcast","Barrage+1","Coolheaded+1","Decay","Storm","Cold Snap","Machine Learning","Coolheaded","Conserve Battery","Conserve Battery","Stack","Electrodynamics","Conserve Battery"],"relics":["Cracked Core","Pear","Dream Catcher","Inserter"],"potions_floor_usage":[5],"damage_taken":[{"damage":1,"enemies":"Cultist","floor":1,"turns":3},{"damage":2,"enemies":"Small Slimes","floor":4,"turns":3},{"damage":5,"enemies":"2 Louse","floor":5,"turns":2},{"damage":31,"enemies":"3 Sentries","floor":7,"turns":13},{"damage":15,"enemies":"Looter","floor":12,"turns":3},{"damage":2,"enemies":"3 Louse","floor":14,"turns":3},{"damage":53,"enemies":"Hexaghost","floor":16,"turns":16},{"damage":34,"enemies":"2 Thieves","floor":18,"turns":4},{"damage":32,"enemies":"Colosseum Slavers","floor":19,"turns":5},{"damage":7,"enemies":"3 Byrds","floor":22,"turns":2}],"seed_played":"8069365328316623390","potions_obtained":[{"floor":5,"key":"Fruit Juice"},{"floor":12,"key":"Strength Potion"},{"floor":16,"key":"Explosive Potion"}],"is_trial":false,"path_per_floor":["M","$","?","M","M","R","E","R","T","?","$","M","R","M","R","B",null,"M","?","?","?","M"],"character_chosen":"DEFECT","items_purchased":["Coolheaded","Conserve Battery"],"campfire_rested":1,"item_purchase_floors":[11,11],"current_hp_per_floor":[67,67,67,65,65,65,44,44,44,44,44,29,56,54,54,1,68,34,2,2,2,0],"gold":0,"neow_bonus":"THREE_CARDS","is_prod":false,"is_daily":false,"chose_seed":false,"campfire_upgraded":3,"win_rate":0,"timestamp":1541511400,"path_taken":["M","$","?","?","M","R","E","R","T","?","?","M","R","M","R","BOSS","M","?","?","?","M"],"build_version":"2018-11-01","purchased_purges":1,"victory":false,"max_hp_per_floor":[75,75,75,75,80,80,90,90,90,90,90,90,90,90,90,90,90,90,90,90,90,90],"card_choices":[{"not_picked":["Stack","Rebound"],"picked":"Barrage","floor":0},{"not_picked":["Sweeping Beam","Streamline"],"picked":"Coolheaded","floor":1},{"not_picked":["Undo","Barrage"],"picked":"Storm","floor":4},{"not_picked":["Beam Cell","Rebound"],"picked":"Cold Snap","floor":5},{"not_picked":["Streamline","Lockon"],"picked":"Machine Learning","floor":7},{"not_picked":["Hello World","Beam Cell"],"picked":"Conserve Battery","floor":12},{"not_picked":["Chaos","Hologram"],"picked":"Stack","floor":13},{"not_picked":["Compile Driver","Steam Power","Heatsinks"],"picked":"SKIP","floor":14},{"not_picked":["Rainbow","Reboot"],"picked":"Electrodynamics","floor":16},{"not_picked":["Go for the Eyes+1","Chill"],"picked":"Conserve Battery","floor":18}],"player_experience":556848,"relics_obtained":[{"floor":7,"key":"Pear"},{"floor":9,"key":"Dream Catcher"}],"event_choices":[{"damage_healed":0,"gold_gain":0,"player_choice":"Cursed","damage_taken":0,"max_hp_gain":0,"max_hp_loss":0,"event_name":"Wheel of Change","floor":3,"gold_loss":0,"cards_obtained":["Decay"]},{"damage_healed":0,"gold_gain":0,"player_choice":"0 cards matched","damage_taken":0,"max_hp_gain":0,"max_hp_loss":0,"event_name":"Match and Keep!","floor":10,"gold_loss":0,"cards_obtained":[]},{"damage_healed":0,"gold_gain":0,"player_choice":"Fight","damage_taken":0,"max_hp_gain":0,"max_hp_loss":0,"event_name":"Colosseum","floor":19,"gold_loss":0},{"damage_healed":0,"gold_gain":0,"player_choice":"Fled From Nobs","damage_taken":0,"max_hp_gain":0,"max_hp_loss":0,"event_name":"Colosseum","floor":19,"gold_loss":0},{"damage_healed":0,"gold_gain":99,"player_choice":"Stole From Cult","damage_taken":0,"max_hp_gain":0,"max_hp_loss":0,"event_name":"Nest","floor":20,"gold_loss":0},{"damage_healed":0,"gold_gain":0,"player_choice":"Paid Fearfully","damage_taken":0,"max_hp_gain":0,"max_hp_loss":0,"event_name":"Masked Bandits","floor":21,"gold_loss":278}],"is_beta":false,"boss_relics":[{"not_picked":["FrozenCore","Eternal Feather"],"picked":"Inserter"}],"items_purged_floors":[2],"is_endless":false,"potions_floor_spawned":[5,12,16,19],"killed_by":"3 Byrds","ascension_level":12}