{"gold_per_floor":[111,125,136,153,165,165,199,199,224,224,241,255,275,295,295,295],"floor_reached":16,"playtime":5021,"items_purged":[],"score":108,"play_id":"085dbda6-7a68-4355-85cd-66b40894d23f","local_time":"20190129172206","is_ascension_mode":false,"campfire_choices":[{"floor":6,"key":"REST"},{"floor":8,"key":"REST"},{"floor":10,"key":"REST"},{"floor":15,"key":"REST"}],"neow_cost":"NONE","seed_source_timestamp":1784567098010054,"circlet_count":0,"master_deck":["Strike_R","Strike_R","Strike_R","Strike_R","Strike_R","Defend_R","Defend_R","Defend_R","Defend_R","Bash+1","Seeing Red","Heavy Blade","Flex","Flex","Heavy Blade"],"relics":["Burning Blood","Calipers","Red Skull"],"potions_floor_usage":[16,16,16],"damage_taken":[{"damage":1,"enemies":"Cultist","floor":1,"turns":3},{"damage":5,"enemies":"Jaw Worm","floor":2,"turns":4},{"damage":10,"enemies":"Small Slimes","floor":3,"turns":4},{"damage":14,"enemies":"Exordium Thugs","floor":4,"turns":5},{"damage":25,"enemies":"3 Louse","floor":5,"turns":4},{"damage":57,"enemies":"Lagavulin","floor":7,"turns":7},{"damage":8,"enemies":"Red Slaver","floor":11,"turns":4},{"damage":10,"enemies":"Looter","floor":12,"turns":2},{"damage":13,"enemies":"Exordium Wildlife","floor":13,"turns":4},{"damage":6,"enemies":"3 Louse","floor":14,"turns":6},{"damage":83,"enemies":"Hexaghost","floor":16,"turns":11}],"seed_played":"-3735334407510563812","potions_obtained":[{"floor":5,"key":"EssenceOfSteel"},{"floor":7,"key":"LiquidBronze"},{"floor":11,"key":"GamblersBrew"},{"floor":13,"key":"Strength Potion"},{"floor":14,"key":"SteroidPotion"}],"is_trial":false,"path_per_floor":["M","M","M","M","M","R","E","R","T","R","M","M","M","M","R","B"],"character_chosen":"IRONCLAD","items_purchased":[],"campfire_rested":4,"item_purchase_floors":[],"current_hp_per_floor":[80,80,76,68,49,73,22,46,46,70,68,64,57,57,80,0],"gold":295,"neow_bonus":"UPGRADE_CARD","is_prod":false,"is_daily":false,"chose_seed":false,"campfire_upgraded":0,"win_rate":0.0,"timestamp":1548818526,"path_taken":["M","M","M","M","?","R","E","R","T","R","M","M","M","M","R","BOSS"],"build_version":"2019-01-23","purchased_purges":0,"victory":false,"max_hp_per_floor":[80,80,80,80,80,80,80,80,80,80,80,80,80,80,80,80],"card_choices":[{"not_picked":["Sword Boomerang","Perfected Strike","Power Through"],"picked":"SKIP","floor":1},{"not_picked":["Headbutt","Metallicize","Clothesline"],"picked":"SKIP","floor":2},{"not_picked":["Rage","Havoc","Iron Wave"],"picked":"SKIP","floor":3},{"not_picked":["Twin Strike","Clothesline"],"picked":"Seeing Red","floor":4},{"not_picked":["Sword Boomerang","Thunderclap"],"picked":"Heavy Blade","floor":5},{"not_picked":["Burning Pact","Impervious","True Grit"],"picked":"SKIP","floor":7},{"not_picked":["Cleave","Rupture"],"picked":"Flex","floor":11},{"not_picked":["Clothesline","Thunderclap"],"picked":"Flex","floor":12},{"not_picked":["Perfected Strike","Intimidate","Searing Blow"],"picked":"SKIP","floor":13},{"not_picked":["Searing Blow","Headbutt"],"picked":"Heavy Blade","floor":14}],"player_experience":37866,"relics_obtained":[{"floor":7,"key":"Calipers"},{"floor":9,"key":"Red Skull"}],"event_choices":[],"is_beta":false,"boss_relics":[],"items_purged_floors":[],"is_endless":false,"potions_floor_spawned":[5,7,11,13,14],"killed_by":"Hexaghost","ascension_level":0}