{"path_per_floor":["M","?","M","?","M","E","R","M","T","R","T","?","R","E","R"],"character_chosen":"THE_SILENT","items_purchased":[],"gold_per_floor":[109,109,129,129,145,213,213,238,262,262,262,262,262,293,293,293],"floor_reached":16,"campfire_rested":3,"playtime":1016,"item_purchase_floors":[],"current_hp_per_floor":[70,53,53,53,53,5,26,21,21,42,42,42,42,28,64,0],"items_purged":[],"gold":293,"score":108,"play_id":"025c3669-2771-4d03-9d18-0b3407750880","local_time":"20180602235136","is_prod":false,"is_daily":false,"chose_seed":false,"is_ascension_mode":false,"campfire_upgraded":1,"win_rate":0,"timestamp":1527997896,"campfire_choices":[{"floor":7,"key":"REST"},{"floor":10,"key":"REST"},{"data":"Cloak And Dagger","floor":13,"key":"SMITH"},{"floor":15,"key":"REST"}],"path_taken":["M","?","M","?","?","E","R","M","T","R","?","?","R","E","R","BOSS"],"build_version":"2018-05-31","seed_source_timestamp":444400017175705,"purchased_purges":0,"victory":false,"master_deck":["Defend_G","Defend_G","Defend_G","Defend_G","Strike_G","Strike_G","Strike_G","Strike_G","Strike_G","Survivor","Neutralize","Concentrate","Dodge and Roll","Concentrate","Blade Dance","Underhanded Strike","Cloak And Dagger+1","Normality","Adrenaline"],"max_hp_per_floor":[70,70,70,70,70,70,70,70,70,70,70,70,70,70,70,70],"relics":["Ring of the Snake","NeowsBlessing","Golden Idol","Tiny Chest","Lantern","Pantograph","Orichalcum","Regal Pillow"],"card_choices":[{"not_picked":["Sucker Punch","Backflip"],"picked":"Concentrate","floor":1},{"not_picked":["Flying Knee","Reflex"],"picked":"Dodge and Roll","floor":3},{"not_picked":["Quick Slash","Dagger Spray"],"picked":"Blade Dance","floor":5},{"not_picked":["Endless Agony","Bane"],"picked":"Underhanded Strike","floor":6},{"not_picked":["Prepared","Escape Plan"],"picked":"Cloak And Dagger","floor":8},{"not_picked":["Backflip","Acrobatics"],"picked":"Adrenaline","floor":14}],"player_experience":99524,"potions_floor_usage":[6,14,16],"damage_taken":[{"damage":0,"enemies":"2 Louse","floor":1,"turns":1},{"damage":0,"enemies":"Small Slimes","floor":3,"turns":1},{"damage":0,"enemies":"Jaw Worm","floor":5,"turns":1},{"damage":48,"enemies":"Lagavulin","floor":6,"turns":9},{"damage":5,"enemies":"Large Slime","floor":8,"turns":8},{"damage":14,"enemies":"3 Sentries","floor":14,"turns":8},{"damage":70,"enemies":"Slime Boss","floor":16,"turns":13}],"relics_obtained":[{"floor":6,"key":"Tiny Chest"},{"floor":9,"key":"Lantern"},{"floor":11,"key":"Pantograph"},{"floor":14,"key":"Regal Pillow"}],"event_choices":[{"event_name":"Golden Idol","player_choice":"Take Damage","floor":2,"damage_taken":0},{"event_name":"Living Wall","player_choice":"Change","floor":4,"damage_taken":0},{"event_name":"Accursed Blacksmith","player_choice":"Rummage","floor":12,"damage_taken":0}],"boss_relics":[],"items_purged_floors":[],"potions_floor_spawned":[3,6,8],"seed_played":"7953051371228663668","killed_by":"Slime Boss","ascension_level":0,"potions_obtained":[{"floor":3,"key":"AttackPotion"},{"floor":6,"key":"Weak Potion"},{"floor":8,"key":"Explosive Potion"}],"is_trial":false}