{"path_per_floor":["M","$","M","?","M","R","M","E","T","?","?","R","M","M","R","B",null,"M","M","?","T","M","R"],"character_chosen":"IRONCLAD","items_purchased":["Ancient Potion","Explosive Potion"],"gold_per_floor":[113,16,29,29,46,46,60,86,86,86,51,51,65,79,79,174,174,184,199,199,199,214,214,214],"floor_reached":24,"campfire_rested":2,"playtime":2000,"current_hp_per_floor":[80,80,80,68,71,71,70,39,39,39,59,59,57,59,84,20,86,62,49,32,32,29,73,0],"items_purged":[],"gold":214,"score":223,"play_id":"85c3a21e-e8b8-46c6-9724-a3162bd68704","local_time":"20180412112545","is_prod":false,"is_daily":false,"is_ascension_mode":false,"campfire_upgraded":1,"timestamp":1523499945,"path_taken":["M","$","M","?","M","R","M","E","T","?","?","R","M","M","R","BOSS","M","?","?","?","?","R","M"],"build_version":"2018-04-05v2","purchased_purges":0,"victory":false,"master_deck":["Strike_R","Strike_R","Strike_R","Strike_R","Strike_R","Defend_R","Defend_R","Defend_R","Bash","Cleave+1","Flex","Iron Wave","Feed","Feel No Pain","Cleave","Cleave","Demon Form","Writhe","Injury","Parasite","Twin Strike","Clothesline+1","Headbutt"],"max_hp_per_floor":[80,80,80,80,80,80,80,80,80,80,80,80,83,86,86,86,86,86,89,94,94,97,97,100],"relics":["Burning Blood","Shuriken","Orichalcum","Peace Pipe","Calling Bell","Sundial","Gambling Chip","Regal Pillow","Centennial Puzzle"],"card_choices":[{"not_picked":["Headbutt","Infernal Blade"],"picked":"Cleave","floor":1},{"not_picked":["True Grit","Clothesline"],"picked":"Flex","floor":3},{"not_picked":["Sword Boomerang","Pummel"],"picked":"Iron Wave","floor":5},{"not_picked":["Shrug It Off","Dropkick"],"picked":"Feed","floor":7},{"not_picked":["Disarm","Infernal Blade"],"picked":"Feel No Pain","floor":8},{"not_picked":["Whirlwind","Shockwave"],"picked":"Cleave","floor":13},{"not_picked":["True Grit","Twin Strike"],"picked":"Cleave","floor":14},{"not_picked":["Impervious","Brutality"],"picked":"Demon Form","floor":16},{"not_picked":["Dual Wield","Sword Boomerang"],"picked":"Twin Strike","floor":18},{"not_picked":["Corruption","True Grit"],"picked":"Clothesline","floor":19},{"not_picked":["Uppercut","Clash"],"picked":"Headbutt","floor":22}],"player_experience":0,"potions_floor_usage":[3,3,24],"damage_taken":[{"damage":0,"enemies":"Small Slimes","floor":1,"turns":3},{"damage":6,"enemies":"Jaw Worm","floor":3,"turns":3},{"damage":3,"enemies":"2 Louse","floor":5,"turns":3},{"damage":7,"enemies":"Exordium Wildlife","floor":7,"turns":4},{"damage":37,"enemies":"Gremlin Nob","floor":8,"turns":5},{"damage":11,"enemies":"Exordium Thugs","floor":13,"turns":4},{"damage":7,"enemies":"2 Fungi Beasts","floor":14,"turns":3},{"damage":70,"enemies":"The Guardian","floor":16,"turns":12},{"damage":30,"enemies":"Chosen","floor":18,"turns":5},{"damage":22,"enemies":"Spheric Guardian","floor":19,"turns":5},{"damage":12,"enemies":"Centurion and Healer","floor":22,"turns":10},{"damage":77,"enemies":"Slaver and Parasite","floor":24,"turns":7}],"event_choices":[{"event_name":"Scrap Ooze","player_choice":"success","floor":4,"damage_taken":12},{"event_name":"The Woman in Blue","player_choice":"Bought 0 Potions","floor":10,"damage_taken":0},{"event_name":"The Cleric","player_choice":"Healed","floor":11,"damage_taken":0},{"event_name":"Forgotten Altar","player_choice":"Shed Blood","floor":20,"damage_taken":0}],"boss_relics":[{"not_picked":["Philosopher\u0027s Stone","Black Blood"],"picked":"Calling Bell"}],"potions_floor_spawned":[3,5,8,13,14,19,22],"seed_played":"-3615504959903434634","killed_by":"Slaver and Parasite","ascension_level":0,"is_trial":false}