{"gold_per_floor":[116,128,128,128,128,169,188,188,188,204,204,224,10,10,10,138,138,153,53,53,53,71,71,84,9,35,62,87,99,111,141,153,260,272,299,328,340,365,394,406,433,463,500,512,544,574,586,598,610,622,634,646,28,28],"floor_reached":54,"playtime":2483,"items_purged":["Injury","Strike_B","Defend_B"],"score":643,"play_id":"c83fcdb2-80a5-42cb-b7ec-be6e478e9711","local_time":"20181116231827","is_ascension_mode":false,"campfire_choices":[{"floor":8,"key":"RECALL"},{"data":"Fusion","floor":11,"key":"SMITH"},{"floor":15,"key":"REST"},{"floor":23,"key":"REST"},{"floor":32,"key":"REST"},{"floor":40,"key":"REST"},{"data":"Buffer","floor":44,"key":"SMITH"},{"data":"Consume","floor":47,"key":"SMITH"},{"data":"Biased Cognition","floor":49,"key":"SMITH"},{"data":"Core Surge","floor":52,"key":"SMITH"}],"neow_cost":"NONE","seed_source_timestamp":93608113391979,"circlet_count":0,"master_deck":["Strike_B+1","Strike_B+1","Defend_B","Defend_B","Defend_B","Zap","Dualcast","Sweeping Beam","Go for the Eyes","Fusion+1","Chaos","Double Energy","Capacitor","Biased Cognition+1","Core Surge+1","Cold Snap+1","Cold Snap","Go for the Eyes","Barrage+1","Defragment+1","White Noise","Capacitor","Buffer+1","Cold Snap","Madness","Madness","Conserve Battery","Parasite","Consume+1","Coolheaded","Stack+1","Madness","FTL","Panacea"],"relics":["Cracked Core","NeowsBlessing","Shuriken","Bloody Idol","Kunai","Inserter","MawBank","Nilry\u0027s Codex","Eternal Feather","Bag of Preparation","Bottled Lightning"],"potions_floor_usage":[12,42,50,54],"damage_taken":[{"damage":0,"enemies":"2 Louse","floor":1,"turns":1},{"damage":0,"enemies":"Jaw Worm","floor":2,"turns":1},{"damage":0,"enemies":"3 Sentries","floor":6,"turns":1},{"damage":0,"enemies":"Small Slimes","floor":7,"turns":2},{"damage":16,"enemies":"Exordium Wildlife","floor":10,"turns":5},{"damage":3,"enemies":"Red Slaver","floor":12,"turns":3},{"damage":25,"enemies":"Slime Boss","floor":16,"turns":7},{"damage":22,"enemies":"3 Byrds","floor":18,"turns":5},{"damage":20,"enemies":"Spheric Guardian","floor":22,"turns":4},{"damage":30,"enemies":"Snake Plant","floor":24,"turns":6},{"damage":13,"enemies":"Snecko","floor":27,"turns":6},{"damage":11,"enemies":"Shelled Parasite and Fungi","floor":28,"turns":5},{"damage":21,"enemies":"Centurion and Healer","floor":31,"turns":6},{"damage":24,"enemies":"Automaton","floor":33,"turns":12},{"damage":32,"enemies":"3 Darklings","floor":35,"turns":7},{"damage":13,"enemies":"Orb Walker","floor":36,"turns":6},{"damage":26,"enemies":"Sphere and 2 Shapes","floor":38,"turns":8},{"damage":22,"enemies":"Maw","floor":39,"turns":11},{"damage":38,"enemies":"Writhing Mass","floor":41,"turns":13},{"damage":3,"enemies":"4 Shapes","floor":42,"turns":6},{"damage":33,"enemies":"Spire Growth","floor":45,"turns":6},{"damage":0,"enemies":"Maw","floor":46,"turns":10},{"damage":56,"enemies":"Time Eater","floor":50,"turns":20},{"damage":89,"enemies":"Shield and Spear","floor":54,"turns":6}],"seed_played":"-7125108930060612510","potions_obtained":[{"floor":6,"key":"Poison Potion"},{"floor":12,"key":"FearPotion"},{"floor":22,"key":"Ancient Potion"},{"floor":36,"key":"SneckoOil"},{"floor":38,"key":"Weak Potion"},{"floor":41,"key":"Regen Potion"}],"is_trial":false,"path_per_floor":["M","M","?","?","?","E","M","R","T","M","R","M","$","$","R","B",null,"M","$","?","?","M","R","M","?","T","M","M","$","?","M","R","B",null,"M","M","?","M","M","R","M","M","T","R","M","M","R","?","R","B",null,"R","$","E"],"character_chosen":"DEFECT","items_purchased":["Biased Cognition","Bottled Lightning","FTL","PowerPotion","Dexterity Potion","Panacea"],"campfire_rested":4,"item_purchase_floors":[13,53,53,53,53,53],"current_hp_per_floor":[75,75,42,27,27,27,27,27,27,11,11,8,8,8,30,5,75,53,53,53,53,38,60,35,35,40,37,36,41,30,19,46,32,75,48,45,41,25,13,55,27,49,59,75,47,57,75,75,75,19,75,75,75,0],"gold":28,"neow_bonus":"THREE_ENEMY_KILL","is_prod":false,"is_daily":false,"chose_seed":false,"campfire_upgraded":5,"win_rate":0,"timestamp":1542377907,"path_taken":["M","M","?","?","?","E","?","R","T","M","R","M","?","$","R","BOSS","M","?","?","?","M","R","?","?","T","M","M","$","?","M","R","BOSS","M","M","?","M","M","R","M","M","T","R","M","M","R","?","R","BOSS","R","$","E"],"build_version":"2018-11-15","purchased_purges":3,"victory":false,"max_hp_per_floor":[75,75,75,75,75,75,75,75,75,75,75,75,75,75,75,75,75,75,75,75,75,75,75,75,75,75,75,75,75,75,75,75,75,75,75,75,75,75,75,75,75,75,75,75,75,75,75,75,75,75,75,75,75,75],"card_choices":[{"not_picked":["Gash","Redo"],"picked":"Sweeping Beam","floor":1},{"not_picked":["Skim","Coolheaded"],"picked":"Go for the Eyes","floor":2},{"not_picked":["Tempest","Leap"],"picked":"Fusion","floor":6},{"not_picked":["Recycle","Cold Snap"],"picked":"Chaos","floor":7},{"not_picked":["Streamline","Leap"],"picked":"Double Energy","floor":10},{"not_picked":["Stack","Redo"],"picked":"Capacitor","floor":12},{"not_picked":["Machine Learning","Meteor Strike"],"picked":"Core Surge","floor":16},{"not_picked":["Force Field","Ball Lightning"],"picked":"Cold Snap+1","floor":18},{"not_picked":["Static Discharge","Streamline+1"],"picked":"Go for the Eyes","floor":22},{"not_picked":["Tempest","Steam"],"picked":"Barrage+1","floor":24},{"not_picked":["Buffer","Ball Lightning"],"picked":"Defragment+1","floor":27},{"not_picked":["Beam Cell","Streamline+1"],"picked":"White Noise","floor":28},{"not_picked":["Cold Snap","Sunder"],"picked":"Capacitor","floor":31},{"not_picked":["Reboot","Multi-Cast"],"picked":"Buffer","floor":33},{"not_picked":["Gash","Coolheaded"],"picked":"Cold Snap","floor":35},{"not_picked":["Capacitor","Sunder+1","Rebound"],"picked":"SKIP","floor":36},{"not_picked":["Hologram+1","Recycle","Compile Driver"],"picked":"SKIP","floor":38},{"not_picked":["Static Discharge+1","Sweeping Beam"],"picked":"Conserve Battery","floor":39},{"not_picked":["Skim+1","Beam Cell"],"picked":"Consume","floor":41},{"not_picked":["Gash","Hologram","Fusion"],"picked":"SKIP","floor":42},{"not_picked":["Steam Power","Turbo"],"picked":"Coolheaded","floor":45},{"not_picked":["Reprogram+1","Hyperbeam"],"picked":"Stack+1","floor":46},{"not_picked":["Impatience","Forethought"],"picked":"Madness","floor":48}],"player_experience":584393,"relics_obtained":[{"floor":6,"key":"Kunai"},{"floor":26,"key":"MawBank"},{"floor":30,"key":"Nilry\u0027s Codex"},{"floor":43,"key":"Bag of Preparation"}],"event_choices":[{"damage_healed":0,"gold_gain":0,"player_choice":"Success","damage_taken":33,"relics_obtained":["Shuriken"],"max_hp_gain":0,"max_hp_loss":0,"event_name":"Scrap Ooze","floor":3,"gold_loss":0},{"damage_healed":0,"gold_gain":0,"player_choice":"Entered Light","damage_taken":15,"max_hp_gain":0,"max_hp_loss":0,"event_name":"Shining Light","floor":4,"gold_loss":0,"cards_upgraded":["Strike_B","Strike_B"]},{"damage_healed":0,"gold_gain":0,"player_choice":"Take Wound","damage_taken":0,"relics_obtained":["Golden Idol"],"max_hp_gain":0,"max_hp_loss":0,"event_name":"Golden Idol","floor":5,"gold_loss":0,"cards_obtained":["Injury"]},{"damage_healed":0,"gold_gain":0,"player_choice":"Read","damage_taken":0,"max_hp_gain":0,"max_hp_loss":0,"event_name":"The Library","floor":20,"gold_loss":0,"cards_obtained":["Cold Snap"]},{"damage_healed":0,"gold_gain":0,"player_choice":"Gave Idol","damage_taken":0,"relics_obtained":["Bloody Idol"],"max_hp_gain":0,"max_hp_loss":0,"event_name":"Forgotten Altar","floor":21,"relics_lost":["Golden Idol"],"gold_loss":0},{"cards_removed":["Strike_B"],"damage_healed":0,"gold_gain":0,"player_choice":"Gave Gold","damage_taken":0,"max_hp_gain":0,"max_hp_loss":0,"event_name":"Beggar","floor":25,"gold_loss":75},{"damage_healed":0,"gold_gain":0,"player_choice":"Obtained Book","damage_taken":16,"max_hp_gain":0,"max_hp_loss":0,"event_name":"Cursed Tome","floor":30,"gold_loss":0},{"damage_healed":0,"gold_gain":0,"player_choice":"Embrace Madness","damage_taken":9,"max_hp_gain":0,"max_hp_loss":0,"event_name":"Winding Halls","floor":37,"gold_loss":0,"cards_obtained":["Madness","Madness"]},{"damage_healed":0,"gold_gain":0,"player_choice":"Memory 1","damage_taken":0,"max_hp_gain":0,"max_hp_loss":0,"event_name":"SensoryStone","floor":48,"gold_loss":0}],"is_beta":false,"boss_relics":[{"not_picked":["Fusion Hammer","Busted Crown"],"picked":"Inserter"},{"not_picked":["Astrolabe","Runic Dome"],"picked":"Eternal Feather"}],"items_purged_floors":[13,19,53],"is_endless":false,"potions_floor_spawned":[6,12,22,36,38,39,41],"killed_by":"Shield and Spear","ascension_level":0}