{"gold_per_floor":[113,263,81,156,169,169,94,94,166,179,213,213,213,232,232,308,308,320,320,320,3,3,31,41,41,117,32,43,72,72,89,89,165,165,179,179,195,213,213,213,115,115,160,188,208,208,258,258,258,258,258],"floor_reached":51,"playtime":2443,"items_purged":["Doubt","Strike_G"],"score":1393,"play_id":"199d0e80-8da1-4815-b316-e00bc37dc6c3","local_time":"20190120221727","is_ascension_mode":true,"campfire_choices":[{"data":"Noxious Fumes","floor":6,"key":"SMITH"},{"data":"Neutralize","floor":8,"key":"SMITH"},{"floor":13,"key":"REST"},{"floor":15,"key":"REST"},{"floor":25,"key":"REST"},{"floor":32,"key":"REST"},{"data":"Well Laid Plans","floor":40,"key":"SMITH"},{"floor":42,"key":"REST"},{"data":"Blade Dance","floor":46,"key":"SMITH"},{"floor":49,"key":"REST"}],"neow_cost":"NONE","seed_source_timestamp":21507387119900,"circlet_count":0,"master_deck":["AscendersBane","Defend_G","Defend_G","Defend_G","Defend_G","Strike_G","Strike_G","Strike_G","Survivor","Neutralize+1","Flying Knee","Backflip","Noxious Fumes+1","Backstab","Backflip+1","Backflip","Adrenaline","Die Die Die","Dagger Spray","Poisoned Stab","Dodge and Roll","Crippling Poison+1","Infinite Blades","Dash","Backflip","Corpse Explosion","Dodge and Roll","Well Laid Plans+1","Cloak And Dagger","Discovery","Cloak And Dagger","Leg Sweep","Blade Dance+1"],"relics":["Lizard Tail","Question Card","PreservedInsect","Sozu","Enchiridion","Art of War","Bronze Scales","Kunai","Bag of Marbles","Lantern","MutagenicStrength","Philosopher\u0027s Stone","Potion Belt","Ninja Scroll","Oddly Smooth Stone"],"potions_floor_usage":[11,16,23],"damage_taken":[{"damage":1,"enemies":"Small Slimes","floor":1,"turns":4},{"damage":0,"enemies":"2 Louse","floor":5,"turns":3},{"damage":2,"enemies":"Jaw Worm","floor":10,"turns":4},{"damage":38,"enemies":"Gremlin Nob","floor":11,"turns":5},{"damage":10,"enemies":"2 Fungi Beasts","floor":14,"turns":7},{"damage":36,"enemies":"Hexaghost","floor":16,"turns":12},{"damage":8,"enemies":"3 Byrds","floor":18,"turns":6},{"damage":1,"enemies":"Gremlin Leader","floor":23,"turns":6},{"damage":7,"enemies":"Spheric Guardian","floor":24,"turns":5},{"damage":6,"enemies":"Chosen and Byrds","floor":28,"turns":4},{"damage":5,"enemies":"Book of Stabbing","floor":29,"turns":4},{"damage":1,"enemies":"Snecko","floor":31,"turns":6},{"damage":20,"enemies":"Collector","floor":33,"turns":9},{"damage":0,"enemies":"3 Shapes","floor":35,"turns":2},{"damage":9,"enemies":"Orb Walker","floor":37,"turns":2},{"damage":1,"enemies":"Sphere and 2 Shapes","floor":38,"turns":4},{"damage":10,"enemies":"Nemesis","floor":44,"turns":3},{"damage":0,"enemies":"Transient","floor":45,"turns":6},{"damage":22,"enemies":"Donu and Deca","floor":50,"turns":10},{"damage":54,"enemies":"Time Eater","floor":51,"turns":4}],"seed_played":"-5638612447915447608","potions_obtained":[{"floor":5,"key":"EssenceOfSteel"},{"floor":11,"key":"GhostInAJar"},{"floor":16,"key":"Strength Potion"}],"is_trial":false,"path_per_floor":["M","?","$","?","M","R","?","R","T","M","E","?","R","M","R","B",null,"M","?","?","$","?","E","M","R","T","?","M","E","?","M","R","B",null,"M","?","M","M","?","R","$","R","T","E","M","R","T","?","R","B","B"],"character_chosen":"THE_SILENT","items_purchased":["Backflip","Noxious Fumes","Poisoned Stab","Art of War","Cloak And Dagger","Leg Sweep"],"campfire_rested":6,"item_purchase_floors":[3,3,21,21,41,41],"current_hp_per_floor":[58,58,58,47,47,47,47,47,47,45,7,7,26,16,35,33,58,50,50,29,29,29,28,21,40,40,40,34,29,29,28,47,27,56,56,56,47,46,36,36,36,55,55,45,45,45,45,45,63,41,0],"gold":258,"neow_bonus":"BOSS_RELIC","is_prod":false,"is_daily":false,"chose_seed":false,"campfire_upgraded":4,"win_rate":0,"timestamp":1548040647,"path_taken":["M","?","$","?","M","R","?","R","T","M","E","?","R","M","R","BOSS","M","?","?","$","?","E","M","R","T","?","M","E","?","M","R","BOSS","M","?","M","M","?","R","?","R","T","E","M","R","?","?","R","BOSS","BOSS"],"build_version":"2019-01-16","purchased_purges":2,"victory":false,"max_hp_per_floor":[66,66,66,66,66,66,66,66,66,66,66,66,66,66,66,66,66,66,66,66,66,66,66,66,66,66,66,66,66,66,66,66,66,66,66,66,66,66,66,66,66,66,66,66,66,66,66,63,63,63,63],"card_choices":[{"not_picked":["Prepared","Quick Slash"],"picked":"Flying Knee","floor":1},{"not_picked":["Riddle With Holes","Outmaneuver"],"picked":"Backstab","floor":5},{"not_picked":["Backstab","Flying Knee","Escape Plan"],"picked":"Backflip","floor":10},{"not_picked":["Underhanded Strike","Caltrops","Deadly Poison"],"picked":"Backflip","floor":11},{"not_picked":["Crippling Poison","Infinite Blades","Leg Sweep"],"picked":"Adrenaline","floor":14},{"not_picked":["Unload","Storm of Steel","Glass Knife"],"picked":"Die Die Die","floor":16},{"not_picked":["Accuracy","Flying Knee","Quick Slash"],"picked":"Dagger Spray","floor":18},{"not_picked":["Quick Slash","Masterful Stab","Slice"],"picked":"Dodge and Roll","floor":23},{"not_picked":["Bane","Deflect","Dagger Spray+1"],"picked":"Crippling Poison+1","floor":24},{"not_picked":["Heel Hook","Blur","Noxious Fumes"],"picked":"Infinite Blades","floor":28},{"not_picked":["Heel Hook","Expertise","Riddle With Holes"],"picked":"Dash","floor":29},{"not_picked":["Envenom","Quick Slash+1","Endless Agony"],"picked":"Backflip","floor":31},{"not_picked":["Venomology","Die Die Die","Adrenaline"],"picked":"Corpse Explosion","floor":33},{"not_picked":["Noxious Fumes","Tactician","Riddle With Holes"],"picked":"Dodge and Roll","floor":35},{"not_picked":["Setup","Poisoned Stab+1","Outmaneuver"],"picked":"Well Laid Plans","floor":37},{"not_picked":["Choke","Dagger Spray","Prepared"],"picked":"Cloak And Dagger","floor":38},{"not_picked":["Trip","Metamorphosis","Panacea"],"picked":"Discovery","floor":39},{"not_picked":["Backstab+1","Flying Knee","Outmaneuver"],"picked":"Blade Dance","floor":44},{"not_picked":["All Out Attack","Dodge and Roll","Wraith Form v2","Sucker Punch"],"picked":"SKIP","floor":45}],"player_experience":1912688,"relics_obtained":[{"floor":9,"key":"Question Card"},{"floor":11,"key":"PreservedInsect"},{"floor":20,"key":"Enchiridion"},{"floor":23,"key":"Bronze Scales"},{"floor":26,"key":"Kunai"},{"floor":29,"key":"Lantern"},{"floor":43,"key":"Potion Belt"},{"floor":44,"key":"Ninja Scroll"},{"floor":47,"key":"Oddly Smooth Stone"}],"event_choices":[{"damage_healed":0,"gold_gain":150,"player_choice":"AGREE","damage_taken":0,"max_hp_gain":0,"max_hp_loss":0,"event_name":"Liars Game","floor":2,"gold_loss":0,"cards_obtained":["Doubt"]},{"damage_healed":0,"gold_gain":75,"player_choice":"Gather Gold","damage_taken":11,"max_hp_gain":0,"max_hp_loss":0,"event_name":"World of Goop","floor":4,"gold_loss":0},{"cards_removed":["Strike_G"],"damage_healed":0,"gold_gain":0,"player_choice":"Card Removal","damage_taken":0,"max_hp_gain":0,"max_hp_loss":0,"event_name":"The Cleric","floor":7,"gold_loss":75},{"damage_healed":0,"gold_gain":0,"player_choice":"Grow","damage_taken":0,"max_hp_gain":0,"max_hp_loss":0,"event_name":"Living Wall","floor":12,"gold_loss":0,"cards_upgraded":["Backflip"]},{"damage_healed":0,"gold_gain":0,"player_choice":"Ignored","damage_taken":0,"max_hp_gain":0,"max_hp_loss":0,"event_name":"Vampires","floor":19,"gold_loss":0},{"damage_healed":0,"gold_gain":0,"player_choice":"Obtained Book","damage_taken":21,"max_hp_gain":0,"max_hp_loss":0,"event_name":"Cursed Tome","floor":20,"gold_loss":0},{"damage_healed":0,"gold_gain":0,"player_choice":"Ignored","damage_taken":0,"max_hp_gain":0,"max_hp_loss":0,"event_name":"Beggar","floor":22,"gold_loss":0},{"damage_healed":0,"gold_gain":0,"player_choice":"Obtained Relic","damage_taken":0,"relics_obtained":["Bag of Marbles"],"max_hp_gain":0,"max_hp_loss":0,"event_name":"Addict","floor":27,"gold_loss":85},{"damage_healed":0,"gold_gain":0,"player_choice":"Inject Mutagens","damage_taken":0,"relics_obtained":["MutagenicStrength"],"max_hp_gain":0,"max_hp_loss":0,"event_name":"Drug Dealer","floor":30,"gold_loss":0},{"cards_removed":["Defend_G"],"damage_healed":0,"gold_gain":0,"player_choice":"Removed Skill","damage_taken":0,"max_hp_gain":0,"max_hp_loss":0,"event_name":"Falling","floor":36,"gold_loss":0},{"damage_healed":0,"gold_gain":0,"player_choice":"Memory 3","damage_taken":10,"max_hp_gain":0,"max_hp_loss":0,"event_name":"SensoryStone","floor":39,"gold_loss":0},{"damage_healed":0,"gold_gain":0,"player_choice":"Max HP","damage_taken":0,"max_hp_gain":0,"max_hp_loss":3,"event_name":"Winding Halls","floor":48,"gold_loss":0}],"is_beta":true,"boss_relics":[{"not_picked":["Velvet Choker","Cursed Key"],"picked":"Sozu"},{"not_picked":["Eternal Feather","Orrery"],"picked":"Philosopher\u0027s Stone"}],"items_purged_floors":[3,21],"is_endless":false,"potions_floor_spawned":[5,11,16,24,28,29,33,37,38,44,45],"killed_by":"Time Eater","ascension_level":20}