{"gold_per_floor":[114,189,189,202,53,87,98,131,180,180,191,191,207,226,226,323,323,323,293,7,7,7,7,7,7,7,7,7,7,7,7,7,7,7,7,7,7,7,7,7,7,7,7,7,7,7,7,7,7,7],"floor_reached":51,"playtime":4616,"items_purged":[],"score":650,"play_id":"33fd811a-19d0-49db-b6e3-bc7dd1c57195","local_time":"20190120222001","is_ascension_mode":false,"campfire_choices":[{"data":"Electrodynamics","floor":10,"key":"SMITH"},{"data":"Zap","floor":12,"key":"SMITH"},{"data":"Consume","floor":15,"key":"SMITH"},{"data":"Capacitor","floor":23,"key":"SMITH"},{"data":"Biased Cognition","floor":28,"key":"SMITH"},{"data":"Self Repair","floor":30,"key":"SMITH"},{"floor":32,"key":"REST"},{"data":"Seek","floor":40,"key":"SMITH"},{"data":"Mayhem","floor":46,"key":"SMITH"},{"data":"Seek","floor":49,"key":"SMITH"}],"neow_cost":"NONE","seed_source_timestamp":0,"circlet_count":0,"master_deck":["Zap+1","FTL","Electrodynamics+1","Coolheaded+1","Self Repair+1","Genetic Algorithm","Coolheaded","Consume+1","Rebound","Conserve Battery","Cold Snap","Reprogram","Biased Cognition+1","Go for the Eyes","Static Discharge+1","RitualDagger","Capacitor+1","Go for the Eyes+1","Ball Lightning+1","Auto Shields","Ball Lightning+1","Seek+1","Thunder Strike+1","Seek+1","Sunder+1","Streamline+1","Madness","Madness","Mayhem+1","Flash of Steel+1","Consume","Capacitor+1"],"special_seed":0,"relics":["Cracked Core","NeowsBlessing","Sundial","Smiling Mask","War Paint","Ectoplasm","Pocketwatch","Molten Egg 2","Boot","Bag of Marbles","Pandora\u0027s Box","Dead Branch","Mercury Hourglass"],"potions_floor_usage":[8,8,8,8,16,18,24,33,39,45,50,50],"damage_taken":[{"damage":0.0,"enemies":"Cultist","floor":1.0,"turns":1.0},{"damage":0.0,"enemies":"Jaw Worm","floor":4.0,"turns":1.0},{"damage":0.0,"enemies":"3 Sentries","floor":6.0,"turns":1.0},{"damage":2.0,"enemies":"Small Slimes","floor":7.0,"turns":3.0},{"damage":2,"enemies":"Lagavulin","floor":8,"turns":7},{"damage":3,"enemies":"Blue Slaver","floor":11,"turns":4},{"damage":4,"enemies":"Exordium Wildlife","floor":13,"turns":3},{"damage":0,"enemies":"Large Slime","floor":14,"turns":3},{"damage":11,"enemies":"Slime Boss","floor":16,"turns":10},{"damage":0,"enemies":"3 Byrds","floor":18,"turns":5},{"damage":16,"enemies":"2 Thieves","floor":19,"turns":2},{"damage":40,"enemies":"Slavers","floor":24,"turns":5},{"damage":9,"enemies":"Centurion and Healer","floor":27,"turns":6},{"damage":6,"enemies":"3 Cultists","floor":31,"turns":3},{"damage":31,"enemies":"Collector","floor":33,"turns":7},{"damage":16,"enemies":"3 Darklings","floor":35,"turns":3},{"damage":0,"enemies":"3 Shapes","floor":39,"turns":2},{"damage":52,"enemies":"2 Orb Walkers","floor":41,"turns":4},{"damage":5,"enemies":"Sphere and 2 Shapes","floor":44,"turns":3},{"damage":4,"enemies":"4 Shapes","floor":45,"turns":4},{"damage":17,"enemies":"Jaw Worm Horde","floor":47,"turns":3},{"damage":6,"enemies":"Time Eater","floor":50,"turns":10}],"seed_played":"4979224525196905059","potions_obtained":[{"floor":1.0,"key":"PowerPotion"},{"floor":7.0,"key":"EntropicBrew"},{"floor":8,"key":"FairyPotion"},{"floor":14,"key":"Strength Potion"},{"floor":18,"key":"Fruit Juice"},{"floor":24,"key":"FocusPotion"},{"floor":31,"key":"Swift Potion"},{"floor":33,"key":"Explosive Potion"},{"floor":41,"key":"EntropicBrew"}],"is_trial":false,"path_per_floor":["M","?","?","M","$","E","M","E","T","R","M","R","M","M","R","B",null,"M","M","$","?","?","R","E","$","T","M","R","T","R","M","R","B",null,"M","?","?","?","M","R","?","?","T","M","M","R","M","?","R","B",null],"character_chosen":"DEFECT","items_purchased":["Self Repair","Genetic Algorithm","Coolheaded","Pocketwatch"],"campfire_rested":1,"item_purchase_floors":[5,5,5,20],"current_hp_per_floor":[75,64,64,64,64,64,69,74,74,74,71,71,67,67,67,63,75,80,71,71,65,65,65,41,41,41,39,39,39,39,43,67,46,80,74,64,59,80,80,80,38,70,70,65,70,70,63,63,63,57],"gold":7,"neow_bonus":"THREE_ENEMY_KILL","is_prod":false,"is_daily":false,"chose_seed":false,"campfire_upgraded":9,"win_rate":0,"timestamp":1548040801,"path_taken":["M","?","?","M","$","E","M","E","T","R","?","R","?","M","R","BOSS","M","M","$","?","?","R","E","$","T","M","R","?","R","M","R","BOSS","M","?","?","?","?","R","?","?","T","M","M","R","M","?","R","BOSS"],"build_version":"2019-01-17v2","purchased_purges":0,"victory":true,"max_hp_per_floor":[75,75,75,75,75,75,75,75,75,75,75,75,75,75,75,75,75,80,80,80,80,80,80,80,80,80,80,80,80,80,80,80,80,80,80,80,80,80,80,80,80,70,70,70,70,70,70,70,70,70],"card_choices":[{"not_picked":["Rip and Tear","Compile Driver"],"picked":"FTL","floor":1.0},{"not_picked":["Rebound","Gash"],"picked":"Coolheaded","floor":4.0},{"not_picked":["BootSequence","Barrage"],"picked":"Consume","floor":6.0},{"not_picked":["Coolheaded","Compile Driver"],"picked":"Rebound","floor":7.0},{"not_picked":["Scrape","Genetic Algorithm","Rebound"],"picked":"SKIP","floor":8},{"not_picked":["Steam","Rebound"],"picked":"Conserve Battery","floor":11},{"not_picked":["Rebound","Beam Cell"],"picked":"Cold Snap","floor":13},{"not_picked":["Leap","Genetic Algorithm"],"picked":"Reprogram","floor":14},{"not_picked":["Fission","Hyperbeam"],"picked":"Biased Cognition","floor":16},{"not_picked":["Redo","Recycle"],"picked":"Go for the Eyes","floor":18},{"not_picked":["White Noise","Auto Shields"],"picked":"Static Discharge+1","floor":19},{"not_picked":["Redo+1","Ball Lightning+1"],"picked":"Go for the Eyes+1","floor":24},{"not_picked":["Reinforced Body+1","White Noise"],"picked":"Ball Lightning+1","floor":27},{"not_picked":["Redo","Leap","Turbo+1"],"picked":"SKIP","floor":31},{"not_picked":["Double Energy+1","Redo+1","Stack+1"],"picked":"SKIP","floor":35},{"not_picked":["Finesse","Bandage Up"],"picked":"Mayhem","floor":37},{"not_picked":["HandOfGreed+1","Transmutation"],"picked":"Flash of Steel+1","floor":37},{"not_picked":["Redo","Compile Driver+1","Ball Lightning+1"],"picked":"SKIP","floor":39},{"not_picked":["Rip and Tear+1","Reinforced Body+1","Leap+1"],"picked":"SKIP","floor":44},{"not_picked":["Compile Driver+1","Streamline+1"],"picked":"Consume","floor":45},{"not_picked":["Compile Driver+1","Sweeping Beam+1","Ball Lightning+1"],"picked":"SKIP","floor":47}],"player_experience":95551,"relics_obtained":[{"floor":6.0,"key":"Sundial"},{"floor":8,"key":"Smiling Mask"},{"floor":9,"key":"War Paint"},{"floor":24,"key":"Molten Egg 2"},{"floor":26,"key":"Boot"},{"floor":29,"key":"Bag of Marbles"},{"floor":41,"key":"Dead Branch"},{"floor":43,"key":"Mercury Hourglass"}],"event_choices":[{"damage_healed":0.0,"max_hp_gain":0.0,"max_hp_loss":0.0,"gold_gain":75.0,"event_name":"World of Goop","player_choice":"Gather Gold","floor":2.0,"gold_loss":0.0,"damage_taken":11.0},{"damage_healed":0.0,"max_hp_gain":0.0,"max_hp_loss":0.0,"gold_gain":0.0,"cards_transformed":["Dualcast"],"event_name":"Transmorgrifier","player_choice":"Transformed","floor":3.0,"gold_loss":0.0,"damage_taken":0.0,"cards_obtained":["Electrodynamics"]},{"damage_healed":0,"gold_gain":0,"player_choice":"Joined the Cult","damage_taken":6,"max_hp_gain":0,"max_hp_loss":0,"event_name":"Nest","floor":21,"gold_loss":0,"cards_obtained":["RitualDagger"]},{"damage_healed":0,"gold_gain":0,"player_choice":"Read","damage_taken":0,"max_hp_gain":0,"max_hp_loss":0,"event_name":"The Library","floor":22,"gold_loss":0,"cards_obtained":["Capacitor"]},{"damage_healed":0,"gold_gain":0,"player_choice":"Embrace Madness","damage_taken":10,"max_hp_gain":0,"max_hp_loss":0,"event_name":"Winding Halls","floor":36,"gold_loss":0,"cards_obtained":["Madness","Madness"]},{"damage_healed":0,"gold_gain":0,"player_choice":"Memory 2","damage_taken":5,"max_hp_gain":0,"max_hp_loss":0,"event_name":"SensoryStone","floor":37,"gold_loss":0},{"cards_removed":["Doom and Gloom"],"damage_healed":21,"gold_gain":0,"player_choice":"Offered Uncommon","damage_taken":0,"max_hp_gain":0,"max_hp_loss":0,"event_name":"Bonfire Elementals","floor":38,"gold_loss":0},{"damage_healed":0,"gold_gain":0,"player_choice":"Fight","damage_taken":0,"max_hp_gain":0,"max_hp_loss":0,"event_name":"Mysterious Sphere","floor":41,"gold_loss":0},{"damage_healed":70,"gold_gain":0,"player_choice":"Heal","damage_taken":0,"max_hp_gain":0,"max_hp_loss":10,"event_name":"The Moai Head","floor":42,"gold_loss":0},{"damage_healed":0,"gold_gain":0,"player_choice":"Copied","damage_taken":0,"max_hp_gain":0,"max_hp_loss":0,"event_name":"Duplicator","floor":48,"gold_loss":0,"cards_obtained":["Capacitor"]}],"is_beta":false,"boss_relics":[{"not_picked":["Philosopher\u0027s Stone","Tiny House"],"picked":"Ectoplasm"},{"not_picked":["White Beast Statue","Lizard Tail"],"picked":"Pandora\u0027s Box"}],"items_purged_floors":[],"is_endless":false,"potions_floor_spawned":[1,7,8,14,18,24,31,33,41,44],"ascension_level":0}