{"gold_per_floor":[114,129,144,144,69,69,84,99,149,179,179,194,194,194,194,294,294,309,259,259,274,289,289,319,319],"floor_reached":25,"playtime":1978,"items_purged":["Strike_B"],"score":223,"play_id":"97b08559-04fb-4229-8eb8-297c9dce4324","local_time":"20180927163500","daily_mods":["Allstar","Uncertain Future","Lethality"],"is_ascension_mode":false,"campfire_choices":[{"data":"Hologram","floor":6,"key":"SMITH"},{"data":"Self Repair","floor":11,"key":"SMITH"},{"floor":15,"key":"REST"},{"data":"Conserve Battery","floor":23,"key":"SMITH"}],"neow_cost":"","seed_source_timestamp":1117122894100626,"circlet_count":0,"master_deck":["Strike_B","Strike_B","Defend_B","Defend_B","Defend_B","Zap","Dualcast","PanicButton","Swift Strike+1","Jack Of All Trades","The Bomb","Madness","Hologram","Conserve Battery+1","Hologram+1","Self Repair+1","Coolheaded","FTL+1","Rainbow","Leap+1","Conserve Battery+1","Beam Cell+1","White Noise+1"],"special_seed":17801,"relics":["Cracked Core","Anchor","Regal Pillow","Black Star","Pen Nib","Blood Vial"],"potions_floor_usage":[3,10,10,18,24],"damage_taken":[{"damage":0,"enemies":"2 Louse","floor":1,"turns":2},{"damage":6,"enemies":"Cultist","floor":2,"turns":3},{"damage":5,"enemies":"Jaw Worm","floor":3,"turns":2},{"damage":3,"enemies":"Looter","floor":7,"turns":2},{"damage":5,"enemies":"Red Slaver","floor":8,"turns":3},{"damage":13,"enemies":"3 Sentries","floor":10,"turns":5},{"damage":0,"enemies":"2 Fungi Beasts","floor":12,"turns":3},{"damage":56,"enemies":"The Guardian","floor":16,"turns":11},{"damage":28,"enemies":"2 Thieves","floor":18,"turns":3},{"damage":1,"enemies":"Shell Parasite","floor":21,"turns":7},{"damage":6,"enemies":"Shelled Parasite and Fungi","floor":22,"turns":7},{"damage":52,"enemies":"Slavers","floor":24,"turns":5},{"damage":19,"enemies":"Snecko","floor":25,"turns":4}],"seed_played":"-5863381733931304207","potions_obtained":[{"floor":2,"key":"EssenceOfSteel"},{"floor":3,"key":"Ancient Potion"},{"floor":8,"key":"EssenceOfSteel"},{"floor":16,"key":"AttackPotion"},{"floor":22,"key":"Weak Potion"}],"is_trial":false,"path_per_floor":["M","M","M","?","$","R","M","M","T","E","R","M","?","?","R","B",null,"M","?","?","M","M","R","E"],"character_chosen":"DEFECT","items_purchased":[],"campfire_rested":1,"item_purchase_floors":[],"current_hp_per_floor":[75,69,64,57,57,57,54,49,49,43,43,53,53,53,75,19,75,47,47,47,56,60,60,8,0],"gold":319,"neow_bonus":"","is_prod":false,"is_daily":true,"chose_seed":false,"campfire_upgraded":3,"win_rate":0.0,"timestamp":1538080500,"path_taken":["M","M","M","?","$","R","M","M","T","E","R","M","?","?","R","BOSS","M","?","?","M","M","R","E","M"],"build_version":"2018-09-20","purchased_purges":1,"victory":false,"max_hp_per_floor":[75,75,75,75,75,75,75,75,75,75,75,75,75,75,75,75,75,75,75,75,75,75,75,75,75],"card_choices":[{"not_picked":["Barrage","Storm"],"picked":"Hologram","floor":1},{"not_picked":["Reprogram","Turbo"],"picked":"Conserve Battery","floor":2},{"not_picked":["Tempest","Darkness"],"picked":"Hologram","floor":3},{"not_picked":["Stack","Auto Shields","Meteor Strike"],"picked":"SKIP","floor":7},{"not_picked":["Recycle","Beam Cell"],"picked":"Self Repair","floor":8},{"not_picked":["Redo","Undo"],"picked":"Coolheaded","floor":10},{"not_picked":["Redo","Turbo"],"picked":"FTL","floor":12},{"not_picked":["Electrodynamics","Creative AI"],"picked":"Rainbow","floor":16},{"not_picked":["Turbo","Lockon+1"],"picked":"Leap+1","floor":18},{"not_picked":["Darkness+1","Turbo"],"picked":"Conserve Battery+1","floor":21},{"not_picked":["Auto Shields+1","Darkness"],"picked":"Beam Cell+1","floor":22},{"not_picked":["Cold Snap","Gash"],"picked":"White Noise+1","floor":24}],"player_experience":86539,"relics_obtained":[{"floor":9,"key":"Anchor"},{"floor":10,"key":"Regal Pillow"},{"floor":24,"key":"Pen Nib"},{"floor":24,"key":"Blood Vial"}],"event_choices":[{"event_name":"Golden Wing","player_choice":"Card Removal","floor":4,"damage_taken":0},{"event_name":"Accursed Blacksmith","player_choice":"Forge","floor":13,"damage_taken":0},{"event_name":"Living Wall","player_choice":"Grow","floor":14,"damage_taken":0},{"event_name":"The Joust","player_choice":"Bet on Murderer","floor":19,"damage_taken":0},{"event_name":"Back to Basics","player_choice":"Elegance","floor":20,"damage_taken":0}],"is_beta":false,"boss_relics":[{"not_picked":["Eternal Feather","Snecko Eye"],"picked":"Black Star"}],"items_purged_floors":[5],"is_endless":false,"potions_floor_spawned":[2,3,8,16,22],"killed_by":"Snecko","ascension_level":0}