{"gold_per_floor":[113,113,131,141,155,155,183,358,358,6,41,71,28,55,55,150,150,162,162,180,180,197,232,232,157,157,28,28,28,4,4,4,4],"floor_reached":33,"playtime":3750,"items_purged":["Doubt"],"score":318,"play_id":"94e2e945-9b2f-439b-8eb5-010bdbbb00bf","local_time":"20190120003830","is_ascension_mode":true,"campfire_choices":[{"data":"Go for the Eyes","floor":6,"key":"SMITH"},{"floor":15,"key":"REST"},{"data":"Echo Form","floor":24,"key":"SMITH"},{"data":"Zap","floor":28,"key":"SMITH"},{"data":"Ghostly","floor":32,"key":"SMITH"}],"neow_cost":"NONE","seed_source_timestamp":170865709875576,"circlet_count":0,"master_deck":["Strike_B","Defend_B","Defend_B","Defend_B","Defend_B","Zap+1","Dualcast","Barrage","Compile Driver","Go for the Eyes+1","Barrage","Glacier","All For One","Rip and Tear","Streamline","Sweeping Beam","Multi-Cast","Turbo+1","Reprogram+1","Recycle+1","Streamline+1","Hologram+1","RitualDagger","Lockon","Echo Form+1","Ball Lightning","Ghostly","Ghostly","Ghostly","Ghostly","Ghostly+1","Leap"],"relics":["Cracked Core","Ancient Tea Set","Gambling Chip","Darkstone Periapt","Membership Card","Symbiotic Virus","Question Card","Pocketwatch","Astrolabe","Smiling Mask","Omamori","Frozen Egg 2","Runic Capacitor"],"potions_floor_usage":[11,23,23,23],"damage_taken":[{"damage":0,"enemies":"Small Slimes","floor":1,"turns":3},{"damage":2,"enemies":"2 Louse","floor":3,"turns":3},{"damage":6,"enemies":"Jaw Worm","floor":4,"turns":4},{"damage":9,"enemies":"Blue Slaver","floor":5,"turns":4},{"damage":20,"enemies":"3 Sentries","floor":7,"turns":7},{"damage":7,"enemies":"Gremlin Nob","floor":11,"turns":3},{"damage":5,"enemies":"3 Sentries","floor":14,"turns":5},{"damage":16,"enemies":"Hexaghost","floor":16,"turns":7},{"damage":10,"enemies":"Shell Parasite","floor":18,"turns":4},{"damage":17,"enemies":"2 Thieves","floor":20,"turns":3},{"damage":10,"enemies":"Centurion and Healer","floor":22,"turns":5},{"damage":7,"enemies":"Slavers","floor":23,"turns":4},{"damage":41,"enemies":"Automaton","floor":33,"turns":10}],"seed_played":"3925178852233598207","potions_obtained":[{"floor":3,"key":"SteroidPotion"},{"floor":5,"key":"FairyPotion"},{"floor":14,"key":"SpeedPotion"},{"floor":18,"key":"SkillPotion"},{"floor":22,"key":"FearPotion"}],"is_trial":false,"path_per_floor":["M","?","M","M","M","R","E","?","T","$","E","?","$","E","R","B",null,"M","?","M","?","M","E","R","?","T","$","R","?","$","?","R","B"],"character_chosen":"DEFECT","items_purchased":["Membership Card","Symbiotic Virus","Rip and Tear","Streamline","Runic Capacitor","Ball Lightning","Leap"],"campfire_rested":1,"item_purchase_floors":[10,10,13,13,27,27,30],"current_hp_per_floor":[82,64,62,56,47,47,27,27,27,27,20,20,20,15,39,23,82,72,78,61,55,45,38,38,38,38,38,38,38,38,38,38,0],"gold":4,"neow_bonus":"TEN_PERCENT_HP_BONUS","is_prod":false,"is_daily":false,"chose_seed":false,"campfire_upgraded":4,"win_rate":0,"timestamp":1547973510,"path_taken":["M","?","M","M","M","R","E","?","T","$","E","?","?","E","R","BOSS","M","?","M","?","M","E","R","?","T","$","R","?","$","?","R","BOSS"],"build_version":"2019-01-17v2","purchased_purges":1,"victory":false,"max_hp_per_floor":[82,82,82,82,82,82,82,82,82,82,82,82,82,82,82,82,82,82,88,88,88,88,88,88,88,88,88,88,44,44,44,44,44],"card_choices":[{"not_picked":["Stack","Steam"],"picked":"Barrage","floor":1},{"not_picked":["Skim","Coolheaded"],"picked":"Compile Driver","floor":3},{"not_picked":["Streamline","Sunder"],"picked":"Go for the Eyes","floor":4},{"not_picked":["Turbo","Steam"],"picked":"Barrage","floor":5},{"not_picked":["Gash","Hello World"],"picked":"Glacier","floor":7},{"not_picked":["Stack","Barrage"],"picked":"All For One","floor":11},{"not_picked":["Darkness","Coolheaded","Reinforced Body"],"picked":"Sweeping Beam","floor":14},{"not_picked":["Creative AI","Fission","Core Surge"],"picked":"Multi-Cast","floor":16},{"not_picked":["Sweeping Beam","Melter","Undo"],"picked":"Streamline+1","floor":18},{"not_picked":["Hello World+1","Sweeping Beam","Conserve Battery"],"picked":"Hologram+1","floor":20},{"not_picked":["Hologram","Recycle","Stack"],"picked":"Lockon","floor":22},{"not_picked":["Doom and Gloom","Barrage","Steam Power"],"picked":"Echo Form","floor":23}],"player_experience":292386,"relics_obtained":[{"floor":7,"key":"Gambling Chip"},{"floor":9,"key":"Darkstone Periapt"},{"floor":11,"key":"Question Card"},{"floor":14,"key":"Pocketwatch"},{"floor":23,"key":"Omamori"},{"floor":26,"key":"Frozen Egg 2"}],"event_choices":[{"damage_healed":0,"gold_gain":0,"player_choice":"Success","damage_taken":18,"relics_obtained":["Ancient Tea Set"],"max_hp_gain":0,"max_hp_loss":0,"event_name":"Scrap Ooze","floor":2,"gold_loss":0},{"damage_healed":0,"gold_gain":175,"player_choice":"AGREE","damage_taken":0,"max_hp_gain":0,"max_hp_loss":0,"event_name":"Liars Game","floor":8,"gold_loss":0,"cards_obtained":["Doubt"]},{"damage_healed":0,"gold_gain":30,"player_choice":"Searched \u00272\u0027 times","damage_taken":0,"max_hp_gain":0,"max_hp_loss":0,"event_name":"Dead Adventurer","floor":12,"gold_loss":0},{"damage_healed":0,"gold_gain":0,"player_choice":"Opened","damage_taken":0,"relics_obtained":["Smiling Mask"],"max_hp_gain":0,"max_hp_loss":0,"event_name":"The Mausoleum","floor":19,"gold_loss":0,"cards_obtained":["Writhe"]},{"damage_healed":0,"gold_gain":0,"player_choice":"Joined the Cult","damage_taken":6,"max_hp_gain":0,"max_hp_loss":0,"event_name":"Nest","floor":21,"gold_loss":0,"cards_obtained":["RitualDagger"]},{"cards_removed":["Writhe"],"damage_healed":0,"gold_gain":0,"player_choice":"Gave Gold","damage_taken":0,"max_hp_gain":0,"max_hp_loss":0,"event_name":"Beggar","floor":25,"gold_loss":75},{"damage_healed":0,"gold_gain":0,"player_choice":"Became a Ghost","damage_taken":0,"max_hp_gain":0,"max_hp_loss":44,"event_name":"Ghosts","floor":29,"gold_loss":0,"cards_obtained":["Ghostly","Ghostly","Ghostly","Ghostly","Ghostly"]},{"damage_healed":0,"gold_gain":0,"player_choice":"Ignored","damage_taken":0,"max_hp_gain":0,"max_hp_loss":0,"event_name":"NoteForYourself","floor":31,"gold_loss":0}],"is_beta":false,"boss_relics":[{"not_picked":["Philosopher\u0027s Stone","Runic Dome"],"picked":"Astrolabe"}],"items_purged_floors":[10],"is_endless":false,"potions_floor_spawned":[3,5,14,18,22],"killed_by":"Automaton","ascension_level":1}