{"gold_per_floor":[15,15,31,31,106,106,119,133,133,145,164,174,184,203,203,203],"floor_reached":16,"playtime":849,"items_purged":[],"score":118,"play_id":"616e1978-33ba-4c9b-9eff-50a951ef4553","local_time":"20181011100117","is_ascension_mode":true,"campfire_choices":[{"data":"Fission","floor":6,"key":"SMITH"},{"floor":15,"key":"REST"}],"neow_cost":"NO_GOLD","seed_source_timestamp":117531998618467,"circlet_count":0,"master_deck":["Strike_B","Strike_B","Strike_B","Defend_B","Defend_B","Defend_B","Defend_B","Zap","Dualcast","Fission+1","Conserve Battery","Aggregate","Redo","Genetic Algorithm","Cold Snap","Self Repair","Streamline","Buffer"],"relics":["Cracked Core","Pear"],"potions_floor_usage":[10,12],"damage_taken":[{"damage":0,"enemies":"Small Slimes","floor":1,"turns":3},{"damage":1,"enemies":"Cultist","floor":3,"turns":3},{"damage":0,"enemies":"Jaw Worm","floor":7,"turns":4},{"damage":9,"enemies":"Blue Slaver","floor":8,"turns":4},{"damage":0,"enemies":"Large Slime","floor":10,"turns":4},{"damage":11,"enemies":"3 Louse","floor":11,"turns":4},{"damage":28,"enemies":"Lots of Slimes","floor":12,"turns":3},{"damage":8,"enemies":"2 Fungi Beasts","floor":13,"turns":4},{"damage":15,"enemies":"Exordium Thugs","floor":14,"turns":6},{"damage":44,"enemies":"The Guardian","floor":16,"turns":6}],"seed_played":"-1804217285750058747","potions_obtained":[{"floor":3,"key":"Ancient Potion"},{"floor":8,"key":"Fire Potion"},{"floor":11,"key":"Poison Potion"}],"is_trial":false,"path_per_floor":["M","$","M","?","?","R","M","M","T","M","M","M","M","M","R"],"character_chosen":"DEFECT","items_purchased":[],"campfire_rested":1,"item_purchase_floors":[],"current_hp_per_floor":[75,75,74,74,63,63,63,54,64,64,53,25,24,16,41,0],"gold":203,"neow_bonus":"THREE_RARE_CARDS","is_prod":false,"is_daily":false,"chose_seed":false,"campfire_upgraded":1,"win_rate":0,"timestamp":1539266477,"path_taken":["M","$","M","?","?","R","?","M","T","M","M","M","M","M","R","BOSS"],"build_version":"2018-10-04v2","purchased_purges":0,"victory":false,"max_hp_per_floor":[75,75,75,75,75,75,75,75,85,85,85,85,85,85,85,85],"card_choices":[{"not_picked":["Rainbow","Biased Cognition"],"picked":"Fission","floor":0},{"not_picked":["Go for the Eyes","Loop"],"picked":"Conserve Battery","floor":1},{"not_picked":["Redo","Chaos"],"picked":"Aggregate","floor":3},{"not_picked":["Turbo","Double Energy"],"picked":"Redo","floor":7},{"not_picked":["Leap","Beam Cell"],"picked":"Genetic Algorithm","floor":8},{"not_picked":["Blizzard","Force Field","Heatsinks"],"picked":"SKIP","floor":10},{"not_picked":["Barrage","Redo"],"picked":"Cold Snap","floor":11},{"not_picked":["Genetic Algorithm","Hello World"],"picked":"Self Repair","floor":12},{"not_picked":["Stack","Gash"],"picked":"Streamline","floor":13},{"not_picked":["Stack","Streamline"],"picked":"Buffer","floor":14}],"player_experience":248641,"relics_obtained":[{"floor":9,"key":"Pear"}],"event_choices":[{"event_name":"Purifier","player_choice":"One Purge","floor":4,"damage_taken":0},{"event_name":"World of Goop","player_choice":"Gather Gold","floor":5,"damage_taken":0}],"is_beta":false,"boss_relics":[],"items_purged_floors":[],"is_endless":false,"potions_floor_spawned":[3,8,11],"killed_by":"The Guardian","ascension_level":4}