{"gold_per_floor":[116,134,32,46,1,1,1,1,1,20,95,7,7,22,22,120,120,133,133,80,0,13,25,25],"floor_reached":24,"playtime":1702,"items_purged":[],"score":186,"play_id":"ff8c4a44-e6d1-4858-9895-a77dc150f267","local_time":"20180923031938","is_ascension_mode":false,"campfire_choices":[{"data":"Perfected Strike","floor":6,"key":"SMITH"},{"data":"Heavy Blade","floor":8,"key":"SMITH"},{"data":"Dramatic Entrance","floor":15,"key":"SMITH"}],"neow_cost":"NONE","seed_source_timestamp":787675553485784,"circlet_count":0,"master_deck":["Strike_R","Strike_R","Strike_R","Strike_R","Strike_R","Defend_R+1","Defend_R","Defend_R","Defend_R","Bash","Armaments","Perfected Strike+1","Headbutt","Inflame","Flex+1","Heavy Blade+1","Twin Strike","Dramatic Entrance+1","Flex","Demon Form","Heavy Blade","Shrug It Off","Sword Boomerang","Twin Strike+1"],"relics":["Black Blood","Matryoshka","War Paint","Thread and Needle"],"potions_floor_usage":[16,24],"damage_taken":[{"damage":9,"enemies":"Cultist","floor":1,"turns":3},{"damage":14,"enemies":"2 Louse","floor":2,"turns":3},{"damage":0,"enemies":"Small Slimes","floor":4,"turns":2},{"damage":1,"enemies":"3 Louse","floor":10,"turns":3},{"damage":0,"enemies":"2 Fungi Beasts","floor":14,"turns":2},{"damage":47,"enemies":"Hexaghost","floor":16,"turns":6},{"damage":62,"enemies":"3 Byrds","floor":18,"turns":6},{"damage":17,"enemies":"Spheric Guardian","floor":22,"turns":4},{"damage":12,"enemies":"Cultist and Chosen","floor":23,"turns":5},{"damage":26,"enemies":"Sentry and Sphere","floor":24,"turns":5}],"seed_played":"-1617694060502687026","potions_obtained":[{"floor":4,"key":"Strength Potion"},{"floor":16,"key":"Swift Potion"}],"is_trial":false,"path_per_floor":["M","M","$","M","$","R","?","R","T","M","?","$","?","M","R","B",null,"M","?","$","?","M","M"],"character_chosen":"IRONCLAD","items_purchased":["Headbutt","Inflame","Heavy Blade","Dramatic Entrance","Shrug It Off"],"campfire_rested":0,"item_purchase_floors":[3,3,5,12,20],"current_hp_per_floor":[77,69,69,75,75,75,72,72,72,77,66,66,66,72,72,31,80,28,28,28,28,21,19,0],"gold":25,"neow_bonus":"ONE_RANDOM_RARE_CARD","is_prod":false,"is_daily":false,"chose_seed":false,"campfire_upgraded":3,"win_rate":0.0,"timestamp":1537687178,"path_taken":["M","?","$","M","?","R","?","R","T","M","?","$","?","M","R","BOSS","M","?","$","?","M","M","M"],"build_version":"2018-09-20","purchased_purges":0,"victory":false,"max_hp_per_floor":[80,80,80,80,80,80,80,80,80,80,80,80,80,80,80,80,80,80,80,80,80,80,80,80],"card_choices":[{"not_picked":["Clothesline","Headbutt"],"picked":"Armaments","floor":1},{"not_picked":["Feel No Pain","Twin Strike"],"picked":"Perfected Strike","floor":2},{"not_picked":["Clash","Sword Boomerang"],"picked":"Flex","floor":4},{"not_picked":["Combust","Pommel Strike"],"picked":"Twin Strike","floor":10},{"not_picked":["Fire Breathing","Shockwave"],"picked":"Flex","floor":14},{"not_picked":["Berserk","Limit Break"],"picked":"Demon Form","floor":16},{"not_picked":["Armaments","Iron Wave"],"picked":"Heavy Blade","floor":18},{"not_picked":["Iron Wave","Second Wind+1"],"picked":"Sword Boomerang","floor":22},{"not_picked":["Blood for Blood","Clothesline"],"picked":"Twin Strike+1","floor":23}],"player_experience":3966,"relics_obtained":[{"floor":9,"key":"War Paint"},{"floor":9,"key":"Thread and Needle"}],"event_choices":[{"event_name":"Scrap Ooze","player_choice":"success","floor":7,"damage_taken":3},{"event_name":"World of Goop","player_choice":"Gather Gold","floor":11,"damage_taken":0},{"event_name":"Living Wall","player_choice":"Forget","floor":13,"damage_taken":0},{"event_name":"WeMeetAgain","player_choice":"Attack","floor":19,"damage_taken":0},{"event_name":"Masked Bandits","player_choice":"Paid Fearfully","floor":21,"damage_taken":0}],"is_beta":false,"boss_relics":[{"not_picked":["Runic Pyramid","Runic Cube"],"picked":"Black Blood"}],"items_purged_floors":[],"is_endless":false,"potions_floor_spawned":[4,16],"killed_by":"Sentry and Sphere","ascension_level":0}