{"gold_per_floor":[112,112,37,48,48,64,30,30,30,30,44,119,135,146,146,246,246,256,256,356,356,356],"floor_reached":22,"playtime":1874,"items_purged":["Regret"],"score":174,"play_id":"8dbc8f51-34d0-460e-b14d-0c0517df6330","local_time":"20190129015037","is_ascension_mode":false,"campfire_choices":[{"data":"True Grit","floor":10,"key":"SMITH"},{"floor":15,"key":"REST"}],"neow_cost":"NONE","seed_source_timestamp":12399733041300,"circlet_count":0,"master_deck":["Strike_R","Strike_R","Strike_R","Strike_R+1","Strike_R+1","Defend_R","Defend_R","Defend_R","Defend_R","Bash","Iron Wave","True Grit+1","Shrug It Off","Flame Barrier","Feel No Pain","Impervious","Infernal Blade","Offering","Pommel Strike","Body Slam","Sword Boomerang+1"],"relics":["Burning Blood","Dream Catcher","Bronze Scales","Self Forming Clay","Sundial","Fusion Hammer","StoneCalendar","Mercury Hourglass"],"potions_floor_usage":[16,16,20],"damage_taken":[{"damage":7,"enemies":"Small Slimes","floor":1,"turns":3},{"damage":6,"enemies":"Jaw Worm","floor":4,"turns":2},{"damage":7,"enemies":"2 Louse","floor":6,"turns":2},{"damage":6,"enemies":"Exordium Thugs","floor":11,"turns":4},{"damage":5,"enemies":"Large Slime","floor":13,"turns":10},{"damage":5,"enemies":"Looter","floor":14,"turns":3},{"damage":41,"enemies":"Slime Boss","floor":16,"turns":24},{"damage":22,"enemies":"Spheric Guardian","floor":18,"turns":4},{"damage":23,"enemies":"Colosseum Slavers","floor":20,"turns":4},{"damage":46,"enemies":"Colosseum Nobs","floor":20,"turns":5},{"damage":7,"enemies":"3 Byrds","floor":22,"turns":2}],"seed_played":"565454673731022417","potions_obtained":[{"floor":1,"key":"PowerPotion"},{"floor":13,"key":"Energy Potion"},{"floor":18,"key":"Swift Potion"}],"is_trial":false,"path_per_floor":["M","?","$","M","?","M","$","?","T","R","M","?","M","M","R","B",null,"M","?","?","?","M"],"character_chosen":"IRONCLAD","items_purchased":["Flame Barrier"],"campfire_rested":1,"item_purchase_floors":[7],"current_hp_per_floor":[79,79,79,79,63,62,62,62,62,62,62,51,52,53,77,42,80,64,64,7,7,0],"gold":356,"neow_bonus":"RANDOM_COMMON_RELIC","is_prod":false,"is_daily":false,"chose_seed":false,"campfire_upgraded":1,"win_rate":0.0,"timestamp":1548755437,"path_taken":["M","?","$","M","?","M","?","?","T","R","M","?","M","M","R","BOSS","M","?","?","?","M"],"build_version":"2019-01-23","purchased_purges":1,"victory":false,"max_hp_per_floor":[80,80,80,80,80,80,80,80,80,80,80,80,80,80,80,80,80,80,80,80,80,80],"card_choices":[{"not_picked":["Infernal Blade","Sword Boomerang"],"picked":"Iron Wave","floor":1},{"not_picked":["Armaments","Disarm"],"picked":"True Grit","floor":4},{"not_picked":["Burning Pact","Clash"],"picked":"Shrug It Off","floor":6},{"not_picked":["Havoc","Cleave"],"picked":"Feel No Pain","floor":11},{"not_picked":["Pommel Strike","Wild Strike"],"picked":"Impervious","floor":13},{"not_picked":["Evolve","Clash","Sentinel"],"picked":"SKIP","floor":14},{"not_picked":["True Grit","Armaments"],"picked":"Infernal Blade","floor":15},{"not_picked":["Brutality","Reaper"],"picked":"Offering","floor":16},{"not_picked":["Flex","Iron Wave"],"picked":"Pommel Strike","floor":18},{"not_picked":["Cleave","Infernal Blade+1"],"picked":"Sword Boomerang+1","floor":20}],"player_experience":59014,"relics_obtained":[{"floor":9,"key":"Sundial"},{"floor":20,"key":"StoneCalendar"},{"floor":20,"key":"Mercury Hourglass"}],"event_choices":[{"damage_healed":0,"gold_gain":0,"player_choice":"Box","damage_taken":0,"relics_obtained":["Bronze Scales"],"max_hp_gain":0,"max_hp_loss":0,"event_name":"Big Fish","floor":2,"gold_loss":0,"cards_obtained":["Regret"]},{"damage_healed":0,"gold_gain":0,"player_choice":"Entered Light","damage_taken":16,"max_hp_gain":0,"max_hp_loss":0,"event_name":"Shining Light","floor":5,"gold_loss":0,"cards_upgraded":["Strike_R","Strike_R"]},{"damage_healed":0,"gold_gain":0,"player_choice":"Searched \u00271\u0027 times","damage_taken":0,"relics_obtained":["Self Forming Clay"],"max_hp_gain":0,"max_hp_loss":0,"event_name":"Dead Adventurer","floor":8,"gold_loss":0},{"damage_healed":0,"gold_gain":75,"player_choice":"Gather Gold","damage_taken":11,"max_hp_gain":0,"max_hp_loss":0,"event_name":"World of Goop","floor":12,"gold_loss":0},{"damage_healed":0,"gold_gain":0,"player_choice":"Read","damage_taken":0,"max_hp_gain":0,"max_hp_loss":0,"event_name":"The Library","floor":19,"gold_loss":0,"cards_obtained":["Body Slam"]},{"damage_healed":0,"gold_gain":0,"player_choice":"Fight","damage_taken":0,"max_hp_gain":0,"max_hp_loss":0,"event_name":"Colosseum","floor":20,"gold_loss":0},{"damage_healed":0,"gold_gain":0,"player_choice":"Fought Nobs","damage_taken":0,"max_hp_gain":0,"max_hp_loss":0,"event_name":"Colosseum","floor":20,"gold_loss":0},{"damage_healed":0,"gold_gain":0,"player_choice":"Ignored","damage_taken":0,"max_hp_gain":0,"max_hp_loss":0,"event_name":"Ghosts","floor":21,"gold_loss":0}],"is_beta":false,"boss_relics":[{"not_picked":["Mark of Pain","White Beast Statue"],"picked":"Fusion Hammer"}],"items_purged_floors":[3],"is_endless":false,"potions_floor_spawned":[1,13,18],"killed_by":"3 Byrds","ascension_level":0}