{"gold_per_floor":[110,26,26,26,26,26,26,26,26,49,49,69,69,10,10,10],"floor_reached":16,"playtime":532,"items_purged":[],"score":172,"play_id":"e5c85954-a673-48bc-a363-b6986fb3921d","local_time":"20181025023014","is_ascension_mode":true,"campfire_choices":[{"data":"Noxious Fumes","floor":6,"key":"SMITH"},{"data":"Neutralize","floor":8,"key":"SMITH"},{"data":"Blur","floor":13,"key":"SMITH"},{"data":"Deflect","floor":15,"key":"SMITH"}],"neow_cost":"NONE","seed_source_timestamp":494051499301200,"circlet_count":0,"master_deck":["Defend_G+1","Defend_G","Defend_G","Defend_G","Defend_G","Strike_G","Strike_G+1","Strike_G","Strike_G","Strike_G","Survivor","Neutralize+1","AscendersBane","Noxious Fumes+1","Blur+1","Parasite","Deflect+1"],"relics":["Busted Crown","Golden Idol","Letter Opener"],"potions_floor_usage":[16,16],"damage_taken":[{"damage":9,"enemies":"2 Louse","floor":1,"turns":3},{"damage":5,"enemies":"Small Slimes","floor":10,"turns":4},{"damage":1,"enemies":"Jaw Worm","floor":12,"turns":4},{"damage":48,"enemies":"Slime Boss","floor":16,"turns":13}],"seed_played":"-5565957662676827687","potions_obtained":[{"floor":10,"key":"Weak Potion"},{"floor":12,"key":"GamblersBrew"}],"is_trial":false,"path_per_floor":["M","$","?","?","?","R","?","R","T","M","?","M","R","$","R"],"character_chosen":"THE_SILENT","items_purchased":["Noxious Fumes","Deflect"],"campfire_rested":0,"item_purchase_floors":[2,14],"current_hp_per_floor":[50,50,55,55,55,55,36,36,36,31,47,46,46,46,46,0],"gold":10,"neow_bonus":"BOSS_RELIC","is_prod":false,"is_daily":false,"chose_seed":false,"campfire_upgraded":4,"win_rate":0,"timestamp":1540449014,"path_taken":["M","$","?","?","?","R","?","R","T","M","?","M","R","$","R","BOSS"],"build_version":"2018-10-19","purchased_purges":0,"victory":false,"max_hp_per_floor":[66,66,71,71,64,64,64,64,64,64,64,64,64,64,64,64],"card_choices":[{"not_picked":["Acrobatics"],"picked":"SKIP","floor":1},{"not_picked":[],"picked":"Blur","floor":10},{"not_picked":["Tactician"],"picked":"SKIP","floor":12}],"player_experience":1482503,"relics_obtained":[{"floor":9,"key":"Letter Opener"}],"event_choices":[{"damage_healed":0,"gold_gain":0,"player_choice":"Donut","damage_taken":0,"max_hp_gain":5,"max_hp_loss":0,"event_name":"Big Fish","floor":3,"gold_loss":0},{"damage_healed":0,"gold_gain":0,"player_choice":"Leave","damage_taken":0,"max_hp_gain":0,"max_hp_loss":0,"event_name":"The Cleric","floor":4,"gold_loss":0},{"damage_healed":0,"gold_gain":0,"player_choice":"Lose Max HP","damage_taken":0,"relics_obtained":["Golden Idol"],"max_hp_gain":0,"max_hp_loss":7,"event_name":"Golden Idol","floor":5,"gold_loss":0},{"damage_healed":0,"gold_gain":0,"player_choice":"Entered Light","damage_taken":19,"max_hp_gain":0,"max_hp_loss":0,"event_name":"Shining Light","floor":7,"gold_loss":0,"cards_upgraded":["Strike_G","Defend_G"]},{"damage_healed":16,"gold_gain":0,"player_choice":"Healed and dodged fight","damage_taken":0,"max_hp_gain":0,"max_hp_loss":0,"event_name":"Mushrooms","floor":11,"gold_loss":0,"cards_obtained":["Parasite"]}],"is_beta":true,"boss_relics":[],"items_purged_floors":[],"is_endless":false,"potions_floor_spawned":[10,12],"killed_by":"Slime Boss","ascension_level":20}