{"gold_per_floor":[114,14,29,104,27,57,57,387,412,442,457,472,338,368,368,468,468,483,498,14,29,29,29,44,44,44,74,74,51,25,124,124,224,224,239,254,254,54,0,0,15,45,45,75,75,105,23,23,23,23],"floor_reached":51,"playtime":4600,"items_purged":["Thunder Strike","Reboot"],"score":877,"play_id":"0985661e-5856-4d0a-9669-dbd7c453fd8d","local_time":"20181215123928","daily_mods":["Shiny","ControlledChaos","Elite Swarm"],"is_ascension_mode":false,"campfire_choices":[{"floor":7,"key":"REST"},{"floor":15,"key":"REST"},{"floor":23,"key":"REST"},{"floor":25,"key":"REST"},{"floor":28,"key":"DIG"},{"floor":32,"key":"REST"},{"data":"Fission","floor":40,"key":"SMITH"},{"floor":45,"key":"DIG"},{"floor":49,"key":"REST"}],"neow_cost":"","seed_source_timestamp":236322683599012,"circlet_count":0,"master_deck":["Multi-Cast","Hyperbeam","Biased Cognition","Machine Learning","Electrodynamics","Buffer","Rainbow","Seek","Meteor Strike","Echo Form","All For One","Amplify","Creative AI","Fission+1","Core Surge","Reinforced Body","Conserve Battery","Defragment","Seek","Scrape","Conserve Battery","Gash","Defragment","Aggregate","Capacitor+1","Seek","Stack","Aggregate","Hologram","Sweeping Beam+1","Shame","Apotheosis","Pain"],"special_seed":17880,"relics":["Cracked Core","Frozen Eye","Shovel","Old Coin","Boot","Cables","Gambling Chip","Black Star","Runic Capacitor","Mercury Hourglass","Meat on the Bone","Incense Burner","Torii","Juzu Bracelet","Cursed Key","Membership Card","Red Mask","Letter Opener","Smiling Mask","Question Card","Kunai","Singing Bowl","Mummified Hand","Bronze Scales","Bottled Lightning","Molten Egg 2"],"potions_floor_usage":[12,18,21,21,27,27,27,46],"damage_taken":[{"damage":7,"enemies":"Jaw Worm","floor":1,"turns":4},{"damage":0,"enemies":"Cultist","floor":3,"turns":3},{"damage":22,"enemies":"Gremlin Nob","floor":6,"turns":6},{"damage":0,"enemies":"Lagavulin","floor":8,"turns":5},{"damage":0,"enemies":"Gremlin Nob","floor":10,"turns":6},{"damage":1,"enemies":"2 Louse","floor":11,"turns":2},{"damage":7,"enemies":"Blue Slaver","floor":12,"turns":4},{"damage":29,"enemies":"Lagavulin","floor":14,"turns":5},{"damage":40,"enemies":"The Guardian","floor":16,"turns":6},{"damage":30,"enemies":"3 Byrds","floor":18,"turns":4},{"damage":33,"enemies":"2 Thieves","floor":19,"turns":3},{"damage":11,"enemies":"Centurion and Healer","floor":21,"turns":3},{"damage":0,"enemies":"Snecko","floor":24,"turns":4},{"damage":23,"enemies":"Gremlin Leader","floor":27,"turns":6},{"damage":24,"enemies":"Automaton","floor":33,"turns":9},{"damage":23,"enemies":"Orb Walker","floor":35,"turns":3},{"damage":1,"enemies":"3 Shapes","floor":36,"turns":3},{"damage":16,"enemies":"3 Darklings","floor":41,"turns":3},{"damage":0,"enemies":"Nemesis","floor":42,"turns":7},{"damage":1,"enemies":"Giant Head","floor":44,"turns":6},{"damage":22,"enemies":"Reptomancer","floor":46,"turns":4},{"damage":27,"enemies":"Donu and Deca","floor":50,"turns":4}],"seed_played":"1573629743694540191","potions_obtained":[{"floor":1,"key":"FearPotion"},{"floor":3,"key":"SpeedPotion"},{"floor":11,"key":"Weak Potion"},{"floor":14,"key":"Swift Potion"},{"floor":16,"key":"FocusPotion"},{"floor":18,"key":"Poison Potion"},{"floor":22,"key":"Fire Potion"},{"floor":22,"key":"LiquidBronze"},{"floor":24,"key":"Regen Potion"},{"floor":35,"key":"Ancient Potion"},{"floor":36,"key":"Explosive Potion"},{"floor":41,"key":"Weak Potion"}],"is_trial":false,"path_per_floor":["M","$","M","?","$","E","R","E","T","E","M","M","$","E","R","B",null,"M","M","$","M","?","R","M","R","T","E","R","$","$","?","R","B",null,"M","M","?","$","?","R","M","E","T","E","R","E","$","T","R","B",null],"character_chosen":"DEFECT","items_purchased":["Conserve Battery","Defragment","Scrape","Runic Capacitor","Defragment","Mercury Hourglass","Gash","Stack","Membership Card","Apotheosis"],"campfire_rested":6,"item_purchase_floors":[2,5,13,20,20,20,29,30,38,47],"current_hp_per_floor":[68,68,68,57,57,35,57,57,57,57,56,49,49,20,42,2,75,45,12,12,1,1,23,23,45,45,49,49,49,49,49,71,47,75,52,51,51,51,51,51,47,47,47,48,48,40,40,40,63,48],"gold":23,"neow_bonus":"","is_prod":false,"is_daily":true,"chose_seed":false,"campfire_upgraded":1,"win_rate":0,"timestamp":1544895568,"path_taken":["M","$","M","?","$","E","R","E","T","E","M","M","$","E","R","BOSS","M","M","$","M","?","R","M","R","T","E","R","?","$","?","R","BOSS","M","M","?","$","?","R","M","E","T","E","R","E","?","?","R","BOSS"],"build_version":"2018-12-13","purchased_purges":2,"victory":true,"max_hp_per_floor":[75,75,75,75,75,75,75,75,75,75,75,75,75,75,75,75,75,75,75,75,75,75,75,75,75,75,75,75,75,75,75,75,75,75,75,75,75,75,75,75,75,75,75,77,77,79,79,79,79,79],"card_choices":[{"not_picked":["Gash","Darkness"],"picked":"Reinforced Body","floor":1},{"not_picked":["Conserve Battery","Auto Shields","Go for the Eyes"],"picked":"SKIP","floor":3},{"not_picked":["Biased Cognition","Hyperbeam"],"picked":"Seek","floor":6},{"not_picked":["Thunder Strike","Fission","Machine Learning"],"picked":"SKIP","floor":8},{"not_picked":["Fission","Multi-Cast","Meteor Strike"],"picked":"SKIP","floor":10},{"not_picked":["Capacitor","Reinforced Body","Beam Cell"],"picked":"SKIP","floor":11},{"not_picked":["Reprogram","Streamline","Hello World"],"picked":"SKIP","floor":12},{"not_picked":["Reboot","All For One","Meteor Strike"],"picked":"SKIP","floor":14},{"not_picked":["Steam","Genetic Algorithm+1"],"picked":"Conserve Battery","floor":18},{"not_picked":["Barrage","Beam Cell"],"picked":"Gash","floor":19},{"not_picked":["Steam","Gash"],"picked":"Aggregate","floor":21},{"not_picked":["Turbo","Rebound"],"picked":"Capacitor+1","floor":24},{"not_picked":["Creative AI","Thunder Strike"],"picked":"Seek","floor":27},{"not_picked":["Turbo+1","Compile Driver+1"],"picked":"Aggregate","floor":35},{"not_picked":["Reprogram","Compile Driver+1"],"picked":"Hologram","floor":36},{"not_picked":["Coolheaded+1","Hyperbeam"],"picked":"Sweeping Beam+1","floor":41},{"not_picked":["Creative AI","Buffer","Hyperbeam"],"picked":"SKIP","floor":42},{"not_picked":["Multi-Cast","Buffer","Seek","Fission"],"picked":"Singing Bowl","floor":44},{"not_picked":["Machine Learning","Meteor Strike","Buffer","Thunder Strike"],"picked":"Singing Bowl","floor":46}],"player_experience":714717,"relics_obtained":[{"floor":6,"key":"Shovel"},{"floor":8,"key":"Old Coin"},{"floor":9,"key":"Boot"},{"floor":10,"key":"Cables"},{"floor":14,"key":"Gambling Chip"},{"floor":26,"key":"Meat on the Bone"},{"floor":27,"key":"Incense Burner"},{"floor":27,"key":"Torii"},{"floor":28,"key":"Juzu Bracelet"},{"floor":42,"key":"Letter Opener"},{"floor":42,"key":"Smiling Mask"},{"floor":43,"key":"Question Card"},{"floor":44,"key":"Kunai"},{"floor":44,"key":"Singing Bowl"},{"floor":45,"key":"Mummified Hand"},{"floor":46,"key":"Bronze Scales"},{"floor":46,"key":"Bottled Lightning"},{"floor":48,"key":"Molten Egg 2"}],"event_choices":[{"damage_healed":0,"gold_gain":75,"player_choice":"Gather Gold","damage_taken":11,"max_hp_gain":0,"max_hp_loss":0,"event_name":"World of Goop","floor":4,"gold_loss":0},{"damage_healed":0,"gold_gain":0,"player_choice":"Got Potions","damage_taken":0,"max_hp_gain":0,"max_hp_loss":0,"event_name":"Lab","floor":22,"gold_loss":0},{"damage_healed":0,"gold_gain":99,"player_choice":"Stole From Cult","damage_taken":0,"max_hp_gain":0,"max_hp_loss":0,"event_name":"Nest","floor":31,"gold_loss":0},{"cards_removed":["Gash"],"damage_healed":0,"gold_gain":0,"player_choice":"Removed Attack","damage_taken":0,"max_hp_gain":0,"max_hp_loss":0,"event_name":"Falling","floor":37,"gold_loss":0},{"damage_healed":0,"gold_gain":0,"player_choice":"Paid","damage_taken":0,"relics_obtained":["Red Mask"],"max_hp_gain":0,"max_hp_loss":0,"event_name":"Tomb of Lord Red Mask","floor":39,"gold_loss":54}],"is_beta":false,"boss_relics":[{"not_picked":["Orrery","Empty Cage"],"picked":"Black Star"},{"not_picked":["Eternal Feather","Lizard Tail"],"picked":"Cursed Key"}],"items_purged_floors":[2,13],"is_endless":false,"potions_floor_spawned":[1,3,11,14,16,18,24,35,36,41],"ascension_level":0}