{"gold_per_floor":[119,139,89,101,113,113,113,138,138,152,169,169],"floor_reached":12,"playtime":437,"items_purged":[],"score":111,"play_id":"2950e4a1-ef62-46b2-869f-8b402c2e769b","local_time":"20190202160849","is_ascension_mode":true,"campfire_choices":[{"data":"Crippling Poison","floor":6,"key":"SMITH"}],"neow_cost":"NONE","seed_source_timestamp":3817189129434,"circlet_count":0,"master_deck":["Defend_G","Defend_G","Defend_G","Defend_G","Defend_G","Strike_G","Strike_G","Strike_G","Strike_G","Survivor","Neutralize","All Out Attack","Crippling Poison+1","Dodge and Roll","Noxious Fumes+1","Deflect","Acrobatics"],"relics":["Ring of the Snake","Boot","Frozen Egg 2","Sundial"],"potions_floor_usage":[5,12,12],"damage_taken":[{"damage":0,"enemies":"2 Louse","floor":1,"turns":3},{"damage":0,"enemies":"Small Slimes","floor":2,"turns":3},{"damage":4,"enemies":"Cultist","floor":4,"turns":4},{"damage":6,"enemies":"Gremlin Gang","floor":5,"turns":3},{"damage":25,"enemies":"Gremlin Nob","floor":8,"turns":5},{"damage":14,"enemies":"3 Louse","floor":10,"turns":2},{"damage":1,"enemies":"Looter","floor":11,"turns":4},{"damage":13,"enemies":"Lagavulin","floor":12,"turns":5}],"seed_played":"-6974353426249598904","potions_obtained":[{"floor":1,"key":"LiquidBronze"},{"floor":2,"key":"Ancient Potion"},{"floor":5,"key":"SneckoOil"},{"floor":10,"key":"Poison Potion"}],"is_trial":false,"path_per_floor":["M","M","?","M","M","R","?","E","T","M","M","E"],"character_chosen":"THE_SILENT","items_purchased":[],"campfire_rested":0,"item_purchase_floors":[],"current_hp_per_floor":[63,63,63,59,53,53,53,28,28,14,13,0],"gold":169,"neow_bonus":"RANDOM_COMMON_RELIC","is_prod":false,"is_daily":false,"chose_seed":false,"campfire_upgraded":1,"win_rate":0,"timestamp":1549141729,"path_taken":["M","M","?","M","M","R","?","E","T","?","?","E"],"build_version":"2019-01-23","purchased_purges":0,"victory":false,"max_hp_per_floor":[70,70,70,70,70,70,70,70,70,70,70,70],"card_choices":[{"not_picked":["Eviscerate","Bouncing Flask"],"picked":"All Out Attack","floor":1},{"not_picked":["Quick Slash","All Out Attack"],"picked":"Crippling Poison","floor":2},{"not_picked":["Dagger Spray","Dagger Throw"],"picked":"Dodge and Roll","floor":4},{"not_picked":["Quick Slash","Sucker Punch"],"picked":"Noxious Fumes","floor":5},{"not_picked":["Setup","Doppelganger","Blade Dance"],"picked":"SKIP","floor":8},{"not_picked":["Bane","Acrobatics"],"picked":"Deflect","floor":10},{"not_picked":["Deflect","Flechettes"],"picked":"Acrobatics","floor":11}],"player_experience":434226,"relics_obtained":[{"floor":8,"key":"Frozen Egg 2"},{"floor":9,"key":"Sundial"}],"event_choices":[{"cards_removed":["Strike_G"],"damage_healed":0,"gold_gain":0,"player_choice":"Card Removal","damage_taken":0,"max_hp_gain":0,"max_hp_loss":0,"event_name":"The Cleric","floor":3,"gold_loss":50},{"damage_healed":0,"gold_gain":0,"player_choice":"Forge","damage_taken":0,"max_hp_gain":0,"max_hp_loss":0,"event_name":"Accursed Blacksmith","floor":7,"gold_loss":0,"cards_upgraded":["Noxious Fumes"]}],"is_beta":false,"boss_relics":[],"items_purged_floors":[],"is_endless":false,"potions_floor_spawned":[1,2,5,10],"killed_by":"Lagavulin","ascension_level":7}