{"gold_per_floor":[115,115,126,79,79,79,109,109,109,138,156,40,60,88,88,185,185,204,193,58,58,58,58],"floor_reached":23,"playtime":779,"items_purged":["Strike_B"],"score":398,"play_id":"1280e24d-c52f-4d3e-97e4-ce1d7331c8c3","local_time":"20181215163722","is_ascension_mode":true,"campfire_choices":[{"data":"Zap","floor":6,"key":"SMITH"},{"data":"Gash","floor":8,"key":"SMITH"},{"floor":15,"key":"REST"}],"neow_cost":"NONE","seed_source_timestamp":91887638171605,"circlet_count":0,"master_deck":["Strike_B","Strike_B+1","Defend_B","Defend_B","Defend_B","Zap+1","Dualcast","Go for the Eyes+1","Leap","Gash","Gash+1","Streamline","Chill","Steam","Recycle","Creative AI+1","Hologram","Stack","Cold Snap","Capacitor+1","Shame","Ghostly","Ghostly","Ghostly","Ghostly","Ghostly"],"relics":["Cracked Core","NeowsBlessing","Frozen Egg 2","PreservedInsect","Ice Cream","The Courier","DataDisk","Juzu Bracelet","Empty Cage","Emotion Chip"],"potions_floor_usage":[14],"damage_taken":[{"damage":0,"enemies":"Cultist","floor":1,"turns":1},{"damage":0,"enemies":"Small Slimes","floor":3,"turns":1},{"damage":0,"enemies":"Gremlin Nob","floor":7,"turns":1},{"damage":16,"enemies":"3 Sentries","floor":10,"turns":5},{"damage":6,"enemies":"2 Louse","floor":11,"turns":3},{"damage":9,"enemies":"Looter","floor":13,"turns":3},{"damage":0,"enemies":"Gremlin Nob","floor":14,"turns":3},{"damage":19,"enemies":"The Guardian","floor":16,"turns":11},{"damage":23,"enemies":"Spheric Guardian","floor":18,"turns":4},{"damage":24,"enemies":"2 Thieves","floor":19,"turns":5},{"damage":17,"enemies":"Gremlin Leader","floor":23,"turns":7}],"seed_played":"-4933523223800305696","potions_obtained":[{"floor":1,"key":"Swift Potion"},{"floor":7,"key":"Ancient Potion"},{"floor":14,"key":"SteroidPotion"}],"is_trial":false,"path_per_floor":["M","?","M","$","?","R","E","R","T","E","M","$","M","E","R","B",null,"M","M","$","?","?","E"],"character_chosen":"DEFECT","items_purchased":["Gash","DataDisk","Cold Snap","Capacitor+1"],"campfire_rested":1,"item_purchase_floors":[4,12,20,20],"current_hp_per_floor":[68,53,53,53,50,50,50,50,50,34,28,28,19,19,41,22,62,39,15,15,15,15,0],"gold":58,"neow_bonus":"THREE_ENEMY_KILL","is_prod":false,"is_daily":false,"chose_seed":false,"campfire_upgraded":2,"win_rate":0,"timestamp":1544909842,"path_taken":["M","?","M","$","?","R","E","R","T","E","M","$","M","E","R","BOSS","M","M","$","?","?","E"],"build_version":"2018-12-13","purchased_purges":1,"victory":false,"max_hp_per_floor":[75,75,75,75,75,75,75,75,75,75,75,75,75,75,75,75,75,75,75,75,75,37,37],"card_choices":[{"not_picked":["Lockon","Hello World"],"picked":"Go for the Eyes","floor":1},{"not_picked":["Stack","Beam Cell"],"picked":"Leap","floor":3},{"not_picked":["Compile Driver","Cold Snap"],"picked":"Gash","floor":7},{"not_picked":["Leap","Lockon"],"picked":"Streamline","floor":10},{"not_picked":["Fission","Streamline"],"picked":"Chill","floor":11},{"not_picked":["Sweeping Beam","Consume"],"picked":"Steam","floor":13},{"not_picked":["Hello World+1","Force Field"],"picked":"Recycle","floor":14},{"not_picked":["Core Surge","Biased Cognition+1"],"picked":"Creative AI+1","floor":16},{"not_picked":["Reinforced Body","Sweeping Beam"],"picked":"Hologram","floor":18},{"not_picked":["Double Energy","Hologram"],"picked":"Stack","floor":19}],"player_experience":341491,"relics_obtained":[{"floor":7,"key":"PreservedInsect"},{"floor":9,"key":"Ice Cream"},{"floor":10,"key":"The Courier"},{"floor":14,"key":"Juzu Bracelet"}],"event_choices":[{"damage_healed":0,"gold_gain":0,"player_choice":"Entered Light","damage_taken":15,"max_hp_gain":0,"max_hp_loss":0,"event_name":"Shining Light","floor":2,"gold_loss":0,"cards_upgraded":["Strike_B","Go for the Eyes"]},{"damage_healed":0,"gold_gain":0,"player_choice":"Success","damage_taken":3,"relics_obtained":["Frozen Egg 2"],"max_hp_gain":0,"max_hp_loss":0,"event_name":"Scrap Ooze","floor":5,"gold_loss":0},{"damage_healed":0,"gold_gain":0,"player_choice":"Stole Relic","damage_taken":0,"relics_obtained":["Emotion Chip"],"max_hp_gain":0,"max_hp_loss":0,"event_name":"Addict","floor":21,"gold_loss":0,"cards_obtained":["Shame"]},{"damage_healed":0,"gold_gain":0,"player_choice":"Became a Ghost","damage_taken":0,"max_hp_gain":0,"max_hp_loss":38,"event_name":"Ghosts","floor":22,"gold_loss":0,"cards_obtained":["Ghostly","Ghostly","Ghostly","Ghostly","Ghostly"]}],"is_beta":false,"boss_relics":[{"not_picked":["Eternal Feather","Ectoplasm"],"picked":"Empty Cage"}],"items_purged_floors":[20],"is_endless":false,"potions_floor_spawned":[1,7,14],"killed_by":"Gremlin Leader","ascension_level":9}