{"gold_per_floor":[110,123,123,123,137,137,156,156,156,192,192,192,215,235,235,235],"floor_reached":16,"playtime":736,"items_purged":[],"score":117,"play_id":"e8ebd258-8d79-489b-9906-3aa88e80a585","local_time":"20181019224825","is_ascension_mode":true,"campfire_choices":[{"floor":6,"key":"REST"},{"data":"Poisoned Stab","floor":8,"key":"SMITH"},{"floor":12,"key":"REST"},{"floor":15,"key":"REST"}],"neow_cost":"PERCENT_DAMAGE","seed_source_timestamp":854884356261163,"circlet_count":0,"master_deck":["Defend_G","Defend_G","Defend_G","Defend_G","Defend_G","Strike_G","Strike_G","Survivor","Neutralize","Poisoned Stab+1","Choke+1","Blade Dance","Dodge and Roll","Dagger Throw+1","Accuracy","Backflip"],"relics":["Ring of the Snake","Golden Idol","Omamori","Ninja Scroll"],"potions_floor_usage":[10,10,16],"damage_taken":[{"damage":0,"enemies":"Cultist","floor":1,"turns":5},{"damage":0,"enemies":"2 Louse","floor":2,"turns":3},{"damage":1,"enemies":"Jaw Worm","floor":5,"turns":3},{"damage":1,"enemies":"Red Slaver","floor":7,"turns":2},{"damage":15,"enemies":"Lagavulin","floor":10,"turns":7},{"damage":0,"enemies":"2 Fungi Beasts","floor":13,"turns":1},{"damage":5,"enemies":"Large Slime","floor":14,"turns":5},{"damage":60,"enemies":"Slime Boss","floor":16,"turns":7}],"seed_played":"1928330372471076659","potions_obtained":[{"floor":1,"key":"PowerPotion"},{"floor":5,"key":"Block Potion"},{"floor":14,"key":"PowerPotion"}],"is_trial":false,"path_per_floor":["M","M","?","?","M","R","M","R","T","E","?","R","M","M","R"],"character_chosen":"THE_SILENT","items_purchased":[],"campfire_rested":3,"item_purchase_floors":[],"current_hp_per_floor":[49,49,32,32,31,52,51,51,51,36,22,43,43,38,59,0],"gold":235,"neow_bonus":"REMOVE_TWO","is_prod":false,"is_daily":false,"chose_seed":false,"campfire_upgraded":1,"win_rate":0,"timestamp":1540003705,"path_taken":["M","?","?","?","?","R","M","R","T","E","?","R","M","M","R","BOSS"],"build_version":"2018-10-18","purchased_purges":0,"victory":false,"max_hp_per_floor":[70,70,70,70,70,70,70,70,70,70,70,70,70,70,70,70],"card_choices":[{"not_picked":["Finisher","Underhanded Strike","Well Laid Plans"],"picked":"SKIP","floor":1},{"not_picked":["PiercingWail","Terror"],"picked":"Poisoned Stab","floor":2},{"not_picked":["Prepared","Malaise"],"picked":"Blade Dance","floor":5},{"not_picked":["Concentrate","Deflect"],"picked":"Dodge and Roll","floor":7},{"not_picked":["Slice","Unload"],"picked":"Dagger Throw","floor":10},{"not_picked":["Deadly Poison","Masterful Stab"],"picked":"Accuracy","floor":13},{"not_picked":["Concentrate","Slice"],"picked":"Backflip","floor":14}],"player_experience":331301,"relics_obtained":[{"floor":9,"key":"Omamori"},{"floor":10,"key":"Ninja Scroll"}],"event_choices":[{"damage_healed":0,"gold_gain":0,"player_choice":"Take Damage","damage_taken":17,"relics_obtained":["Golden Idol"],"max_hp_gain":0,"max_hp_loss":0,"event_name":"Golden Idol","floor":3,"gold_loss":0},{"damage_healed":0,"gold_gain":0,"cards_transformed":["Strike_G"],"player_choice":"Change","damage_taken":0,"max_hp_gain":0,"max_hp_loss":0,"event_name":"Living Wall","floor":4,"gold_loss":0,"cards_obtained":["Choke"]},{"damage_healed":0,"gold_gain":0,"player_choice":"Entered Light","damage_taken":14,"max_hp_gain":0,"max_hp_loss":0,"event_name":"Shining Light","floor":11,"gold_loss":0,"cards_upgraded":["Dagger Throw","Choke"]}],"is_beta":false,"boss_relics":[],"items_purged_floors":[],"is_endless":false,"potions_floor_spawned":[1,5,14],"killed_by":"Slime Boss","ascension_level":3}