{"gold_per_floor":[111,411,424,424,440,440,433,473,555,53,53,5,38,53,53,53],"floor_reached":16,"playtime":1083,"items_purged":[],"score":146,"play_id":"b7326c48-e46e-4689-a6db-3f9d8da771fa","local_time":"20190108153840","is_ascension_mode":true,"campfire_choices":[{"floor":6,"key":"REST"},{"floor":15,"key":"REST"}],"neow_cost":"NONE","seed_source_timestamp":1187637373603158,"circlet_count":0,"master_deck":["Defend_G","Defend_G","Defend_G","Defend_G","Defend_G","Strike_G","Strike_G","Strike_G","Strike_G","Strike_G","Survivor","Neutralize","Heel Hook","Regret","Blur","Sucker Punch","Flying Knee","Backflip","Footwork","Sucker Punch"],"relics":["White Beast Statue","Old Coin","Golden Idol","Bag of Marbles","Pear","Potion Belt","Oddly Smooth Stone","MealTicket","Anchor"],"potions_floor_usage":[5,8,13,13,14,16,16],"damage_taken":[{"damage":5,"enemies":"Small Slimes","floor":1,"turns":4},{"damage":4,"enemies":"2 Louse","floor":3,"turns":3},{"damage":9,"enemies":"Jaw Worm","floor":5,"turns":4},{"damage":3,"enemies":"Exordium Thugs","floor":7,"turns":5},{"damage":29,"enemies":"Gremlin Nob","floor":8,"turns":6},{"damage":24,"enemies":"3 Sentries","floor":13,"turns":8},{"damage":1,"enemies":"Exordium Wildlife","floor":14,"turns":5},{"damage":41,"enemies":"Hexaghost","floor":16,"turns":16}],"seed_played":"3810471391912074225","potions_obtained":[{"floor":1,"key":"PowerPotion"},{"floor":3,"key":"Energy Potion"},{"floor":5,"key":"Block Potion"},{"floor":7,"key":"LiquidBronze"},{"floor":8,"key":"PowerPotion"},{"floor":13,"key":"Fruit Juice"},{"floor":14,"key":"AttackPotion"}],"is_trial":false,"path_per_floor":["M","?","M","?","M","R","M","E","T","$","?","?","E","M","R","B"],"character_chosen":"THE_SILENT","items_purchased":["Potion Belt","Oddly Smooth Stone","MealTicket"],"campfire_rested":2,"item_purchase_floors":[10,10,10],"current_hp_per_floor":[65,65,61,44,35,56,53,24,34,34,34,34,10,14,39,0],"gold":53,"neow_bonus":"BOSS_RELIC","is_prod":false,"is_daily":false,"chose_seed":false,"campfire_upgraded":0,"win_rate":0,"timestamp":1546979920,"path_taken":["M","?","M","?","M","R","M","E","T","$","?","?","E","M","R","BOSS"],"build_version":"2019-01-03v4","purchased_purges":0,"victory":false,"max_hp_per_floor":[70,70,70,70,70,70,70,70,80,80,80,80,80,85,85,85],"card_choices":[{"not_picked":["Deflect","Distraction"],"picked":"Heel Hook","floor":1},{"not_picked":["Masterful Stab","Underhanded Strike"],"picked":"Blur","floor":3},{"not_picked":["Outmaneuver","Dagger Spray"],"picked":"Sucker Punch","floor":5},{"not_picked":["Flechettes","Slice"],"picked":"Flying Knee","floor":7},{"not_picked":["Flying Knee","Underhanded Strike"],"picked":"Backflip","floor":8},{"not_picked":["Cloak And Dagger","Poisoned Stab"],"picked":"Footwork","floor":13},{"not_picked":["Poisoned Stab","Slice"],"picked":"Sucker Punch","floor":14}],"player_experience":181787,"relics_obtained":[{"floor":8,"key":"Bag of Marbles"},{"floor":9,"key":"Pear"},{"floor":13,"key":"Anchor"}],"event_choices":[{"damage_healed":0,"gold_gain":0,"player_choice":"Box","damage_taken":0,"relics_obtained":["Old Coin"],"max_hp_gain":0,"max_hp_loss":0,"event_name":"Big Fish","floor":2,"gold_loss":0,"cards_obtained":["Regret"]},{"damage_healed":0,"gold_gain":0,"player_choice":"Take Damage","damage_taken":17,"relics_obtained":["Golden Idol"],"max_hp_gain":0,"max_hp_loss":0,"event_name":"Golden Idol","floor":4,"gold_loss":0},{"damage_healed":0,"gold_gain":0,"player_choice":"Ignored","damage_taken":0,"max_hp_gain":0,"max_hp_loss":0,"event_name":"Liars Game","floor":11,"gold_loss":0},{"damage_healed":0,"gold_gain":0,"player_choice":"Left Gold","damage_taken":0,"max_hp_gain":0,"max_hp_loss":0,"event_name":"World of Goop","floor":12,"gold_loss":48}],"is_beta":false,"boss_relics":[],"items_purged_floors":[],"is_endless":false,"potions_floor_spawned":[1,3,5,7,8,13,14],"killed_by":"Hexaghost","ascension_level":2}