{"gold_per_floor":[112,112,112,126,146,478,478,490,490,521,67,79,112,125,125,223,223,243,243,259,6,17,46,46,81,108,108,108,123,123,0,0,104,104,121,121,147,163,182,207,225,254,254,269,285,62,62,62,62,62,62,62,45,77,77],"floor_reached":55,"playtime":10014,"items_purged":["Strike_B","Writhe"],"score":1106,"play_id":"1e52baa1-60b3-4b7f-8503-644c4e7717c2","local_time":"20190122223641","is_ascension_mode":true,"campfire_choices":[{"data":"Zap","floor":7,"key":"SMITH"},{"data":"Buffer","floor":15,"key":"SMITH"},{"data":"Go for the Eyes","floor":24,"key":"SMITH"},{"data":"Capacitor","floor":27,"key":"SMITH"},{"data":"Dualcast","floor":32,"key":"SMITH"},{"floor":47,"key":"REST"},{"floor":49,"key":"RECALL"},{"data":"Defend_B","floor":52,"key":"SMITH"}],"neow_cost":"NONE","seed_source_timestamp":416507011271771,"circlet_count":0,"master_deck":["Strike_B+1","Strike_B+1","Defend_B+1","Defend_B","Defend_B","Defend_B","Zap+1","Dualcast+1","Go for the Eyes+1","Ball Lightning","Buffer+1","Cold Snap","Steam","Coolheaded+1","Turbo+1","Go for the Eyes+1","Conserve Battery+1","Skim+1","Capacitor+1","Seek+1","Loop+1","Tempest+1","Steam+1","Sweeping Beam+1","Leap+1","Core Surge","Barrage+1","Parasite","Doom and Gloom+1","Reinforced Body+1","Ball Lightning+1","Clumsy","Defragment+1","Core Surge","Master of Strategy+1","Leap+1","Hologram+1","Sunder","Steam+1"],"relics":["Cracked Core","Old Coin","Mercury Hourglass","Toxic Egg 2","Membership Card","Meat on the Bone","Centennial Puzzle","Velvet Choker","Bottled Lightning","Letter Opener","Kunai","Bottled Flame","PreservedInsect","Ornamental Fan","Cursed Key","Pantograph","Bottled Tornado","Strawberry","Pen Nib"],"potions_floor_usage":[12,13,13,18,23,35,39,41,50,54,55,55],"damage_taken":[{"damage":7,"enemies":"Small Slimes","floor":1,"turns":4},{"damage":0,"enemies":"Cultist","floor":4,"turns":3},{"damage":0,"enemies":"2 Louse","floor":5,"turns":2},{"damage":12,"enemies":"Gremlin Nob","floor":6,"turns":4},{"damage":9,"enemies":"Lots of Slimes","floor":8,"turns":3},{"damage":14,"enemies":"3 Sentries","floor":10,"turns":4},{"damage":1,"enemies":"Looter","floor":12,"turns":3},{"damage":0,"enemies":"Lagavulin","floor":13,"turns":4},{"damage":0,"enemies":"2 Fungi Beasts","floor":14,"turns":3},{"damage":0,"enemies":"The Guardian","floor":16,"turns":12},{"damage":0,"enemies":"Shell Parasite","floor":18,"turns":6},{"damage":3,"enemies":"Chosen","floor":20,"turns":5},{"damage":6,"enemies":"Snake Plant","floor":22,"turns":3},{"damage":5,"enemies":"Book of Stabbing","floor":23,"turns":5},{"damage":11,"enemies":"Gremlin Leader","floor":25,"turns":5},{"damage":0,"enemies":"Chosen and Byrds","floor":29,"turns":4},{"damage":0,"enemies":"Automaton","floor":33,"turns":12},{"damage":26,"enemies":"3 Darklings","floor":35,"turns":4},{"damage":6,"enemies":"3 Shapes","floor":38,"turns":2},{"damage":5,"enemies":"3 Darklings","floor":39,"turns":3},{"damage":0,"enemies":"Giant Head","floor":40,"turns":8},{"damage":0,"enemies":"Transient","floor":41,"turns":5},{"damage":0,"enemies":"Nemesis","floor":42,"turns":7},{"damage":20,"enemies":"Maw","floor":44,"turns":8},{"damage":0,"enemies":"3 Darklings","floor":45,"turns":3},{"damage":36,"enemies":"Time Eater","floor":50,"turns":10},{"damage":20,"enemies":"Shield and Spear","floor":54,"turns":4},{"damage":106,"enemies":"The Heart","floor":55,"turns":11}],"seed_played":"5506054464257460928","potions_obtained":[{"floor":1,"key":"FocusPotion"},{"floor":4,"key":"GamblersBrew"},{"floor":10,"key":"AttackPotion"},{"floor":16,"key":"EssenceOfSteel"},{"floor":20,"key":"EntropicBrew"},{"floor":25,"key":"Strength Potion"},{"floor":38,"key":"Swift Potion"},{"floor":39,"key":"Block Potion"},{"floor":41,"key":"SteroidPotion"},{"floor":54,"key":"GamblersBrew"}],"is_trial":false,"path_per_floor":["M","?","?","M","M","E","R","M","T","E","$","M","E","M","R","B",null,"M","?","M","$","M","E","R","E","T","R","$","M","?","$","R","B",null,"M","?","T","M","M","E","M","E","T","M","M","$","R","?","R","B",null,"R","$","E","B"],"character_chosen":"DEFECT","items_purchased":["Membership Card","Meat on the Bone","Fruit Juice","Turbo+1","Go for the Eyes","Bottled Lightning","Letter Opener","Ornamental Fan","Master of Strategy+1","EssenceOfSteel","Leap+1","Hologram+1","Sunder"],"campfire_rested":1,"item_purchase_floors":[11,11,11,11,11,21,21,31,46,46,46,46,53],"current_hp_per_floor":[75,59,59,59,59,47,47,38,38,24,24,40,52,52,52,52,87,87,87,84,84,78,73,73,62,62,62,62,62,45,45,45,57,92,66,89,89,83,78,78,78,78,85,65,65,65,94,94,94,63,99,99,99,79,0],"gold":77,"neow_bonus":"TEN_PERCENT_HP_BONUS","is_prod":false,"is_daily":false,"chose_seed":false,"campfire_upgraded":6,"win_rate":0,"timestamp":1548225401,"path_taken":["M","?","?","M","M","E","R","M","T","E","$","M","E","?","R","BOSS","M","?","?","?","M","E","R","E","T","R","$","M","?","$","R","BOSS","M","?","?","M","M","E","M","E","T","M","M","$","R","?","R","BOSS","R","$","E","BOSS"],"build_version":"2019-01-17v2","purchased_purges":2,"victory":false,"max_hp_per_floor":[82,82,82,82,82,82,82,82,82,82,82,87,87,87,87,87,87,87,87,87,87,87,87,87,87,87,87,87,87,92,92,92,92,92,92,92,92,92,92,92,92,92,99,99,99,99,99,99,99,99,99,99,99,99,99],"card_choices":[{"not_picked":["Leap","Cold Snap"],"picked":"Go for the Eyes","floor":1},{"not_picked":["Stack","Redo"],"picked":"Ball Lightning","floor":4},{"not_picked":["Barrage","Sweeping Beam"],"picked":"Buffer","floor":5},{"not_picked":["Hologram","Double Energy"],"picked":"Cold Snap","floor":6},{"not_picked":["Hologram","Coolheaded"],"picked":"Steam","floor":8},{"not_picked":["Steam","Recycle"],"picked":"Coolheaded","floor":10},{"not_picked":["Coolheaded+1","Stack+1"],"picked":"Conserve Battery+1","floor":12},{"not_picked":["Steam Power+1","Aggregate+1"],"picked":"Skim+1","floor":13},{"not_picked":["Beam Cell","Undo+1"],"picked":"Capacitor","floor":14},{"not_picked":["Thunder Strike","Fission+1"],"picked":"Seek+1","floor":16},{"not_picked":["Streamline","Sweeping Beam","Go for the Eyes"],"picked":"SKIP","floor":18},{"not_picked":["Turbo+1","Conserve Battery+1"],"picked":"Loop+1","floor":20},{"not_picked":["Rebound","Creative AI"],"picked":"Tempest+1","floor":22},{"not_picked":["Self Repair","Rip and Tear"],"picked":"Steam+1","floor":23},{"not_picked":["Fusion+1","Ball Lightning"],"picked":"Sweeping Beam+1","floor":25},{"not_picked":["Gash","Turbo+1"],"picked":"Leap+1","floor":29},{"not_picked":["All For One","Fission+1"],"picked":"Core Surge","floor":33},{"not_picked":["Go for the Eyes","Aggregate+1"],"picked":"Barrage+1","floor":35},{"not_picked":["Steam+1","Leap+1"],"picked":"Doom and Gloom+1","floor":38},{"not_picked":["Conserve Battery+1","Auto Shields+1"],"picked":"Blizzard+1","floor":39},{"not_picked":["Go for the Eyes","Coolheaded+1","Melter"],"picked":"SKIP","floor":40},{"not_picked":["Ball Lightning+1","Leap+1"],"picked":"Reinforced Body+1","floor":41},{"not_picked":["Beam Cell","Redo+1"],"picked":"Ball Lightning+1","floor":42},{"not_picked":["Go for the Eyes","FTL"],"picked":"Defragment+1","floor":44},{"not_picked":["Capacitor+1","Redo+1"],"picked":"Core Surge","floor":45},{"not_picked":["Recycle+1","Redo+1"],"picked":"Steam+1","floor":54}],"player_experience":320850,"relics_obtained":[{"floor":6,"key":"Old Coin"},{"floor":9,"key":"Mercury Hourglass"},{"floor":10,"key":"Toxic Egg 2"},{"floor":13,"key":"Centennial Puzzle"},{"floor":23,"key":"Kunai"},{"floor":25,"key":"Bottled Flame"},{"floor":26,"key":"PreservedInsect"},{"floor":40,"key":"Pantograph"},{"floor":42,"key":"Bottled Tornado"},{"floor":43,"key":"Strawberry"},{"floor":54,"key":"Pen Nib"}],"event_choices":[{"damage_healed":0,"gold_gain":0,"player_choice":"Entered Light","damage_taken":16,"max_hp_gain":0,"max_hp_loss":0,"event_name":"Shining Light","floor":2,"gold_loss":0,"cards_upgraded":["Strike_B","Strike_B"]},{"damage_healed":0,"gold_gain":0,"player_choice":"Forge","damage_taken":0,"max_hp_gain":0,"max_hp_loss":0,"event_name":"Accursed Blacksmith","floor":3,"gold_loss":0,"cards_upgraded":["Go for the Eyes"]},{"cards_removed":["Strike_B"],"damage_healed":0,"gold_gain":0,"player_choice":"Purged","damage_taken":0,"max_hp_gain":0,"max_hp_loss":0,"event_name":"Purifier","floor":19,"gold_loss":0},{"damage_healed":0,"gold_gain":0,"player_choice":"Shed Blood","damage_taken":22,"max_hp_gain":5,"max_hp_loss":0,"event_name":"Forgotten Altar","floor":30,"gold_loss":0},{"damage_healed":23,"gold_gain":0,"player_choice":"Writhe","damage_taken":0,"max_hp_gain":0,"max_hp_loss":0,"event_name":"Winding Halls","floor":36,"gold_loss":0,"cards_obtained":["Writhe"]},{"cards_removed":["Blizzard"],"damage_healed":0,"gold_gain":0,"player_choice":"Removed Attack","damage_taken":0,"max_hp_gain":0,"max_hp_loss":0,"event_name":"Falling","floor":48,"gold_loss":0}],"is_beta":false,"boss_relics":[{"not_picked":["Ectoplasm","Lizard Tail"],"picked":"Velvet Choker"},{"not_picked":["Empty Cage","Philosopher\u0027s Stone"],"picked":"Cursed Key"}],"items_purged_floors":[11,46],"is_endless":false,"potions_floor_spawned":[1,4,10,16,20,25,33,38,39,41,42,54],"killed_by":"The Heart","ascension_level":2}