{"gold_per_floor":[115,130,31,45,120,153,153,183,183,208,220,237,237,254,254,355,355,373,71,71,23,40,40,51,51,98,147,160,160,171,171,171,171],"floor_reached":33,"playtime":1988,"items_purged":["Strike_R"],"score":270,"play_id":"7f663122-e0e4-4c67-9661-1309ffd0eefe","local_time":"20181207190618","is_ascension_mode":true,"campfire_choices":[{"floor":13,"key":"REST"},{"floor":15,"key":"RECALL"},{"data":"Armaments","floor":23,"key":"SMITH"},{"data":"Uppercut","floor":25,"key":"SMITH"},{"data":"Metallicize","floor":29,"key":"SMITH"},{"floor":32,"key":"REST"}],"neow_cost":"TEN_PERCENT_HP_LOSS","seed_source_timestamp":66604621599209,"circlet_count":0,"master_deck":["Strike_R","Strike_R","Defend_R","Defend_R","Defend_R","Bash","True Grit","Uppercut+1","Armaments+1","Pommel Strike","Shrug It Off","Metallicize+1","Impervious","Ghostly Armor+1","Shrug It Off"],"relics":["Burning Blood","Bird Faced Urn","Singing Bowl","Lantern","Busted Crown","Thread and Needle","Omamori","Bag of Marbles","Necronomicon"],"potions_floor_usage":[11,12,16,33,33],"damage_taken":[{"damage":6,"enemies":"Cultist","floor":1,"turns":4},{"damage":6,"enemies":"Jaw Worm","floor":2,"turns":6},{"damage":0,"enemies":"2 Louse","floor":4,"turns":2},{"damage":31,"enemies":"Lagavulin","floor":6,"turns":7},{"damage":28,"enemies":"Gremlin Nob","floor":8,"turns":4},{"damage":3,"enemies":"Lots of Slimes","floor":11,"turns":8},{"damage":4,"enemies":"Exordium Thugs","floor":12,"turns":5},{"damage":0,"enemies":"Looter","floor":14,"turns":3},{"damage":36,"enemies":"The Guardian","floor":16,"turns":15},{"damage":20,"enemies":"2 Thieves","floor":18,"turns":5},{"damage":4,"enemies":"Spheric Guardian","floor":22,"turns":7},{"damage":0,"enemies":"Snecko","floor":24,"turns":8},{"damage":8,"enemies":"3 Cultists","floor":28,"turns":8},{"damage":7,"enemies":"Centurion and Healer","floor":30,"turns":7},{"damage":93,"enemies":"Collector","floor":33,"turns":12}],"seed_played":"896238209690641095","potions_obtained":[{"floor":2,"key":"Dexterity Potion"},{"floor":6,"key":"Swift Potion"},{"floor":11,"key":"Ancient Potion"},{"floor":12,"key":"SteroidPotion"},{"floor":18,"key":"SmokeBomb"},{"floor":22,"key":"FearPotion"}],"is_trial":false,"path_per_floor":["M","M","$","M","?","E","?","E","T","T","M","M","R","M","R","B",null,"M","$","?","$","M","R","M","R","T","T","M","R","M","?","R","B"],"character_chosen":"IRONCLAD","items_purchased":["Armaments","Thread and Needle","Shrug It Off"],"campfire_rested":2,"item_purchase_floors":[3,19,21],"current_hp_per_floor":[72,72,72,72,61,36,36,14,14,14,17,23,45,53,53,25,76,64,64,64,64,70,70,80,80,80,80,80,80,83,67,84,0],"gold":171,"neow_bonus":"REMOVE_TWO","is_prod":false,"is_daily":false,"chose_seed":false,"campfire_upgraded":3,"win_rate":0,"timestamp":1544227578,"path_taken":["M","M","$","M","?","E","?","E","T","?","M","M","R","M","R","BOSS","M","$","?","$","?","R","M","R","T","?","M","R","M","?","R","BOSS"],"build_version":"2018-12-06","purchased_purges":1,"victory":false,"max_hp_per_floor":[72,72,72,72,72,72,72,72,72,72,72,74,74,76,76,76,76,76,76,76,76,78,78,80,80,80,80,82,82,84,84,84,84],"card_choices":[{"not_picked":["Havoc","Body Slam"],"picked":"True Grit","floor":1},{"not_picked":["Thunderclap","Rage"],"picked":"Uppercut","floor":2},{"not_picked":["Headbutt","Corruption","Body Slam"],"picked":"SKIP","floor":4},{"not_picked":["True Grit","Intimidate"],"picked":"Pommel Strike","floor":6},{"not_picked":["Exhume","Flex"],"picked":"Shrug It Off","floor":8},{"not_picked":["Sever Soul","Rupture"],"picked":"Metallicize","floor":11},{"not_picked":["Fire Breathing","Flex","Intimidate"],"picked":"Singing Bowl","floor":12},{"not_picked":["Body Slam","Sever Soul","Carnage"],"picked":"Singing Bowl","floor":14},{"not_picked":["Demon Form","Limit Break"],"picked":"Impervious","floor":16},{"not_picked":[],"picked":"Ghostly Armor+1","floor":18},{"not_picked":["Sever Soul+1"],"picked":"Singing Bowl","floor":22},{"not_picked":["Cleave"],"picked":"Singing Bowl","floor":24},{"not_picked":["Corruption"],"picked":"Singing Bowl","floor":28},{"not_picked":["Perfected Strike+1"],"picked":"Singing Bowl","floor":30}],"player_experience":686297,"relics_obtained":[{"floor":6,"key":"Bird Faced Urn"},{"floor":8,"key":"Singing Bowl"},{"floor":10,"key":"Lantern"},{"floor":26,"key":"Omamori"},{"floor":27,"key":"Bag of Marbles"},{"floor":31,"key":"Necronomicon"}],"event_choices":[{"damage_healed":0,"gold_gain":75,"player_choice":"Gather Gold","damage_taken":11,"max_hp_gain":0,"max_hp_loss":0,"event_name":"World of Goop","floor":5,"gold_loss":0},{"cards_removed":["Strike_R"],"damage_healed":0,"gold_gain":0,"player_choice":"Forget","damage_taken":0,"max_hp_gain":0,"max_hp_loss":0,"event_name":"Living Wall","floor":7,"gold_loss":0},{"damage_healed":0,"gold_gain":0,"player_choice":"Leave","damage_taken":0,"max_hp_gain":0,"max_hp_loss":0,"event_name":"FaceTrader","floor":20,"gold_loss":0},{"damage_healed":0,"gold_gain":0,"player_choice":"Obtained Book","damage_taken":16,"max_hp_gain":0,"max_hp_loss":0,"event_name":"Cursed Tome","floor":31,"gold_loss":0}],"is_beta":false,"boss_relics":[{"not_picked":["Tiny House","White Beast Statue"],"picked":"Busted Crown"}],"items_purged_floors":[3],"is_endless":false,"potions_floor_spawned":[2,6,11,12,18,22,28],"killed_by":"Collector","ascension_level":1}