{"gold_per_floor":[13,26,39,39,55,84,101,135,135,285,285,285,300,316,316,393,393,366,366,1,12,31,65,9,29,29,29,129,129,144,170,170,241,241,252,17,27,7,20,20,45,45,72,101,0,29,29,41,41,41,41,41,41,3,3],"floor_reached":55,"playtime":4320,"items_purged":["Strike_R"],"score":1988,"play_id":"54dbb987-c8da-4d1d-b67a-1fa9880b99bb","local_time":"20190209202246","is_ascension_mode":true,"campfire_choices":[{"data":"1","floor":12.0,"key":"LIFT"},{"data":"2","floor":15.0,"key":"LIFT"},{"data":"Apotheosis","floor":27.0,"key":"SMITH"},{"data":"3","floor":29.0,"key":"LIFT"},{"floor":32.0,"key":"DIG"},{"floor":40.0,"key":"REST"},{"floor":42.0,"key":"DIG"},{"floor":49.0,"key":"RECALL"},{"floor":53,"key":"DIG"}],"neow_cost":"NO_GOLD","seed_source_timestamp":0,"circlet_count":0,"master_deck":["AscendersBane","Strike_R","Strike_R","Strike_R","Defend_R","Defend_R","Defend_R","Defend_R","Bash","Disarm","Carnage","Flame Barrier","Metallicize","Immolate","Disarm","Reaper","Clothesline","Apotheosis+1","Power Through","Shrug It Off","Barricade","Shrug It Off","Pommel Strike","Battle Trance","Flame Barrier","Reaper","Evolve","Dual Wield","Offering","Entrench","Warcry+1","Pommel Strike+1","Metallicize","Dual Wield","Metallicize","Inflame","Headbutt+1"],"special_seed":0,"relics":["Burning Blood","Gambling Chip","Juzu Bracelet","Sundial","Girya","Mark of Pain","Spirit Poop","Bag of Marbles","Blue Candle","StoneCalendar","Turnip","Pantograph","Shovel","Blood Vial","Orrery","Membership Card","Dream Catcher","Unceasing Top","Singing Bowl","Red Mask","Question Card","Pear"],"potions_floor_usage":[50],"damage_taken":[{"damage":9.0,"enemies":"2 Louse","floor":1.0,"turns":4.0},{"damage":2.0,"enemies":"Cultist","floor":2.0,"turns":4.0},{"damage":9.0,"enemies":"Jaw Worm","floor":3.0,"turns":3.0},{"damage":14.0,"enemies":"Red Slaver","floor":5.0,"turns":5.0},{"damage":43.0,"enemies":"3 Sentries","floor":6.0,"turns":13.0},{"damage":9.0,"enemies":"Large Slime","floor":7.0,"turns":5.0},{"damage":27.0,"enemies":"Gremlin Nob","floor":8.0,"turns":4.0},{"damage":5.0,"enemies":"Looter","floor":13.0,"turns":5.0},{"damage":7.0,"enemies":"Exordium Wildlife","floor":14.0,"turns":5.0},{"damage":34.0,"enemies":"The Guardian","floor":16.0,"turns":17.0},{"damage":19.0,"enemies":"2 Thieves","floor":18.0,"turns":4.0},{"damage":10.0,"enemies":"3 Byrds","floor":21.0,"turns":3.0},{"damage":0.0,"enemies":"Snake Plant","floor":22.0,"turns":5.0},{"damage":22.0,"enemies":"Book of Stabbing","floor":23.0,"turns":7.0},{"damage":1.0,"enemies":"3 Cultists","floor":25.0,"turns":4.0},{"damage":15.0,"enemies":"Colosseum Slavers","floor":28.0,"turns":3.0},{"damage":16.0,"enemies":"Colosseum Nobs","floor":28.0,"turns":4.0},{"damage":21.0,"enemies":"Cultist and Chosen","floor":30.0,"turns":5.0},{"damage":14.0,"enemies":"Slavers","floor":31.0,"turns":3.0},{"damage":55.0,"enemies":"Collector","floor":33.0,"turns":10.0},{"damage":41.0,"enemies":"3 Darklings","floor":35.0,"turns":7.0},{"damage":7.0,"enemies":"Orb Walker","floor":37.0,"turns":3.0},{"damage":5.0,"enemies":"4 Shapes","floor":39.0,"turns":7.0},{"damage":6.0,"enemies":"Giant Head","floor":41.0,"turns":25.0},{"damage":18.0,"enemies":"Nemesis","floor":44.0,"turns":13.0},{"damage":29.0,"enemies":"Reptomancer","floor":46.0,"turns":7.0},{"damage":15.0,"enemies":"Spire Growth","floor":48.0,"turns":9.0},{"damage":83,"enemies":"Time Eater","floor":50,"turns":44},{"damage":21,"enemies":"Donu and Deca","floor":51,"turns":23},{"damage":113,"enemies":"Shield and Spear","floor":55,"turns":9}],"seed_played":"-5488861594869314310","potions_obtained":[{"floor":2.0,"key":"Regen Potion"},{"floor":5.0,"key":"Explosive Potion"},{"floor":14.0,"key":"GamblersBrew"},{"floor":16.0,"key":"Weak Potion"},{"floor":23.0,"key":"SpeedPotion"},{"floor":25.0,"key":"FearPotion"},{"floor":28.0,"key":"Ancient Potion"},{"floor":33.0,"key":"SpeedPotion"},{"floor":35.0,"key":"SkillPotion"},{"floor":37.0,"key":"Energy Potion"},{"floor":41.0,"key":"Ancient Potion"},{"floor":48.0,"key":"Block Potion"}],"is_trial":false,"path_per_floor":["M","M","M","?","M","E","M","E","T","?","?","R","M","M","R","B",null,"M","?","$","M","M","E","$","M","T","R","?","R","M","E","R","B",null,"M","$","M","$","M","R","E","R","T","E","?","E","$","M","R","B","B",null,"R","$","E"],"character_chosen":"IRONCLAD","items_purchased":["Apotheosis","Bag of Marbles","Shrug It Off","Membership Card","Metallicize","Metallicize"],"campfire_rested":1,"item_purchase_floors":[20,20,24,36,36,38],"current_hp_per_floor":[65,69,66,66,58,36,33,12,12,12,37,37,38,37,37,9,59,52,52,52,48,61,55,55,72,72,72,53,53,60,60,60,42,67,34,34,35,35,38,60,75,75,75,77,77,62,62,68,68,79,79,79,89,89,0],"gold":3,"neow_bonus":"ONE_RARE_RELIC","is_prod":false,"is_daily":false,"chose_seed":false,"campfire_upgraded":1,"win_rate":0,"timestamp":1549740166,"path_taken":["M","M","M","?","M","E","M","E","T","?","?","R","M","M","R","BOSS","M","?","$","M","M","E","$","M","T","R","?","R","M","E","R","BOSS","M","$","M","$","M","R","E","R","T","E","?","E","$","M","R","BOSS","BOSS","R","$","E"],"build_version":"2019-01-23","purchased_purges":1,"victory":false,"max_hp_per_floor":[75,75,75,75,75,75,75,75,75,75,75,75,75,75,75,75,75,75,75,75,75,75,75,75,75,75,75,75,75,75,75,75,75,75,75,75,75,75,75,75,75,75,75,77,77,77,77,79,79,79,79,79,89,89,89],"card_choices":[{"not_picked":["Thunderclap","Pommel Strike"],"picked":"Disarm","floor":1.0},{"not_picked":["Warcry","Wild Strike"],"picked":"Carnage","floor":2.0},{"not_picked":["Shrug It Off","Iron Wave"],"picked":"Flame Barrier","floor":3.0},{"not_picked":["Reckless Charge","Armaments"],"picked":"Metallicize","floor":5.0},{"not_picked":["Twin Strike","Disarm"],"picked":"Immolate","floor":6.0},{"not_picked":["Second Wind","Rage","Clash"],"picked":"SKIP","floor":7.0},{"not_picked":["Rage","Headbutt","Thunderclap"],"picked":"SKIP","floor":8.0},{"not_picked":["Armaments","Body Slam"],"picked":"Disarm","floor":13.0},{"not_picked":["Corruption","Hemokinesis","Flex"],"picked":"SKIP","floor":14.0},{"not_picked":["Immolate","Exhume"],"picked":"Reaper","floor":16.0},{"not_picked":["Infernal Blade+1","Warcry"],"picked":"Clothesline","floor":18.0},{"not_picked":["Armaments","Pommel Strike"],"picked":"Power Through","floor":21.0},{"not_picked":["Sword Boomerang","Blood for Blood"],"picked":"Shrug It Off","floor":22.0},{"not_picked":["Battle Trance","Shrug It Off"],"picked":"Barricade","floor":23.0},{"not_picked":["Sentinel","Combust"],"picked":"Pommel Strike","floor":25.0},{"not_picked":["Clothesline","Wild Strike"],"picked":"Battle Trance","floor":30.0},{"not_picked":["Second Wind+1","Shrug It Off"],"picked":"Flame Barrier","floor":31.0},{"not_picked":["Double Tap","Barricade"],"picked":"Reaper","floor":33.0},{"not_picked":["Body Slam","Headbutt"],"picked":"Evolve","floor":34.0},{"not_picked":["Clothesline","Havoc+1"],"picked":"Dual Wield","floor":34.0},{"not_picked":["Reckless Charge","Flame Barrier"],"picked":"Offering","floor":34.0},{"not_picked":["Hemokinesis","Iron Wave"],"picked":"Entrench","floor":34.0},{"not_picked":["Anger","Dropkick"],"picked":"Warcry+1","floor":34.0},{"not_picked":["Thunderclap","Iron Wave"],"picked":"Pommel Strike+1","floor":35.0},{"not_picked":["Pommel Strike","Combust+1"],"picked":"Dual Wield","floor":37.0},{"not_picked":["Clash","Infernal Blade","Rupture"],"picked":"SKIP","floor":39.0},{"not_picked":["Dropkick","Dual Wield"],"picked":"Inflame","floor":41.0},{"not_picked":["Clash","Inflame","Pommel Strike"],"picked":"Singing Bowl","floor":44.0},{"not_picked":["Dropkick","Corruption+1"],"picked":"Headbutt+1","floor":46.0},{"not_picked":["Sword Boomerang+1","Reckless Charge","Shrug It Off","Thunderclap+1"],"picked":"Singing Bowl","floor":48.0}],"player_experience":652408,"relics_obtained":[{"floor":6.0,"key":"Juzu Bracelet"},{"floor":8.0,"key":"Sundial"},{"floor":9.0,"key":"Girya"},{"floor":23.0,"key":"Blue Candle"},{"floor":26.0,"key":"StoneCalendar"},{"floor":28.0,"key":"Turnip"},{"floor":28.0,"key":"Pantograph"},{"floor":31.0,"key":"Shovel"},{"floor":32.0,"key":"Blood Vial"},{"floor":41.0,"key":"Dream Catcher"},{"floor":42.0,"key":"Unceasing Top"},{"floor":44.0,"key":"Singing Bowl"},{"floor":46.0,"key":"Question Card"},{"floor":53,"key":"Pear"}],"event_choices":[{"cards_removed":["Strike_R"],"damage_healed":0.0,"max_hp_gain":0.0,"max_hp_loss":0.0,"gold_gain":0.0,"event_name":"Purifier","player_choice":"Purged","floor":4.0,"gold_loss":0.0,"damage_taken":0.0},{"damage_healed":0.0,"max_hp_gain":0.0,"max_hp_loss":0.0,"gold_gain":150.0,"event_name":"Liars Game","player_choice":"AGREE","floor":10.0,"gold_loss":0.0,"damage_taken":0.0,"cards_obtained":["Doubt"]},{"damage_healed":25.0,"max_hp_gain":0.0,"max_hp_loss":0.0,"gold_gain":0.0,"event_name":"Big Fish","player_choice":"Banana","floor":11.0,"gold_loss":0.0,"damage_taken":0.0},{"cards_removed":["Doubt"],"damage_healed":0.0,"max_hp_gain":0.0,"max_hp_loss":0.0,"gold_gain":0.0,"event_name":"Bonfire Elementals","player_choice":"Offered Curse","floor":19.0,"gold_loss":0.0,"damage_taken":0.0,"relics_obtained":["Spirit Poop"]},{"damage_healed":0.0,"max_hp_gain":0.0,"max_hp_loss":0.0,"gold_gain":0.0,"event_name":"Colosseum","player_choice":"Fight","floor":28.0,"gold_loss":0.0,"damage_taken":0.0},{"damage_healed":0.0,"max_hp_gain":0.0,"max_hp_loss":0.0,"gold_gain":0.0,"event_name":"Colosseum","player_choice":"Fought Nobs","floor":28.0,"gold_loss":0.0,"damage_taken":0.0},{"damage_healed":0.0,"max_hp_gain":0.0,"max_hp_loss":0.0,"gold_gain":0.0,"event_name":"Tomb of Lord Red Mask","player_choice":"Paid","floor":45.0,"gold_loss":101.0,"damage_taken":0.0,"relics_obtained":["Red Mask"]}],"is_beta":false,"boss_relics":[{"not_picked":["Runic Pyramid","Runic Dome"],"picked":"Mark of Pain"},{"not_picked":["Pandora\u0027s Box","Black Blood"],"picked":"Orrery"}],"items_purged_floors":[54],"is_endless":false,"potions_floor_spawned":[2,5,14,16,23,25,28,33,35,37,41,48],"killed_by":"Shield and Spear","ascension_level":20}