{"gold_per_floor":[110,110,110,126,140,140,151,151,174,184,184,184,204,204,204,280,280,291,291,291,54,54,54,54,67,114,126,126,140,140,173,173,173],"floor_reached":33,"playtime":1331,"items_purged":["Regret"],"score":635,"play_id":"ae982878-beff-4caf-b7cd-da4a3c70357e","local_time":"20190116000602","is_ascension_mode":true,"campfire_choices":[{"data":"Defragment","floor":6,"key":"SMITH"},{"data":"Zap","floor":12,"key":"SMITH"},{"data":"Go for the Eyes","floor":15,"key":"SMITH"},{"data":"Conserve Battery","floor":23,"key":"SMITH"},{"data":"Coolheaded","floor":28,"key":"SMITH"},{"data":"Auto Shields","floor":30,"key":"SMITH"},{"data":"Coolheaded","floor":32,"key":"SMITH"}],"neow_cost":"PERCENT_DAMAGE","seed_source_timestamp":129076880586783,"circlet_count":0,"master_deck":["AscendersBane","Defend_B","Defend_B","Defend_B+1","Zap+1","Dualcast+1","Cold Snap","Defragment+1","Reinforced Body+1","Go for the Eyes+1","Coolheaded+1","All For One+1","Conserve Battery+1","Doom and Gloom+1","Coolheaded+1","Electrodynamics","Bite","Bite","Bite","Bite","Bite","Auto Shields+1","Glacier","Melter+1","FTL"],"relics":["Cracked Core","Emotion Chip","War Paint","Velvet Choker","Strawberry","Whetstone"],"potions_floor_usage":[],"damage_taken":[{"damage":2,"enemies":"2 Louse","floor":1,"turns":2},{"damage":7,"enemies":"Jaw Worm","floor":4,"turns":3},{"damage":0,"enemies":"Small Slimes","floor":5,"turns":5},{"damage":17,"enemies":"Exordium Thugs","floor":7,"turns":8},{"damage":0,"enemies":"2 Fungi Beasts","floor":10,"turns":4},{"damage":0,"enemies":"Large Slime","floor":13,"turns":4},{"damage":6,"enemies":"Hexaghost","floor":16,"turns":11},{"damage":3,"enemies":"3 Byrds","floor":18,"turns":3},{"damage":8,"enemies":"Colosseum Slavers","floor":22,"turns":3},{"damage":0,"enemies":"Chosen","floor":25,"turns":4},{"damage":7,"enemies":"Sentry and Sphere","floor":27,"turns":4},{"damage":3,"enemies":"Centurion and Healer","floor":29,"turns":10},{"damage":19,"enemies":"Book of Stabbing","floor":31,"turns":9},{"damage":69,"enemies":"Collector","floor":33,"turns":9}],"seed_played":"2396209161712579330","potions_obtained":[{"floor":5,"key":"Strength Potion"},{"floor":13,"key":"Ancient Potion"}],"is_trial":false,"path_per_floor":["M","?","?","M","M","R","M","?","T","M","?","R","M","?","R","B",null,"M","?","?","$","?","R","?","M","T","M","R","M","R","E","R","B"],"character_chosen":"DEFECT","items_purchased":["FocusPotion","FocusPotion"],"campfire_rested":0,"item_purchase_floors":[21,21],"current_hp_per_floor":[44,44,37,30,30,30,13,13,13,13,13,13,13,13,13,7,55,52,32,32,32,26,26,26,34,41,36,36,59,59,48,48,0],"gold":173,"neow_bonus":"ONE_RARE_RELIC","is_prod":false,"is_daily":false,"chose_seed":false,"campfire_upgraded":7,"win_rate":0,"timestamp":1547564762,"path_taken":["M","?","?","M","M","R","M","?","T","?","?","R","M","?","R","BOSS","M","?","?","$","?","R","?","M","T","M","R","M","R","E","R","BOSS"],"build_version":"2019-01-10","purchased_purges":1,"victory":false,"max_hp_per_floor":[71,71,71,71,71,71,71,71,71,71,71,71,71,71,71,71,71,71,76,53,53,53,53,53,53,60,60,60,60,60,60,60,60],"card_choices":[{"not_picked":["Conserve Battery","Darkness"],"picked":"Cold Snap","floor":1},{"not_picked":["Skim","Gash"],"picked":"Reinforced Body","floor":4},{"not_picked":["Rebound","Turbo"],"picked":"Go for the Eyes","floor":5},{"not_picked":["Streamline","Barrage"],"picked":"Coolheaded","floor":7},{"not_picked":["Steam","Rebound"],"picked":"All For One","floor":10},{"not_picked":["Hologram","Barrage"],"picked":"Conserve Battery","floor":13},{"not_picked":["Thunder Strike","Biased Cognition"],"picked":"Electrodynamics","floor":16},{"not_picked":["Gash+1","Aggregate+1","Redo"],"picked":"SKIP","floor":18},{"not_picked":["Reprogram","Redo"],"picked":"Auto Shields","floor":25},{"not_picked":["Gash","Hologram"],"picked":"Glacier","floor":27},{"not_picked":["Gash","Conserve Battery"],"picked":"Melter+1","floor":29},{"not_picked":["Machine Learning","Chill"],"picked":"FTL","floor":31}],"player_experience":831494,"relics_obtained":[{"floor":9,"key":"War Paint"},{"floor":26,"key":"Strawberry"},{"floor":31,"key":"Whetstone"}],"event_choices":[{"damage_healed":0,"gold_gain":0,"cards_transformed":["Strike_B"],"player_choice":"Change","damage_taken":0,"max_hp_gain":0,"max_hp_loss":0,"event_name":"Living Wall","floor":2,"gold_loss":0,"cards_obtained":["Defragment"]},{"cards_removed":["Strike_B"],"damage_healed":0,"gold_gain":0,"player_choice":"Card Removal","damage_taken":7,"max_hp_gain":0,"max_hp_loss":0,"event_name":"Golden Wing","floor":3,"gold_loss":0},{"damage_healed":0,"gold_gain":0,"player_choice":"Upgraded","damage_taken":0,"max_hp_gain":0,"max_hp_loss":0,"event_name":"Upgrade Shrine","floor":8,"gold_loss":0,"cards_upgraded":["Reinforced Body"]},{"damage_healed":0,"gold_gain":0,"player_choice":"Fled","damage_taken":0,"max_hp_gain":0,"max_hp_loss":0,"event_name":"Scrap Ooze","floor":11,"gold_loss":0},{"damage_healed":0,"gold_gain":0,"player_choice":"3 cards matched","damage_taken":0,"max_hp_gain":0,"max_hp_loss":0,"event_name":"Match and Keep!","floor":14,"gold_loss":0,"cards_obtained":["Regret","Doom and Gloom","Coolheaded"]},{"damage_healed":0,"gold_gain":0,"player_choice":"Shed Blood","damage_taken":25,"max_hp_gain":5,"max_hp_loss":0,"event_name":"Forgotten Altar","floor":19,"gold_loss":0},{"damage_healed":0,"gold_gain":0,"player_choice":"Became a vampire","damage_taken":0,"max_hp_gain":0,"max_hp_loss":23,"event_name":"Vampires","floor":20,"gold_loss":0,"cards_obtained":["Bite","Bite","Bite","Bite","Bite"]},{"damage_healed":0,"gold_gain":0,"player_choice":"Fight","damage_taken":0,"max_hp_gain":0,"max_hp_loss":0,"event_name":"Colosseum","floor":22,"gold_loss":0},{"damage_healed":0,"gold_gain":0,"player_choice":"Fled From Nobs","damage_taken":0,"max_hp_gain":0,"max_hp_loss":0,"event_name":"Colosseum","floor":22,"gold_loss":0},{"cards_removed":["Defend_B"],"damage_healed":0,"gold_gain":0,"player_choice":"Offered Basic","damage_taken":0,"max_hp_gain":0,"max_hp_loss":0,"event_name":"Bonfire Elementals","floor":24,"gold_loss":0}],"is_beta":false,"boss_relics":[{"not_picked":["Astrolabe","Tiny House"],"picked":"Velvet Choker"}],"items_purged_floors":[21],"is_endless":false,"potions_floor_spawned":[5,13,25],"killed_by":"Collector","ascension_level":20}