{"gold_per_floor":[114,127,127,142,92,92,108,58,81,81,99,116,141,156,156,251,251,264,264,363,210,228,228],"floor_reached":23,"playtime":1720,"items_purged":[],"score":193,"play_id":"6ad9207b-6e1e-4491-a803-e39b4f7cbaed","local_time":"20181225123505","is_ascension_mode":false,"campfire_choices":[{"data":"Blizzard","floor":6,"key":"SMITH"},{"data":"Zap","floor":10,"key":"SMITH"},{"floor":15,"key":"REST"}],"neow_cost":"NONE","seed_source_timestamp":2298168114397417,"circlet_count":0,"master_deck":["Strike_B+1","Strike_B+1","Strike_B+1","Defend_B+1","Defend_B+1","Defend_B+1","Defend_B+1","Zap+1","Dualcast","Cold Snap","Sweeping Beam","Blizzard+1","Coolheaded","Ball Lightning","Echo Form","Ball Lightning","Creative AI","Self Repair","Storm","Melter","Genetic Algorithm"],"relics":["Cracked Core","NeowsBlessing","Regal Pillow","Boot","Black Star"],"potions_floor_usage":[],"damage_taken":[{"damage":0,"enemies":"Cultist","floor":1,"turns":1},{"damage":0,"enemies":"Jaw Worm","floor":2,"turns":1},{"damage":0,"enemies":"2 Louse","floor":4,"turns":1},{"damage":5,"enemies":"Blue Slaver","floor":7,"turns":3},{"damage":4,"enemies":"Gremlin Gang","floor":11,"turns":4},{"damage":10,"enemies":"3 Louse","floor":12,"turns":3},{"damage":13,"enemies":"3 Sentries","floor":13,"turns":6},{"damage":8,"enemies":"Looter","floor":14,"turns":3},{"damage":44,"enemies":"Hexaghost","floor":16,"turns":8},{"damage":18,"enemies":"3 Byrds","floor":18,"turns":4},{"damage":0,"enemies":"Spheric Guardian","floor":22,"turns":3},{"damage":59,"enemies":"Gremlin Leader","floor":23,"turns":4}],"seed_played":"3291060800924523485","potions_obtained":[{"floor":2,"key":"Block Potion"},{"floor":7,"key":"FocusPotion"},{"floor":12,"key":"SkillPotion"},{"floor":13,"key":"Ancient Potion"}],"is_trial":false,"path_per_floor":["M","M","$","M","$","R","M","?","T","R","M","M","E","M","R","B",null,"M","?","?","$","M","E"],"character_chosen":"DEFECT","items_purchased":["Coolheaded","Storm","Melter"],"campfire_rested":1,"item_purchase_floors":[5,21,21],"current_hp_per_floor":[75,75,75,75,75,75,70,70,70,70,66,56,43,35,72,28,75,57,57,57,57,57,0],"gold":228,"neow_bonus":"THREE_ENEMY_KILL","is_prod":false,"is_daily":false,"chose_seed":false,"campfire_upgraded":2,"win_rate":0.0,"timestamp":1545737705,"path_taken":["M","?","$","?","$","R","M","?","T","R","M","M","E","M","R","BOSS","M","?","?","$","M","E"],"build_version":"2018-12-20","purchased_purges":0,"victory":false,"max_hp_per_floor":[75,75,75,75,75,75,75,75,75,75,75,75,75,75,75,75,75,75,75,75,75,75,75],"card_choices":[{"not_picked":["Chaos","Heatsinks"],"picked":"Cold Snap","floor":1},{"not_picked":["Steam Power","Stack"],"picked":"Sweeping Beam","floor":2},{"not_picked":["Redo","Steam"],"picked":"Blizzard","floor":4},{"not_picked":["Compile Driver","Leap"],"picked":"Ball Lightning","floor":7},{"not_picked":["Go for the Eyes","Compile Driver","Turbo"],"picked":"SKIP","floor":11},{"not_picked":["Sweeping Beam","Conserve Battery"],"picked":"Echo Form","floor":12},{"not_picked":["Go for the Eyes","Compile Driver","Hologram"],"picked":"SKIP","floor":13},{"not_picked":["Go for the Eyes","Scrape"],"picked":"Ball Lightning","floor":14},{"not_picked":["Machine Learning","Amplify"],"picked":"Creative AI","floor":16},{"not_picked":["Redo","Steam"],"picked":"Self Repair","floor":18},{"not_picked":["Rebound","Beam Cell+1"],"picked":"Genetic Algorithm","floor":22}],"player_experience":28002,"relics_obtained":[{"floor":9,"key":"Regal Pillow"},{"floor":13,"key":"Boot"}],"event_choices":[{"cards_removed":["Strike_B"],"damage_healed":0,"gold_gain":0,"player_choice":"Card Removal","damage_taken":0,"max_hp_gain":0,"max_hp_loss":0,"event_name":"The Cleric","floor":8,"gold_loss":50},{"damage_healed":0,"gold_gain":0,"player_choice":"Simplicity","damage_taken":0,"max_hp_gain":0,"max_hp_loss":0,"event_name":"Back to Basics","floor":19,"gold_loss":0,"cards_upgraded":["Strike_B","Strike_B","Strike_B","Defend_B","Defend_B","Defend_B","Defend_B"]},{"damage_healed":0,"gold_gain":99,"player_choice":"Stole From Cult","damage_taken":0,"max_hp_gain":0,"max_hp_loss":0,"event_name":"Nest","floor":20,"gold_loss":0}],"is_beta":false,"boss_relics":[{"not_picked":["White Beast Statue","Runic Pyramid"],"picked":"Black Star"}],"items_purged_floors":[],"is_endless":false,"potions_floor_spawned":[2,7,12,13,22],"killed_by":"Gremlin Leader","ascension_level":0}