{"gold_per_floor":[110,110,60,60,60,60,81,104,104,29,47,47,47,67,67,67],"floor_reached":16,"playtime":460,"items_purged":["Regret"],"score":90,"play_id":"9cddc22c-2aa5-42a5-835a-1eb0b7922178","local_time":"20180831155639","is_ascension_mode":false,"campfire_choices":[{"data":"Zap","floor":6,"key":"SMITH"},{"data":"Consume","floor":13,"key":"SMITH"},{"data":"Dualcast","floor":15,"key":"SMITH"}],"neow_cost":"CURSE","seed_source_timestamp":70522728916271,"circlet_count":0,"master_deck":["Strike_B","Strike_B","Defend_B","Defend_B","Defend_B","Defend_B","Zap+1","Dualcast+1","Sweeping Beam","Storm","Stack","Consume+1","FTL","Coolheaded","Melter"],"relics":["Cracked Core","Matryoshka","Golden Idol","Bag of Marbles","Shuriken"],"potions_floor_usage":[],"damage_taken":[{"damage":4,"enemies":"Cultist","floor":1,"turns":3},{"damage":11,"enemies":"Small Slimes","floor":7,"turns":3},{"damage":14,"enemies":"Jaw Worm","floor":8,"turns":3},{"damage":13,"enemies":"Large Slime","floor":11,"turns":5},{"damage":5,"enemies":"Looter","floor":14,"turns":3},{"damage":13,"enemies":"The Guardian","floor":16,"turns":12}],"seed_played":"1112142428170185018","potions_obtained":[{"floor":7,"key":"Dexterity Potion"},{"floor":8,"key":"Regen Potion"},{"floor":12,"key":"LiquidBronze"}],"is_trial":false,"path_per_floor":["M","?","?","?","$","R","M","M","T","$","M","?","R","M","R"],"character_chosen":"DEFECT","items_purchased":[],"campfire_rested":0,"item_purchase_floors":[],"current_hp_per_floor":[71,71,71,53,53,53,42,28,28,28,15,15,15,10,10,0],"gold":67,"neow_bonus":"TRANSFORM_TWO_CARDS","is_prod":false,"is_daily":false,"chose_seed":false,"campfire_upgraded":3,"win_rate":0,"timestamp":1535698599,"path_taken":["M","?","?","?","$","R","M","M","T","$","M","?","R","M","R","BOSS"],"build_version":"2018-08-30","purchased_purges":1,"victory":false,"max_hp_per_floor":[75,75,75,75,75,75,75,75,75,75,75,75,75,75,75,75],"card_choices":[{"not_picked":["Leap","Sweeping Beam"],"picked":"Stack","floor":1},{"not_picked":["Streamline","Scrape"],"picked":"Consume","floor":7},{"not_picked":["Sweeping Beam","Streamline"],"picked":"FTL","floor":8},{"not_picked":["Consume","Skim"],"picked":"Coolheaded","floor":11},{"not_picked":["Compile Driver","Consume"],"picked":"Melter","floor":14}],"player_experience":374496,"relics_obtained":[{"floor":9,"key":"Bag of Marbles"},{"floor":9,"key":"Shuriken"}],"event_choices":[{"event_name":"Big Fish","player_choice":"Box","floor":2,"damage_taken":0},{"event_name":"The Cleric","player_choice":"Card Removal","floor":3,"damage_taken":0},{"event_name":"Golden Idol","player_choice":"Take Damage","floor":4,"damage_taken":0},{"event_name":"The Lab","player_choice":"Got Potions","floor":12,"damage_taken":0}],"is_beta":true,"boss_relics":[],"items_purged_floors":[10],"is_endless":false,"potions_floor_spawned":[7,8],"killed_by":"The Guardian","ascension_level":0}