{"gold_per_floor":[113,86,102,102,102,102,130,149,228,9,44,44,56,71,71,167,167,184,384,307,324,324,353,353],"floor_reached":24,"playtime":874,"items_purged":["Defend_B"],"score":299,"play_id":"b08e322b-223e-4297-b198-aa7f22510222","local_time":"20181202212905","is_ascension_mode":true,"campfire_choices":[{"data":"Rebound","floor":6,"key":"SMITH"},{"data":"White Noise","floor":12,"key":"SMITH"},{"data":"Melter","floor":15,"key":"SMITH"}],"neow_cost":"NONE","seed_source_timestamp":174209318252694,"circlet_count":0,"master_deck":["Zap","Dualcast","Cold Snap","Ball Lightning+1","Rebound+1","Redo","White Noise+1","Melter+1","Electrodynamics","Hologram","Melter","Coolheaded","Stack","Steam Power","Turbo","Loop+1","White Noise","Echo Form","Decay","Conserve Battery"],"relics":["Cracked Core","NeowsBlessing","Potion Belt","Mercury Hourglass","PreservedInsect","Unceasing Top","Pandora\u0027s Box","Lantern"],"potions_floor_usage":[16,24,24],"damage_taken":[{"damage":0,"enemies":"Small Slimes","floor":1,"turns":1},{"damage":0,"enemies":"Jaw Worm","floor":3,"turns":1},{"damage":0,"enemies":"Lagavulin","floor":7,"turns":1},{"damage":0,"enemies":"Cultist","floor":8,"turns":2},{"damage":20,"enemies":"3 Sentries","floor":11,"turns":3},{"damage":7,"enemies":"2 Fungi Beasts","floor":13,"turns":2},{"damage":12,"enemies":"Lots of Slimes","floor":14,"turns":2},{"damage":24,"enemies":"Hexaghost","floor":16,"turns":7},{"damage":4,"enemies":"3 Byrds","floor":18,"turns":2},{"damage":33,"enemies":"2 Thieves","floor":21,"turns":3},{"damage":52,"enemies":"Book of Stabbing","floor":23,"turns":4},{"damage":14,"enemies":"Snake Plant","floor":24,"turns":1}],"seed_played":"2300285923290989888","potions_obtained":[{"floor":7,"key":"LiquidBronze"},{"floor":13,"key":"FearPotion"},{"floor":14,"key":"AttackPotion"},{"floor":16,"key":"FairyPotion"},{"floor":18,"key":"Strength Potion"}],"is_trial":false,"path_per_floor":["M","$","M","?","?","R","E","M","T","$","E","R","M","M","R","B",null,"M","?","$","M","?","E","M"],"character_chosen":"DEFECT","items_purchased":["Ball Lightning","PreservedInsect","White Noise"],"campfire_rested":0,"item_purchase_floors":[2,10,20],"current_hp_per_floor":[75,75,75,68,68,68,68,68,68,68,48,48,41,29,29,5,75,71,71,71,38,38,7,0],"gold":353,"neow_bonus":"THREE_ENEMY_KILL","is_prod":false,"is_daily":false,"chose_seed":false,"campfire_upgraded":3,"win_rate":0,"timestamp":1543804145,"path_taken":["M","$","M","?","?","R","E","M","T","$","E","R","M","?","R","BOSS","M","?","$","?","?","E","M"],"build_version":"2018-11-15","purchased_purges":1,"victory":false,"max_hp_per_floor":[75,75,75,75,75,75,75,75,75,75,75,75,75,75,75,75,75,75,75,75,75,75,75,75],"card_choices":[{"not_picked":["Steam","Hologram"],"picked":"Cold Snap","floor":1},{"not_picked":["Steam","Sweeping Beam"],"picked":"Rebound","floor":3},{"not_picked":["Static Discharge","Streamline"],"picked":"Redo","floor":7},{"not_picked":["Gash","Redo"],"picked":"White Noise","floor":8},{"not_picked":["Fusion","Beam Cell","Heatsinks"],"picked":"SKIP","floor":11},{"not_picked":["Coolheaded","Meteor Strike","Turbo"],"picked":"SKIP","floor":13},{"not_picked":["Barrage","Stack"],"picked":"Melter","floor":14},{"not_picked":["Echo Form","Creative AI"],"picked":"Electrodynamics","floor":16},{"not_picked":["Hello World","Cold Snap"],"picked":"Loop+1","floor":18},{"not_picked":["Gash+1","Coolheaded"],"picked":"Echo Form","floor":21},{"not_picked":["Static Discharge","Hologram"],"picked":"Conserve Battery","floor":23}],"player_experience":248117,"relics_obtained":[{"floor":7,"key":"Potion Belt"},{"floor":9,"key":"Mercury Hourglass"},{"floor":11,"key":"Unceasing Top"},{"floor":23,"key":"Lantern"}],"event_choices":[{"cards_removed":["Strike_B"],"damage_healed":0,"gold_gain":0,"player_choice":"Card Removal","damage_taken":7,"max_hp_gain":0,"max_hp_loss":0,"event_name":"Golden Wing","floor":4,"gold_loss":0},{"damage_healed":0,"gold_gain":0,"player_choice":"Upgraded","damage_taken":0,"max_hp_gain":0,"max_hp_loss":0,"event_name":"Upgrade Shrine","floor":5,"gold_loss":0,"cards_upgraded":["Ball Lightning"]},{"damage_healed":0,"gold_gain":250,"player_choice":"Bet on Owner","damage_taken":0,"max_hp_gain":0,"max_hp_loss":0,"event_name":"The Joust","floor":19,"gold_loss":50},{"damage_healed":0,"gold_gain":0,"player_choice":"Smashed Altar","damage_taken":0,"max_hp_gain":0,"max_hp_loss":0,"event_name":"Forgotten Altar","floor":22,"gold_loss":0,"cards_obtained":["Decay"]}],"is_beta":false,"boss_relics":[{"not_picked":["Fusion Hammer","Black Star"],"picked":"Pandora\u0027s Box"}],"items_purged_floors":[10],"is_endless":false,"potions_floor_spawned":[7,13,14,16,18],"killed_by":"Snake Plant","ascension_level":4}