{"gold_per_floor":[110,120,120,120,134,159,159,174,174,192,47,61,61,73,73,172,172,185,95,108,128,148,148,167,167,167,167],"floor_reached":27,"playtime":866,"items_purged":[],"score":244,"play_id":"df41aeaf-d20d-471e-b8d0-b9a5dfea9d86","local_time":"20181224012453","is_ascension_mode":false,"campfire_choices":[{"data":"Whirlwind","floor":7,"key":"SMITH"},{"data":"Immolate","floor":13,"key":"SMITH"},{"data":"Limit Break","floor":15,"key":"SMITH"},{"floor":23,"key":"REST"},{"floor":25,"key":"RECALL"}],"neow_cost":"PERCENT_DAMAGE","seed_source_timestamp":548288236997567,"circlet_count":0,"master_deck":["Strike_R","Strike_R+1","Defend_R","Defend_R","Defend_R","Defend_R","Bash","Immolate+1","Inflame","Whirlwind+1","Exhume","Clothesline","Limit Break+1","Metallicize","Demon Form","Disarm+1"],"relics":["Burning Blood","Dead Branch","Pear","Singing Bowl","Empty Cage"],"potions_floor_usage":[22],"damage_taken":[{"damage":3,"enemies":"Jaw Worm","floor":1,"turns":3},{"damage":1,"enemies":"Cultist","floor":2,"turns":3},{"damage":1,"enemies":"2 Louse","floor":5,"turns":2},{"damage":26,"enemies":"3 Sentries","floor":6,"turns":4},{"damage":0,"enemies":"Gremlin Gang","floor":8,"turns":1},{"damage":13,"enemies":"Exordium Thugs","floor":10,"turns":2},{"damage":0,"enemies":"3 Louse","floor":12,"turns":1},{"damage":0,"enemies":"2 Fungi Beasts","floor":14,"turns":2},{"damage":58,"enemies":"The Guardian","floor":16,"turns":11},{"damage":28,"enemies":"3 Byrds","floor":18,"turns":5},{"damage":16,"enemies":"Chosen","floor":20,"turns":5},{"damage":35,"enemies":"Snecko","floor":21,"turns":6},{"damage":36,"enemies":"Centurion and Healer","floor":22,"turns":7},{"damage":25,"enemies":"Chosen and Byrds","floor":24,"turns":5},{"damage":34,"enemies":"Cultist and Chosen","floor":27,"turns":6}],"seed_played":"-3649125201375078787","potions_obtained":[{"floor":1,"key":"SkillPotion"},{"floor":8,"key":"SteroidPotion"},{"floor":10,"key":"Explosive Potion"}],"is_trial":false,"path_per_floor":["M","M","?","T","M","E","R","M","T","M","$","M","R","M","R","B",null,"M","?","M","M","M","R","M","R","T","M"],"character_chosen":"IRONCLAD","items_purchased":["Limit Break"],"campfire_rested":1,"item_purchase_floors":[11],"current_hp_per_floor":[59,64,69,69,74,64,64,70,70,65,65,73,73,79,79,27,99,79,79,71,42,14,45,28,28,28,0],"gold":167,"neow_bonus":"THREE_RARE_CARDS","is_prod":false,"is_daily":false,"chose_seed":false,"campfire_upgraded":3,"win_rate":0,"timestamp":1545582293,"path_taken":["M","M","?","?","M","E","R","M","T","M","?","M","R","M","R","BOSS","M","?","?","M","?","R","M","R","T","M"],"build_version":"2018-12-20","purchased_purges":0,"victory":false,"max_hp_per_floor":[80,80,85,85,85,95,95,95,95,97,97,99,99,99,99,99,99,101,101,103,103,105,105,107,107,107,107],"card_choices":[{"not_picked":["Feed","Exhume"],"picked":"Immolate","floor":0},{"not_picked":["Twin Strike","Cleave","Clash"],"picked":"SKIP","floor":1},{"not_picked":["Feel No Pain","Sword Boomerang"],"picked":"Inflame","floor":2},{"not_picked":["Wild Strike","Entrench"],"picked":"Whirlwind","floor":5},{"not_picked":["Clash","Pommel Strike"],"picked":"Exhume","floor":6},{"not_picked":["Rampage","Wild Strike"],"picked":"Clothesline","floor":8},{"not_picked":["Pommel Strike","Armaments","Anger"],"picked":"Singing Bowl","floor":10},{"not_picked":["Anger","Armaments","Heavy Blade"],"picked":"Singing Bowl","floor":12},{"not_picked":["Headbutt","Flex"],"picked":"Metallicize","floor":14},{"not_picked":["Feed","Reaper"],"picked":"Demon Form","floor":16},{"not_picked":["Headbutt","Sever Soul+1","Iron Wave"],"picked":"Singing Bowl","floor":18},{"not_picked":["Havoc","Cleave","Flex+1"],"picked":"Singing Bowl","floor":20},{"not_picked":["Power Through+1","Clash+1"],"picked":"Disarm+1","floor":21},{"not_picked":["Second Wind","Clothesline+1","Carnage"],"picked":"Singing Bowl","floor":22},{"not_picked":["Reckless Charge","Anger","Bludgeon"],"picked":"Singing Bowl","floor":24}],"player_experience":657690,"relics_obtained":[{"floor":4,"key":"Dead Branch"},{"floor":6,"key":"Pear"},{"floor":9,"key":"Singing Bowl"}],"event_choices":[{"damage_healed":0,"gold_gain":0,"player_choice":"Donut","damage_taken":0,"max_hp_gain":5,"max_hp_loss":0,"event_name":"Big Fish","floor":3,"gold_loss":0},{"cards_removed":["Strike_R"],"damage_healed":0,"gold_gain":0,"player_choice":"Upgrade and Remove","damage_taken":0,"max_hp_gain":0,"max_hp_loss":0,"event_name":"Designer","floor":19,"gold_loss":90,"cards_upgraded":["Strike_R"]}],"is_beta":false,"boss_relics":[{"not_picked":["Calling Bell","Busted Crown"],"picked":"Empty Cage"}],"items_purged_floors":[],"is_endless":false,"potions_floor_spawned":[1,8,10,14,20,21],"killed_by":"Cultist and Chosen","ascension_level":0}