{"gold_per_floor":[109,55,70,70,23,23,98,116,116,291,322,322,272,283,283,382,382,396,406,419,379,379,389,389,409,409,440,440,385,132,142,142,239,239,252,182,192,192,209,209,431,431,431,431,531,547,547,561,561,561],"floor_reached":50,"playtime":2977,"items_purged":[],"score":490,"play_id":"d1aab786-ce2a-4723-aa64-58bc3e8c3129","local_time":"20190105175647","is_ascension_mode":false,"campfire_choices":[{"data":"Neutralize","floor":6,"key":"SMITH"},{"floor":15,"key":"DIG"},{"floor":24,"key":"DIG"},{"floor":32,"key":"REST"},{"floor":40,"key":"DIG"},{"floor":42,"key":"DIG"},{"floor":44,"key":"DIG"},{"floor":47,"key":"REST"},{"floor":49,"key":"REST"}],"neow_cost":"NONE","seed_source_timestamp":1642442297752305,"circlet_count":0,"master_deck":["Defend_G","Defend_G+1","Strike_G","Survivor","Neutralize+1","Backflip","Dodge and Roll","Deadly Poison","Deadly Poison","Footwork","Burst","Predator+1","Well Laid Plans+1","Die Die Die+1","Distraction","Accuracy","Dash","Riddle With Holes","Infinite Blades","Dash+1","Calculated Gamble","Infinite Blades","Mayhem","Backstab+1","Accuracy","Madness","Madness","Blade Dance","Regret","Deflect+1","Acrobatics"],"relics":["Busted Crown","Regal Pillow","Shovel","Bag of Preparation","Astrolabe","Pen Nib","Dream Catcher","Red Mask","Tiny Chest","Cursed Key","Happy Flower","Dodecahedron","Shuriken","Vajra","Unceasing Top"],"potions_floor_usage":[16,27,50],"damage_taken":[{"damage":0,"enemies":"Cultist","floor":1,"turns":4},{"damage":0,"enemies":"Small Slimes","floor":3,"turns":4},{"damage":0,"enemies":"Jaw Worm","floor":8,"turns":5},{"damage":7,"enemies":"Lagavulin","floor":11,"turns":8},{"damage":0,"enemies":"2 Fungi Beasts","floor":14,"turns":4},{"damage":20,"enemies":"Slime Boss","floor":16,"turns":17},{"damage":10,"enemies":"2 Thieves","floor":18,"turns":4},{"damage":0,"enemies":"Chosen","floor":19,"turns":5},{"damage":2,"enemies":"Centurion and Healer","floor":20,"turns":8},{"damage":0,"enemies":"Cultist and Chosen","floor":23,"turns":7},{"damage":0,"enemies":"Snecko","floor":25,"turns":4},{"damage":45,"enemies":"Masked Bandits","floor":27,"turns":6},{"damage":9,"enemies":"Snake Plant","floor":31,"turns":4},{"damage":48,"enemies":"Automaton","floor":33,"turns":10},{"damage":1,"enemies":"3 Darklings","floor":35,"turns":5},{"damage":11,"enemies":"Orb Walker","floor":37,"turns":3},{"damage":3,"enemies":"Transient","floor":39,"turns":5},{"damage":1,"enemies":"Mind Bloom Boss Battle","floor":45,"turns":6},{"damage":32,"enemies":"Writhing Mass","floor":46,"turns":6},{"damage":9,"enemies":"Maw","floor":48,"turns":6},{"damage":76,"enemies":"Awakened One","floor":50,"turns":6}],"seed_played":"-5531889459539599396","potions_obtained":[{"floor":8,"key":"Fire Potion"},{"floor":16,"key":"Ancient Potion"},{"floor":18,"key":"Regen Potion"},{"floor":20,"key":"Poison Potion"},{"floor":25,"key":"PowerPotion"},{"floor":31,"key":"FearPotion"}],"is_trial":false,"path_per_floor":["M","$","M","?","$","R","?","M","T","?","E","?","?","M","R","B",null,"M","M","M","$","?","M","R","M","T","?","?","?","$","M","R","B",null,"M","$","M","?","M","R","?","R","T","R","?","M","R","M","R","B"],"character_chosen":"THE_SILENT","items_purchased":["Backflip","Deadly Poison","Dash","Infinite Blades","Mayhem","Accuracy"],"campfire_rested":3,"item_purchase_floors":[2,5,21,30,30,36],"current_hp_per_floor":[70,70,70,63,63,63,52,52,52,52,45,31,31,31,31,11,70,60,60,58,58,58,58,58,58,58,27,27,27,27,18,54,6,70,69,69,58,49,46,46,46,46,46,46,45,13,49,40,70,0],"gold":561,"neow_bonus":"BOSS_RELIC","is_prod":false,"is_daily":false,"chose_seed":false,"campfire_upgraded":1,"win_rate":0,"timestamp":1546678607,"path_taken":["M","?","M","?","?","R","?","M","T","?","E","?","?","?","R","BOSS","M","M","M","$","?","M","R","M","T","?","?","?","?","?","R","BOSS","M","$","M","?","M","R","?","R","T","R","?","?","R","M","R","BOSS"],"build_version":"2019-01-03v4","purchased_purges":0,"victory":false,"max_hp_per_floor":[70,70,70,70,70,70,70,70,70,70,70,70,70,70,70,70,70,70,70,70,70,70,70,70,70,70,70,70,70,70,70,70,70,70,70,70,70,70,70,70,70,70,70,70,70,70,70,70,70,70],"card_choices":[{"not_picked":["Slice"],"picked":"SKIP","floor":1},{"not_picked":[],"picked":"Dodge and Roll","floor":3},{"not_picked":["Poisoned Stab"],"picked":"SKIP","floor":8},{"not_picked":[],"picked":"Deadly Poison","floor":11},{"not_picked":[],"picked":"Footwork","floor":14},{"not_picked":[],"picked":"Burst","floor":16},{"not_picked":[],"picked":"Distraction","floor":18},{"not_picked":[],"picked":"Accuracy","floor":19},{"not_picked":["Heel Hook"],"picked":"SKIP","floor":20},{"not_picked":[],"picked":"Dash+1","floor":23},{"not_picked":["Heel Hook"],"picked":"SKIP","floor":25},{"not_picked":[],"picked":"Calculated Gamble","floor":27},{"not_picked":["Deflect"],"picked":"SKIP","floor":31},{"not_picked":[],"picked":"Backstab+1","floor":35},{"not_picked":["Underhanded Strike+1"],"picked":"SKIP","floor":37},{"not_picked":[],"picked":"Blade Dance","floor":39},{"not_picked":["Underhanded Strike+1"],"picked":"SKIP","floor":46},{"not_picked":[],"picked":"Deflect+1","floor":47},{"not_picked":["Dagger Spray"],"picked":"SKIP","floor":48},{"not_picked":[],"picked":"Acrobatics","floor":49}],"player_experience":772200,"relics_obtained":[{"floor":9,"key":"Regal Pillow"},{"floor":11,"key":"Shovel"},{"floor":15,"key":"Bag of Preparation"},{"floor":24,"key":"Pen Nib"},{"floor":26,"key":"Dream Catcher"},{"floor":27,"key":"Red Mask"},{"floor":40,"key":"Happy Flower"},{"floor":42,"key":"Dodecahedron"},{"floor":43,"key":"Shuriken"},{"floor":44,"key":"Vajra"},{"floor":45,"key":"Unceasing Top"}],"event_choices":[{"cards_removed":["Strike_G"],"damage_healed":0,"gold_gain":0,"player_choice":"Card Removal","damage_taken":7,"max_hp_gain":0,"max_hp_loss":0,"event_name":"Golden Wing","floor":4,"gold_loss":0},{"damage_healed":0,"gold_gain":75,"player_choice":"Gather Gold","damage_taken":11,"max_hp_gain":0,"max_hp_loss":0,"event_name":"World of Goop","floor":7,"gold_loss":0},{"damage_healed":0,"gold_gain":175,"player_choice":"AGREE","damage_taken":0,"max_hp_gain":0,"max_hp_loss":0,"event_name":"Liars Game","floor":10,"gold_loss":0,"cards_obtained":["Doubt"]},{"damage_healed":0,"gold_gain":0,"player_choice":"Entered Light","damage_taken":14,"max_hp_gain":0,"max_hp_loss":0,"event_name":"Shining Light","floor":12,"gold_loss":0,"cards_upgraded":["Strike_G","Defend_G"]},{"cards_removed":["Doubt"],"damage_healed":0,"gold_gain":0,"player_choice":"Card Removal","damage_taken":0,"max_hp_gain":0,"max_hp_loss":0,"event_name":"The Cleric","floor":13,"gold_loss":50},{"damage_healed":0,"gold_gain":0,"cards_transformed":["Defend_G","Strike_G"],"player_choice":"Became Test Subject","damage_taken":0,"max_hp_gain":0,"max_hp_loss":0,"event_name":"Drug Dealer","floor":22,"gold_loss":0,"cards_obtained":["Riddle With Holes","Infinite Blades"]},{"damage_healed":0,"gold_gain":0,"player_choice":"Fought Bandits","damage_taken":0,"max_hp_gain":0,"max_hp_loss":0,"event_name":"Masked Bandits","floor":27,"gold_loss":0},{"cards_removed":["Defend_G"],"damage_healed":0,"gold_gain":0,"player_choice":"Elegance","damage_taken":0,"max_hp_gain":0,"max_hp_loss":0,"event_name":"Back to Basics","floor":28,"gold_loss":0},{"damage_healed":0,"gold_gain":0,"player_choice":"Obtained Relic","damage_taken":0,"relics_obtained":["Tiny Chest"],"max_hp_gain":0,"max_hp_loss":0,"event_name":"Addict","floor":29,"gold_loss":85},{"damage_healed":0,"gold_gain":0,"player_choice":"Embrace Madness","damage_taken":9,"max_hp_gain":0,"max_hp_loss":0,"event_name":"Winding Halls","floor":38,"gold_loss":0,"cards_obtained":["Madness","Madness"]},{"damage_healed":0,"gold_gain":222,"player_choice":"Wore Mask","damage_taken":0,"max_hp_gain":0,"max_hp_loss":0,"event_name":"Tomb of Lord Red Mask","floor":41,"gold_loss":0},{"damage_healed":0,"gold_gain":0,"player_choice":"Fight","damage_taken":0,"max_hp_gain":0,"max_hp_loss":0,"event_name":"MindBloom","floor":45,"gold_loss":0}],"is_beta":false,"boss_relics":[{"not_picked":["Snecko Eye","Eternal Feather"],"picked":"Astrolabe"},{"not_picked":["WristBlade","Velvet Choker"],"picked":"Cursed Key"}],"items_purged_floors":[],"is_endless":false,"potions_floor_spawned":[8,16,18,20,25,31,35,39],"killed_by":"Awakened One","ascension_level":0}