{"gold_per_floor":[112,124,299,80,93,123,123,140,221,248,263,295,309,64,64,161,161,172,172,184,200,200,200,200,225,225,245,276,19,98,132,132,132],"floor_reached":33,"playtime":2635,"items_purged":["Defend_B","Doubt"],"score":366,"play_id":"89c3627a-e45a-4fd3-bbe6-82e948f7d0b6","local_time":"20181002204645","is_ascension_mode":true,"campfire_choices":[{"data":"Streamline","floor":7,"key":"SMITH"},{"floor":15,"key":"REST"},{"floor":23,"key":"REST"},{"data":"Defragment","floor":32,"key":"SMITH"}],"neow_cost":"CURSE","seed_source_timestamp":1625427221550837,"circlet_count":0,"master_deck":["Defend_B+1","Defend_B","Defend_B","Zap","Dualcast+1","Injury","Cold Snap","Streamline+1","Storm","Doom and Gloom","Redo","Defragment+1","Ball Lightning","Defragment","Melter","Thunder Strike","Steam+1","Compile Driver","Melter+1","Bite","Bite","Bite","Bite","Bite","Streamline","Sunder","Loop","Ball Lightning+1"],"relics":["Cracked Core","Calipers","DataDisk","Matryoshka","War Paint","Tiny Chest","Meat on the Bone","Gremlin Horn","PreservedInsect","Eternal Feather","Bronze Scales","Potion Belt","Boot","Dream Catcher","Mango","Bag of Preparation","Lee\u0027s Waffle","Molten Egg 2","Ice Cream"],"potions_floor_usage":[6,11,12,20,25,28,31],"damage_taken":[{"damage":1,"enemies":"2 Louse","floor":1,"turns":3},{"damage":6,"enemies":"Small Slimes","floor":2,"turns":3},{"damage":0,"enemies":"Cultist","floor":5,"turns":3},{"damage":9,"enemies":"Lagavulin","floor":6,"turns":7},{"damage":10,"enemies":"Exordium Thugs","floor":8,"turns":3},{"damage":14,"enemies":"Gremlin Nob","floor":10,"turns":4},{"damage":7,"enemies":"Blue Slaver","floor":11,"turns":2},{"damage":20,"enemies":"3 Sentries","floor":12,"turns":4},{"damage":10,"enemies":"Looter","floor":13,"turns":2},{"damage":28,"enemies":"The Guardian","floor":16,"turns":9},{"damage":0,"enemies":"Spheric Guardian","floor":18,"turns":1},{"damage":3,"enemies":"Chosen","floor":20,"turns":4},{"damage":34,"enemies":"Centurion and Healer","floor":21,"turns":6},{"damage":31,"enemies":"Slavers","floor":25,"turns":3},{"damage":33,"enemies":"Snecko","floor":27,"turns":6},{"damage":19,"enemies":"Book of Stabbing","floor":28,"turns":5},{"damage":18,"enemies":"Gremlin Leader","floor":31,"turns":3},{"damage":86,"enemies":"Collector","floor":33,"turns":6}],"seed_played":"3049610038017745525","potions_obtained":[{"floor":1,"key":"Block Potion"},{"floor":6,"key":"Energy Potion"},{"floor":11,"key":"EssenceOfSteel"},{"floor":12,"key":"Explosive Potion"},{"floor":16,"key":"Energy Potion"},{"floor":18,"key":"Weak Potion"},{"floor":27,"key":"SkillPotion"}],"is_trial":false,"path_per_floor":["M","M","?","$","M","E","R","M","T","E","M","E","M","$","R","B",null,"M","?","M","M","T","R","?","E","T","M","E","$","T","E","R"],"character_chosen":"DEFECT","items_purchased":["DataDisk","PreservedInsect","Lee\u0027s Waffle","AttackPotion"],"campfire_rested":2,"item_purchase_floors":[4,14,29,29],"current_hp_per_floor":[74,68,68,68,68,59,59,49,49,35,40,32,34,34,56,40,75,75,75,72,38,38,72,52,37,51,36,39,73,73,61,73,0],"gold":132,"neow_bonus":"ONE_RARE_RELIC","is_prod":false,"is_daily":false,"chose_seed":false,"campfire_upgraded":2,"win_rate":0,"timestamp":1538527605,"path_taken":["M","M","?","$","M","E","R","M","T","E","M","E","M","$","R","BOSS","M","?","M","M","?","R","?","E","T","M","E","$","?","E","R","BOSS"],"build_version":"2018-09-27","purchased_purges":2,"victory":false,"max_hp_per_floor":[75,75,75,75,75,75,75,75,75,75,75,75,75,75,75,75,75,75,75,75,75,75,75,52,52,66,66,66,73,73,73,73,73],"card_choices":[{"not_picked":["Redo","Recycle"],"picked":"Cold Snap","floor":1},{"not_picked":["Skim","Auto Shields"],"picked":"Streamline","floor":2},{"not_picked":["Reprogram","Barrage"],"picked":"Storm","floor":5},{"not_picked":["Reboot","Rebound"],"picked":"Doom and Gloom","floor":6},{"not_picked":["Stack","Undo"],"picked":"Redo","floor":8},{"not_picked":["Auto Shields","Biased Cognition"],"picked":"Defragment","floor":10},{"not_picked":["Beam Cell","Redo"],"picked":"Ball Lightning","floor":11},{"not_picked":["Blizzard","Hologram"],"picked":"Defragment","floor":12},{"not_picked":["Rebound","Stack"],"picked":"Melter","floor":13},{"not_picked":["Hyperbeam","Biased Cognition"],"picked":"Thunder Strike","floor":16},{"not_picked":["Force Field","Barrage"],"picked":"Steam+1","floor":18},{"not_picked":["Ball Lightning","Rebound+1"],"picked":"Compile Driver","floor":20},{"not_picked":["Turbo","Hologram+1"],"picked":"Melter+1","floor":21},{"not_picked":["Steam Power","Rainbow"],"picked":"Streamline","floor":25},{"not_picked":["Rebound+1","Conserve Battery"],"picked":"Sunder","floor":27},{"not_picked":["Hologram","Compile Driver"],"picked":"Loop","floor":28},{"not_picked":["Go for the Eyes+1","Leap"],"picked":"Ball Lightning+1","floor":31}],"player_experience":152731,"relics_obtained":[{"floor":6,"key":"Matryoshka"},{"floor":9,"key":"War Paint"},{"floor":9,"key":"Tiny Chest"},{"floor":10,"key":"Meat on the Bone"},{"floor":12,"key":"Gremlin Horn"},{"floor":22,"key":"Potion Belt"},{"floor":22,"key":"Boot"},{"floor":25,"key":"Dream Catcher"},{"floor":26,"key":"Mango"},{"floor":28,"key":"Bag of Preparation"},{"floor":30,"key":"Molten Egg 2"},{"floor":31,"key":"Ice Cream"}],"event_choices":[{"event_name":"Liars Game","player_choice":"agreed","floor":3,"damage_taken":0},{"event_name":"WeMeetAgain","player_choice":"Potion","floor":19,"damage_taken":0},{"event_name":"Vampires","player_choice":"Became a vampire","floor":24,"damage_taken":0}],"is_beta":false,"boss_relics":[{"not_picked":["Sozu","Cursed Key"],"picked":"Eternal Feather"}],"items_purged_floors":[4,14],"is_endless":false,"potions_floor_spawned":[1,6,11,12,16,18,27],"killed_by":"Collector","ascension_level":1}