{"gold_per_floor":[14,26,37,63,78,78,78,96,119,129,129,145,145,171,171,171],"floor_reached":16,"playtime":581,"items_purged":[],"score":166,"play_id":"88e91c88-aea6-48cb-b5c1-95ef8eba0088","local_time":"20181223193912","is_ascension_mode":true,"campfire_choices":[{"data":"Zap","floor":6,"key":"SMITH"},{"data":"Go for the Eyes","floor":13,"key":"SMITH"},{"data":"Coolheaded","floor":15,"key":"SMITH"}],"neow_cost":"NO_GOLD","seed_source_timestamp":2493808426666,"circlet_count":0,"master_deck":["AscendersBane","Strike_B","Strike_B","Strike_B","Strike_B","Defend_B","Defend_B","Defend_B","Defend_B","Zap+1","Dualcast","Steam","Coolheaded+1","Go for the Eyes+1","Conserve Battery","Sweeping Beam","Seek","Cold Snap"],"relics":["Cracked Core","Mango","Smiling Mask","DataDisk","Orichalcum"],"potions_floor_usage":[8,16,16],"damage_taken":[{"damage":6,"enemies":"Cultist","floor":1,"turns":3},{"damage":15,"enemies":"Small Slimes","floor":2,"turns":4},{"damage":0,"enemies":"2 Louse","floor":3,"turns":2},{"damage":3,"enemies":"Blue Slaver","floor":5,"turns":4},{"damage":9,"enemies":"Gremlin Gang","floor":8,"turns":6},{"damage":17,"enemies":"3 Louse","floor":10,"turns":3},{"damage":9,"enemies":"Looter","floor":12,"turns":3},{"damage":9,"enemies":"Lagavulin","floor":14,"turns":7},{"damage":23,"enemies":"Hexaghost","floor":16,"turns":14}],"seed_played":"-6511465452788638425","potions_obtained":[{"floor":5,"key":"Strength Potion"},{"floor":10,"key":"Weak Potion"},{"floor":14,"key":"Block Potion"}],"is_trial":false,"path_per_floor":["M","M","M","T","M","R","?","M","T","M","?","M","R","E","R","B"],"character_chosen":"DEFECT","items_purchased":[],"campfire_rested":0,"item_purchase_floors":[],"current_hp_per_floor":[76,61,61,61,58,58,58,49,49,32,32,23,23,14,14,0],"gold":171,"neow_bonus":"ONE_RARE_RELIC","is_prod":false,"is_daily":false,"chose_seed":false,"campfire_upgraded":3,"win_rate":0,"timestamp":1545611952,"path_taken":["M","M","M","?","M","R","?","M","T","M","?","?","R","E","R","BOSS"],"build_version":"2018-12-20","purchased_purges":0,"victory":false,"max_hp_per_floor":[89,89,89,89,89,89,89,89,89,89,89,89,89,89,89,89],"card_choices":[{"not_picked":["Hologram","Reprogram"],"picked":"Steam","floor":1},{"not_picked":["Hologram","Conserve Battery"],"picked":"Coolheaded","floor":2},{"not_picked":["Hologram","Stack"],"picked":"Go for the Eyes","floor":3},{"not_picked":["Heatsinks","Turbo"],"picked":"Conserve Battery","floor":5},{"not_picked":["Beam Cell","Force Field"],"picked":"Sweeping Beam","floor":8},{"not_picked":["Heatsinks","Rebound","Aggregate"],"picked":"SKIP","floor":10},{"not_picked":["Scrape","Genetic Algorithm"],"picked":"Cold Snap","floor":12},{"not_picked":["Rip and Tear","Gash","Streamline"],"picked":"SKIP","floor":14}],"player_experience":400130,"relics_obtained":[{"floor":4,"key":"Smiling Mask"},{"floor":9,"key":"DataDisk"},{"floor":14,"key":"Orichalcum"}],"event_choices":[{"damage_healed":0,"gold_gain":0,"player_choice":"Ignored","damage_taken":0,"max_hp_gain":0,"max_hp_loss":0,"event_name":"Liars Game","floor":7,"gold_loss":0},{"damage_healed":0,"gold_gain":0,"player_choice":"1 cards matched","damage_taken":0,"max_hp_gain":0,"max_hp_loss":0,"event_name":"Match and Keep!","floor":11,"gold_loss":0,"cards_obtained":["Seek"]}],"is_beta":false,"boss_relics":[],"items_purged_floors":[],"is_endless":false,"potions_floor_spawned":[5,10,14],"killed_by":"Hexaghost","ascension_level":12}