{"gold_per_floor":[115,128,10,10,22,22,36,66,66,80,80,140,140,154,154,231,231,248,213,263,282,128,128,178,278,302,17,83,83,96,106,106,180,180,190,137,187,337,7,7,26,26,26,26,37,67,67,86,86,86],"floor_reached":50,"playtime":2798,"items_purged":["Strike_G","Decay","Strike_G"],"score":969,"play_id":"02f72469-02c4-490b-a591-673c0f6d9320","local_time":"20181101235043","is_ascension_mode":true,"campfire_choices":[{"data":"Skewer","floor":6,"key":"SMITH"},{"floor":13,"key":"REST"},{"floor":15,"key":"REST"},{"floor":23,"key":"REST"},{"floor":29,"key":"REST"},{"floor":32,"key":"REST"},{"data":"Noxious Fumes","floor":40,"key":"SMITH"},{"data":"Footwork","floor":42,"key":"SMITH"},{"floor":44,"key":"REST"},{"floor":47,"key":"REST"},{"floor":49,"key":"REST"}],"neow_cost":"NONE","seed_source_timestamp":16692584302500,"circlet_count":0,"master_deck":["AscendersBane","Defend_G","Defend_G","Defend_G","Defend_G","Defend_G","Strike_G","Strike_G","Survivor","Neutralize","Flechettes","Predator","Skewer+1","Underhanded Strike","Phantasmal Killer","Noxious Fumes+1","Dagger Spray","All Out Attack","Storm of Steel","Dagger Spray","Riddle With Holes","Dodge and Roll+1","Footwork+1","Bouncing Flask","PiercingWail+1","Crippling Poison","Acrobatics+1"],"relics":["Snecko Eye","Dodecahedron","Incense Burner","Turnip","SsserpentHead","WristBlade","Blood Vial","MutagenicStrength","Potion Belt","Kunai","Cursed Key","Dead Branch","Mango"],"potions_floor_usage":[8,8,16,33,33,33,33,46,48,50,50],"damage_taken":[{"damage":18,"enemies":"Small Slimes","floor":1,"turns":10},{"damage":0,"enemies":"Cultist","floor":2,"turns":4},{"damage":0,"enemies":"2 Louse","floor":5,"turns":2},{"damage":0,"enemies":"Large Slime","floor":7,"turns":4},{"damage":8,"enemies":"Lagavulin","floor":8,"turns":7},{"damage":10,"enemies":"Gremlin Gang","floor":10,"turns":5},{"damage":0,"enemies":"Looter","floor":12,"turns":2},{"damage":3,"enemies":"Blue Slaver","floor":14,"turns":3},{"damage":28,"enemies":"Slime Boss","floor":16,"turns":7},{"damage":8,"enemies":"2 Thieves","floor":18,"turns":3},{"damage":19,"enemies":"3 Byrds","floor":21,"turns":4},{"damage":27,"enemies":"Centurion and Healer","floor":28,"turns":5},{"damage":11,"enemies":"Snecko","floor":30,"turns":4},{"damage":10,"enemies":"Snake Plant","floor":31,"turns":4},{"damage":43,"enemies":"Automaton","floor":33,"turns":7},{"damage":0,"enemies":"3 Shapes","floor":35,"turns":2},{"damage":12,"enemies":"Mind Bloom Boss Battle","floor":38,"turns":6},{"damage":0,"enemies":"3 Darklings","floor":41,"turns":4},{"damage":26,"enemies":"Spire Growth","floor":45,"turns":5},{"damage":23,"enemies":"Giant Head","floor":46,"turns":7},{"damage":9,"enemies":"Transient","floor":48,"turns":6},{"damage":78,"enemies":"Time Eater","floor":50,"turns":7}],"seed_played":"-4343647958522347902","potions_obtained":[{"floor":2,"key":"Weak Potion"},{"floor":5,"key":"GamblersBrew"},{"floor":10,"key":"AttackPotion"},{"floor":21,"key":"FearPotion"},{"floor":30,"key":"Dexterity Potion"},{"floor":31,"key":"SkillPotion"},{"floor":38,"key":"Swift Potion"},{"floor":48,"key":"Energy Potion"}],"is_trial":false,"path_per_floor":["M","M","$","?","M","R","M","E","T","M","?","M","R","M","R","B",null,"M","?","?","M","$","R","?","?","T","$","M","R","M","M","R","B",null,"M","$","?","?","$","R","M","R","T","R","M","E","R","M","R","B"],"character_chosen":"THE_SILENT","items_purchased":["Skewer","PowerPotion","Kunai","PowerPotion","Footwork","Bouncing Flask","GhostInAJar"],"campfire_rested":8,"item_purchase_floors":[3,22,27,36,39,39,39],"current_hp_per_floor":[41,41,41,36,36,36,36,28,28,18,18,18,37,34,53,25,56,48,48,48,31,31,50,50,50,50,50,25,44,35,27,46,5,51,53,53,53,43,43,43,45,45,45,64,40,33,57,50,74,0],"gold":86,"neow_bonus":"BOSS_RELIC","is_prod":false,"is_daily":false,"chose_seed":false,"campfire_upgraded":3,"win_rate":0,"timestamp":1541130643,"path_taken":["M","M","$","?","M","R","M","E","T","M","?","?","R","M","R","BOSS","M","?","?","M","$","R","?","?","T","$","?","R","M","M","R","BOSS","M","$","?","?","$","R","M","R","T","R","M","E","R","M","R","BOSS"],"build_version":"2018-11-01","purchased_purges":3,"victory":false,"max_hp_per_floor":[66,66,66,66,66,66,66,66,66,66,66,66,66,66,66,66,66,66,66,66,66,66,66,66,66,66,66,66,66,66,66,66,66,66,66,66,66,66,66,66,66,66,66,66,66,80,80,80,80,80],"card_choices":[{"not_picked":["Prepared","Dagger Throw"],"picked":"Flechettes","floor":1},{"not_picked":["Cloak And Dagger","Underhanded Strike"],"picked":"Predator","floor":2},{"not_picked":["PiercingWail","Slice","Acrobatics"],"picked":"SKIP","floor":5},{"not_picked":["Concentrate","Flying Knee"],"picked":"Underhanded Strike","floor":7},{"not_picked":["Skewer","Deflect"],"picked":"Phantasmal Killer","floor":8},{"not_picked":["Quick Slash","PiercingWail"],"picked":"Noxious Fumes","floor":10},{"not_picked":["Bane","Well Laid Plans"],"picked":"Dagger Spray","floor":12},{"not_picked":["Slice","Poisoned Stab"],"picked":"All Out Attack","floor":14},{"not_picked":["Grand Finale","Unload"],"picked":"Storm of Steel","floor":16},{"not_picked":["Bane+1","Dodge and Roll","Deadly Poison"],"picked":"SKIP","floor":18},{"not_picked":["Skewer","Escape Plan"],"picked":"Dagger Spray","floor":21},{"not_picked":["Skewer","Outmaneuver"],"picked":"Riddle With Holes","floor":28},{"not_picked":["Dagger Throw","Slice","Prepared"],"picked":"SKIP","floor":30},{"not_picked":["Quick Slash","Dagger Throw+1","Blade Dance"],"picked":"SKIP","floor":31},{"not_picked":["Tactician+1","Slice","Deflect"],"picked":"SKIP","floor":35},{"not_picked":["Terror","Deadly Poison+1"],"picked":"Dodge and Roll+1","floor":38},{"not_picked":["Quick Slash","Underhanded Strike"],"picked":"PiercingWail+1","floor":41},{"not_picked":["Caltrops","After Image"],"picked":"Crippling Poison","floor":45},{"not_picked":["Concentrate","Flying Knee+1"],"picked":"Acrobatics+1","floor":46},{"not_picked":["Reflex","Prepared+1","Heel Hook"],"picked":"SKIP","floor":48}],"player_experience":1591798,"relics_obtained":[{"floor":8,"key":"Incense Burner"},{"floor":9,"key":"Turnip"},{"floor":26,"key":"Potion Belt"},{"floor":38,"key":"Dead Branch"},{"floor":46,"key":"Mango"}],"event_choices":[{"damage_healed":0,"gold_gain":0,"player_choice":"Success","damage_taken":5,"relics_obtained":["Dodecahedron"],"max_hp_gain":0,"max_hp_loss":0,"event_name":"Scrap Ooze","floor":4,"gold_loss":0},{"damage_healed":0,"gold_gain":0,"player_choice":"Trade","damage_taken":0,"relics_obtained":["SsserpentHead"],"max_hp_gain":0,"max_hp_loss":0,"event_name":"FaceTrader","floor":11,"gold_loss":0},{"damage_healed":0,"gold_gain":0,"player_choice":"Obtained Relic","damage_taken":0,"relics_obtained":["Blood Vial"],"max_hp_gain":0,"max_hp_loss":0,"event_name":"Addict","floor":19,"gold_loss":85},{"damage_healed":0,"gold_gain":0,"player_choice":"Smashed Altar","damage_taken":0,"max_hp_gain":0,"max_hp_loss":0,"event_name":"Forgotten Altar","floor":20,"gold_loss":0,"cards_obtained":["Decay"]},{"damage_healed":0,"gold_gain":0,"player_choice":"Inject Mutagens","damage_taken":0,"relics_obtained":["MutagenicStrength"],"max_hp_gain":0,"max_hp_loss":0,"event_name":"Drug Dealer","floor":24,"gold_loss":0},{"damage_healed":0,"gold_gain":100,"player_choice":"Bet on Murderer","damage_taken":0,"max_hp_gain":0,"max_hp_loss":0,"event_name":"The Joust","floor":25,"gold_loss":50},{"cards_removed":["Strike_G"],"damage_healed":0,"gold_gain":0,"player_choice":"Removed Attack","damage_taken":0,"max_hp_gain":0,"max_hp_loss":0,"event_name":"Falling","floor":37,"gold_loss":0},{"damage_healed":0,"gold_gain":0,"player_choice":"Fight","damage_taken":0,"max_hp_gain":0,"max_hp_loss":0,"event_name":"MindBloom","floor":38,"gold_loss":0}],"is_beta":true,"boss_relics":[{"not_picked":["Pandora\u0027s Box","Calling Bell"],"picked":"WristBlade"},{"not_picked":["Fusion Hammer","Orrery"],"picked":"Cursed Key"}],"items_purged_floors":[3,22,39],"is_endless":false,"potions_floor_spawned":[2,5,10,21,30,31,38,48],"killed_by":"Time Eater","ascension_level":20}