{"gold_per_floor":[111,122,139,153,153,184,197,197,197,216,228,228,243,256,256,356,356,376,376,376,301],"floor_reached":21,"playtime":1332,"items_purged":[],"score":194,"play_id":"ad9a6256-6cc3-495b-846e-3851545909aa","local_time":"20181226204933","is_ascension_mode":true,"campfire_choices":[{"floor":8,"key":"REST"},{"floor":12,"key":"REST"},{"floor":15,"key":"REST"}],"neow_cost":"NONE","seed_source_timestamp":38489452408503,"circlet_count":0,"master_deck":["Strike_B","Strike_B","Strike_B","Strike_B","Defend_B","Defend_B+1","Defend_B","Defend_B+1","Zap","Dualcast","Consume","Ball Lightning","Double Energy","Pain","Seek","Cold Snap","Hello World","Static Discharge","Echo Form","Defragment"],"relics":["Cracked Core","Strawberry","WarpedTongs","War Paint","Ancient Tea Set","Sozu","Nilry\u0027s Codex","MutagenicStrength"],"potions_floor_usage":[],"damage_taken":[{"damage":0,"enemies":"Cultist","floor":1,"turns":4},{"damage":8,"enemies":"Jaw Worm","floor":2,"turns":4},{"damage":0,"enemies":"2 Louse","floor":3,"turns":3},{"damage":13,"enemies":"2 Fungi Beasts","floor":4,"turns":3},{"damage":39,"enemies":"Gremlin Nob","floor":6,"turns":5},{"damage":16,"enemies":"Exordium Wildlife","floor":7,"turns":3},{"damage":4,"enemies":"Exordium Thugs","floor":10,"turns":4},{"damage":10,"enemies":"Lots of Slimes","floor":11,"turns":4},{"damage":15,"enemies":"Large Slime","floor":13,"turns":3},{"damage":11,"enemies":"3 Louse","floor":14,"turns":3},{"damage":26,"enemies":"Hexaghost","floor":16,"turns":8},{"damage":20,"enemies":"Shell Parasite","floor":18,"turns":4},{"damage":51,"enemies":"2 Thieves","floor":21,"turns":3}],"seed_played":"-1776923596186985683","potions_obtained":[{"floor":1,"key":"EssenceOfSteel"},{"floor":4,"key":"Swift Potion"},{"floor":6,"key":"PowerPotion"},{"floor":7,"key":"Regen Potion"}],"is_trial":false,"path_per_floor":["M","M","M","M","?","E","M","R","T","M","M","R","M","M","R","B",null,"M","?","?","M"],"character_chosen":"DEFECT","items_purchased":[],"campfire_rested":3,"item_purchase_floors":[],"current_hp_per_floor":[82,74,74,61,61,22,6,30,30,26,16,40,25,14,38,12,82,62,46,46,0],"gold":301,"neow_bonus":"RANDOM_COMMON_RELIC","is_prod":false,"is_daily":false,"chose_seed":false,"campfire_upgraded":0,"win_rate":0,"timestamp":1545853773,"path_taken":["M","M","?","M","?","E","M","R","T","?","M","R","M","M","R","BOSS","M","?","?","M"],"build_version":"2018-12-20","purchased_purges":0,"victory":false,"max_hp_per_floor":[82,82,82,82,82,82,82,82,82,82,82,82,82,82,82,82,82,82,82,82,82],"card_choices":[{"not_picked":["Undo","Compile Driver"],"picked":"Consume","floor":1},{"not_picked":["Beam Cell","Stack"],"picked":"Ball Lightning","floor":2},{"not_picked":["Rebound","Gash","Steam"],"picked":"SKIP","floor":3},{"not_picked":["Fusion","Barrage"],"picked":"Double Energy","floor":4},{"not_picked":["Steam","Gash"],"picked":"Seek","floor":6},{"not_picked":["Compile Driver","Barrage"],"picked":"Cold Snap","floor":7},{"not_picked":["Beam Cell","Steam","Go for the Eyes"],"picked":"SKIP","floor":10},{"not_picked":["Redo","Go for the Eyes"],"picked":"Hello World","floor":11},{"not_picked":["Stack","Cold Snap"],"picked":"Static Discharge","floor":13},{"not_picked":["Leap","Steam","Ball Lightning"],"picked":"SKIP","floor":14},{"not_picked":["Creative AI","Thunder Strike"],"picked":"Echo Form","floor":16},{"not_picked":["Undo+1","Beam Cell"],"picked":"Defragment","floor":18}],"player_experience":68912,"relics_obtained":[{"floor":6,"key":"War Paint"},{"floor":9,"key":"Ancient Tea Set"},{"floor":19,"key":"Nilry\u0027s Codex"}],"event_choices":[{"damage_healed":0,"gold_gain":0,"player_choice":"Rummage","damage_taken":0,"relics_obtained":["WarpedTongs"],"max_hp_gain":0,"max_hp_loss":0,"event_name":"Accursed Blacksmith","floor":5,"gold_loss":0,"cards_obtained":["Pain"]},{"damage_healed":0,"gold_gain":0,"player_choice":"Obtained Book","damage_taken":16,"max_hp_gain":0,"max_hp_loss":0,"event_name":"Cursed Tome","floor":19,"gold_loss":0},{"damage_healed":0,"gold_gain":0,"player_choice":"Inject Mutagens","damage_taken":0,"relics_obtained":["MutagenicStrength"],"max_hp_gain":0,"max_hp_loss":0,"event_name":"Drug Dealer","floor":20,"gold_loss":0}],"is_beta":false,"boss_relics":[{"not_picked":["FrozenCore","Eternal Feather"],"picked":"Sozu"}],"items_purged_floors":[],"is_endless":false,"potions_floor_spawned":[1,4,6,7,13,16],"killed_by":"2 Thieves","ascension_level":1}