{"gold_per_floor":[110,28,103,103,122,122,148,148,148,66,76,76,90,109,109,109],"floor_reached":16,"playtime":566,"items_purged":[],"score":194,"play_id":"748ba7ab-9c85-46a9-b3da-c200b0f6e77e","local_time":"20181124154622","is_ascension_mode":true,"campfire_choices":[{"floor":6,"key":"RECALL"},{"data":"Zap","floor":8,"key":"SMITH"},{"floor":15,"key":"DIG"}],"neow_cost":"NONE","seed_source_timestamp":580264754301629,"circlet_count":0,"master_deck":["AscendersBane","Strike_B","Strike_B","Strike_B","Strike_B","Defend_B","Defend_B","Defend_B","Defend_B","Zap+1","Dualcast","Chill","Coolheaded","White Noise","Reinforced Body","Cold Snap","Cold Snap","FTL"],"relics":["Cracked Core","NeowsBlessing","Shovel","Bird Faced Urn"],"potions_floor_usage":[14,16],"damage_taken":[{"damage":0,"enemies":"Small Slimes","floor":1,"turns":1},{"damage":0,"enemies":"Jaw Worm","floor":5,"turns":1},{"damage":0,"enemies":"3 Sentries","floor":7,"turns":1},{"damage":0,"enemies":"Cultist","floor":11,"turns":3},{"damage":8,"enemies":"Looter","floor":13,"turns":4},{"damage":12,"enemies":"Exordium Thugs","floor":14,"turns":5},{"damage":50,"enemies":"Slime Boss","floor":16,"turns":11}],"seed_played":"471130831572306581","potions_obtained":[{"floor":7,"key":"Weak Potion"},{"floor":14,"key":"PowerPotion"}],"is_trial":false,"path_per_floor":["M","$","?","T","M","R","E","R","T","$","M","?","M","M","R","B"],"character_chosen":"DEFECT","items_purchased":["Chill","Coolheaded","Reinforced Body"],"campfire_rested":0,"item_purchase_floors":[2,2,10],"current_hp_per_floor":[68,68,57,57,57,57,57,57,57,57,57,62,54,42,42,0],"gold":109,"neow_bonus":"THREE_ENEMY_KILL","is_prod":false,"is_daily":false,"chose_seed":false,"campfire_upgraded":1,"win_rate":0,"timestamp":1543092382,"path_taken":["M","$","?","?","M","R","E","R","T","?","?","?","M","M","R","BOSS"],"build_version":"2018-11-15","purchased_purges":0,"victory":false,"max_hp_per_floor":[75,75,75,75,75,75,75,75,75,75,75,80,80,80,80,80],"card_choices":[{"not_picked":["Gash","Steam","Turbo"],"picked":"SKIP","floor":1},{"not_picked":["BootSequence","Steam Power"],"picked":"White Noise","floor":5},{"not_picked":["Thunder Strike","Chaos","Leap"],"picked":"SKIP","floor":7},{"not_picked":["Beam Cell","Compile Driver"],"picked":"Cold Snap","floor":11},{"not_picked":["Rebound","Hologram"],"picked":"Cold Snap","floor":13},{"not_picked":["Conserve Battery","Force Field"],"picked":"FTL","floor":14}],"player_experience":630141,"relics_obtained":[{"floor":9,"key":"Shovel"},{"floor":15,"key":"Bird Faced Urn"}],"event_choices":[{"damage_healed":0,"gold_gain":75,"player_choice":"Gather Gold","damage_taken":11,"max_hp_gain":0,"max_hp_loss":0,"event_name":"World of Goop","floor":3,"gold_loss":0},{"damage_healed":0,"gold_gain":0,"player_choice":"Donut","damage_taken":0,"max_hp_gain":5,"max_hp_loss":0,"event_name":"Big Fish","floor":12,"gold_loss":0}],"is_beta":false,"boss_relics":[],"items_purged_floors":[],"is_endless":false,"potions_floor_spawned":[7,14],"killed_by":"Slime Boss","ascension_level":11}