{"gold_per_floor":[112,112,112,112,42,42,60,60,83,83,108,108,122,132,132,235,235,255,272,286,211,224,224,251,267,349,392,419,431,443,468,480,596,608,639,671,222,240,260,260],"floor_reached":40,"playtime":5442,"items_purged":["Strike_G"],"score":455,"play_id":"7080edcb-8c39-4ea7-b658-46e0eaa430a2","local_time":"20190103115600","is_ascension_mode":false,"campfire_choices":[{"data":"Footwork","floor":6.0,"key":"SMITH"},{"data":"Endless Agony","floor":8.0,"key":"SMITH"},{"data":"Neutralize","floor":10.0,"key":"SMITH"},{"data":"Bouncing Flask","floor":12.0,"key":"SMITH"},{"data":"Backstab","floor":15.0,"key":"SMITH"},{"floor":23,"key":"REST"},{"floor":30,"key":"REST"},{"floor":32,"key":"REST"}],"neow_cost":"NONE","seed_source_timestamp":0,"circlet_count":0,"master_deck":["Defend_G","Defend_G","Defend_G","Defend_G","Strike_G","Strike_G","Strike_G","Strike_G","Survivor","Neutralize+1","Dash+1","Footwork+1","Endless Agony+1","Bouncing Flask+1","Dagger Spray","Backstab+1","Glass Knife","Dagger Spray+1","Deflect+1","Deflect+1","Glass Knife","Caltrops+1","Footwork+1","Noxious Fumes","Predator","Glass Knife","Bouncing Flask+1","Poisoned Stab","Footwork","Backflip","Leg Sweep"],"special_seed":0,"relics":["Ring of the Snake","NeowsBlessing","Dodecahedron","Ancient Tea Set","Centennial Puzzle","HoveringKite","Matryoshka","MawBank","Gremlin Horn","Blood Vial","Snecko Eye","Anchor","Lantern"],"potions_floor_usage":[28,33],"damage_taken":[{"damage":0.0,"enemies":"2 Louse","floor":1.0,"turns":1.0},{"damage":0.0,"enemies":"Jaw Worm","floor":7.0,"turns":1.0},{"damage":0.0,"enemies":"Lagavulin","floor":11.0,"turns":1.0},{"damage":0.0,"enemies":"Cultist","floor":13.0,"turns":2.0},{"damage":13.0,"enemies":"Blue Slaver","floor":14.0,"turns":3.0},{"damage":10.0,"enemies":"Hexaghost","floor":16.0,"turns":10.0},{"damage":2,"enemies":"Shell Parasite","floor":18,"turns":3},{"damage":5,"enemies":"2 Thieves","floor":19,"turns":4},{"damage":15,"enemies":"Snake Plant","floor":20,"turns":5},{"damage":14,"enemies":"Sentry and Sphere","floor":22,"turns":4},{"damage":2,"enemies":"Book of Stabbing","floor":24,"turns":5},{"damage":16,"enemies":"Centurion and Healer","floor":25,"turns":6},{"damage":17,"enemies":"Gremlin Leader","floor":27,"turns":5},{"damage":2,"enemies":"Shelled Parasite and Fungi","floor":28,"turns":6},{"damage":9,"enemies":"Snecko","floor":31,"turns":6},{"damage":37,"enemies":"Collector","floor":33,"turns":10},{"damage":3,"enemies":"Orb Walker","floor":35,"turns":3},{"damage":19,"enemies":"3 Shapes","floor":36,"turns":4},{"damage":49,"enemies":"Writhing Mass","floor":38,"turns":6},{"damage":7,"enemies":"4 Shapes","floor":39,"turns":7},{"damage":14,"enemies":"Spire Growth","floor":40,"turns":5}],"seed_played":"-2532100584486714650","potions_obtained":[{"floor":11.0,"key":"SteroidPotion"},{"floor":13.0,"key":"Fruit Juice"},{"floor":19,"key":"Swift Potion"},{"floor":20,"key":"AttackPotion"},{"floor":35,"key":"GhostInAJar"},{"floor":39,"key":"Poison Potion"}],"is_trial":false,"path_per_floor":["M","?","?","?","$","R","M","R","T","R","E","R","M","M","R","B",null,"M","M","M","?","M","R","E","M","T","E","M","?","R","M","R","B",null,"M","M","$","M","M","M"],"character_chosen":"THE_SILENT","items_purchased":["Footwork","Footwork","Anchor","Lantern"],"campfire_rested":3,"item_purchase_floors":[5,37,37,37],"current_hp_per_floor":[70,63,63,63,63,63,63,63,63,63,63,63,63,55,55,45,75,73,68,53,53,39,61,59,43,43,26,26,12,36,29,53,18,80,77,60,60,13,8,0],"gold":260,"neow_bonus":"THREE_ENEMY_KILL","is_prod":false,"is_daily":false,"chose_seed":false,"campfire_upgraded":5,"win_rate":0.0,"timestamp":1546534560,"path_taken":["M","?","?","?","?","R","?","R","T","R","E","R","M","M","R","BOSS","M","M","M","?","M","R","E","M","T","E","M","?","R","M","R","BOSS","M","M","$","M","M","M"],"build_version":"2018-12-20","purchased_purges":1,"victory":false,"max_hp_per_floor":[70,70,70,70,70,70,70,70,70,70,70,70,70,75,75,75,75,75,75,75,75,75,75,75,75,75,75,75,80,80,80,80,80,80,80,80,80,80,80,80],"card_choices":[{"not_picked":["Prepared","Flying Knee"],"picked":"Dash","floor":1.0},{"not_picked":["Riddle With Holes","Dagger Throw"],"picked":"Endless Agony","floor":7.0},{"not_picked":["Expertise","Heel Hook"],"picked":"Bouncing Flask","floor":11.0},{"not_picked":["Choke","Sucker Punch"],"picked":"Dagger Spray","floor":13.0},{"not_picked":["Underhanded Strike","Slice"],"picked":"Backstab","floor":14.0},{"not_picked":["Envenom","Wraith Form v2"],"picked":"Glass Knife","floor":16.0},{"not_picked":["Outmaneuver","Quick Slash"],"picked":"Dagger Spray+1","floor":18},{"not_picked":["Flechettes","Underhanded Strike"],"picked":"Deflect+1","floor":19},{"not_picked":["Poisoned Stab","Flying Knee"],"picked":"Deflect+1","floor":20},{"not_picked":["PiercingWail","Outmaneuver"],"picked":"Glass Knife","floor":22},{"not_picked":["Dash","Infinite Blades"],"picked":"Caltrops+1","floor":24},{"not_picked":["Flying Knee+1","Masterful Stab"],"picked":"Footwork+1","floor":25},{"not_picked":["Dagger Throw","Night Terror"],"picked":"Noxious Fumes","floor":27},{"not_picked":["Dodge and Roll","Outmaneuver"],"picked":"Predator","floor":28},{"not_picked":["PiercingWail","Acrobatics","Calculated Gamble"],"picked":"SKIP","floor":31},{"not_picked":["Phantasmal Killer","Bullet Time"],"picked":"Glass Knife","floor":33},{"not_picked":["Eviscerate+1","Acrobatics"],"picked":"Bouncing Flask+1","floor":35},{"not_picked":["Acrobatics+1","Blade Dance+1"],"picked":"Poisoned Stab","floor":36},{"not_picked":["Poisoned Stab","Choke+1"],"picked":"Backflip","floor":38},{"not_picked":["Prepared+1","Dagger Spray+1"],"picked":"Leg Sweep","floor":39}],"player_experience":20298,"relics_obtained":[{"floor":9.0,"key":"Ancient Tea Set"},{"floor":11.0,"key":"Centennial Puzzle"},{"floor":24,"key":"Matryoshka"},{"floor":26,"key":"MawBank"},{"floor":26,"key":"Gremlin Horn"},{"floor":27,"key":"Blood Vial"}],"event_choices":[{"damage_healed":0.0,"max_hp_gain":0.0,"max_hp_loss":0.0,"gold_gain":0.0,"event_name":"Scrap Ooze","player_choice":"Success","floor":2.0,"gold_loss":0.0,"damage_taken":7.0,"relics_obtained":["Dodecahedron"]},{"damage_healed":0.0,"max_hp_gain":0.0,"max_hp_loss":0.0,"gold_gain":0.0,"event_name":"Living Wall","player_choice":"Grow","floor":3.0,"gold_loss":0.0,"damage_taken":0.0,"cards_upgraded":["Dash"]},{"damage_healed":0.0,"max_hp_gain":0.0,"max_hp_loss":0.0,"gold_gain":0.0,"event_name":"Liars Game","player_choice":"Ignored","floor":4.0,"gold_loss":0.0,"damage_taken":0.0},{"cards_removed":["Defend_G"],"damage_healed":0,"gold_gain":0,"player_choice":"Gave Gold","damage_taken":0,"max_hp_gain":0,"max_hp_loss":0,"event_name":"Beggar","floor":21,"gold_loss":75},{"damage_healed":0,"gold_gain":0,"player_choice":"Shed Blood","damage_taken":19,"max_hp_gain":5,"max_hp_loss":0,"event_name":"Forgotten Altar","floor":29,"gold_loss":0}],"is_beta":false,"boss_relics":[{"not_picked":["Tiny House","Lizard Tail"],"picked":"HoveringKite"},{"not_picked":["White Beast Statue","Eternal Feather"],"picked":"Snecko Eye"}],"items_purged_floors":[37],"is_endless":false,"potions_floor_spawned":[11,13,19,20,22,25,35,39],"killed_by":"Spire Growth","ascension_level":0}