{"gold_per_floor":[19,19,33,33,33,33,53,81,81,81,91,107,139,151,151,250,250,225,1,1,1,1,1,1],"floor_reached":24,"playtime":1601,"items_purged":["Strike_R"],"score":204,"play_id":"6a85ec76-f8a2-4b86-9f18-de1e54154cc2","local_time":"20180927174305","is_ascension_mode":false,"campfire_choices":[{"data":"Hemokinesis","floor":6,"key":"SMITH"},{"data":"Shockwave","floor":10,"key":"SMITH"},{"floor":15,"key":"REST"},{"floor":23,"key":"REST"}],"neow_cost":"NO_GOLD","seed_source_timestamp":1185192171419124,"circlet_count":0,"master_deck":["Strike_R","Strike_R","Defend_R","Defend_R","Defend_R","Bash","Hemokinesis+1","True Grit","Shockwave+1","Battle Trance","Armaments","Intimidate","Barricade","Warcry+1","Shrug It Off","Shrug It Off"],"relics":["Burning Blood","Pear","Bag of Preparation","Bottled Flame","Blood Vial","Smiling Mask","Runic Cube","Bronze Scales"],"potions_floor_usage":[8,8,12,13,16,16,24],"damage_taken":[{"damage":6,"enemies":"2 Louse","floor":1,"turns":2},{"damage":4,"enemies":"Cultist","floor":3,"turns":3},{"damage":5,"enemies":"Jaw Worm","floor":7,"turns":2},{"damage":16,"enemies":"3 Sentries","floor":8,"turns":6},{"damage":22,"enemies":"Large Slime","floor":11,"turns":6},{"damage":3,"enemies":"Red Slaver","floor":12,"turns":4},{"damage":14,"enemies":"Gremlin Nob","floor":13,"turns":4},{"damage":7,"enemies":"2 Fungi Beasts","floor":14,"turns":3},{"damage":61,"enemies":"Hexaghost","floor":16,"turns":11},{"damage":29,"enemies":"2 Thieves","floor":18,"turns":5},{"damage":90,"enemies":"Gremlin Leader","floor":24,"turns":10}],"seed_played":"8376309580626354203","potions_obtained":[{"floor":1,"key":"Strength Potion"},{"floor":4,"key":"Energy Potion"},{"floor":4,"key":"SteroidPotion"},{"floor":4,"key":"Block Potion"},{"floor":12,"key":"Fire Potion"},{"floor":13,"key":"Energy Potion"},{"floor":14,"key":"Strength Potion"},{"floor":18,"key":"SteroidPotion"}],"is_trial":false,"path_per_floor":["M","?","M","?","?","R","M","E","T","R","M","M","E","M","R","B",null,"M","$","?","$","?","R"],"character_chosen":"IRONCLAD","items_purchased":["Bronze Scales","Shrug It Off"],"campfire_rested":2,"item_purchase_floors":[19,19],"current_hp_per_floor":[80,90,90,90,83,83,84,74,74,74,60,65,59,60,87,34,90,67,67,67,67,67,90,0],"gold":1,"neow_bonus":"REMOVE_TWO","is_prod":false,"is_daily":false,"chose_seed":false,"campfire_upgraded":2,"win_rate":0.0,"timestamp":1538084585,"path_taken":["M","?","M","?","?","R","M","E","T","R","M","M","E","?","R","BOSS","M","$","?","$","?","R","E"],"build_version":"2018-09-20","purchased_purges":1,"victory":false,"max_hp_per_floor":[80,90,90,90,90,90,90,90,90,90,90,90,90,90,90,90,90,90,90,90,90,90,90,90],"card_choices":[{"not_picked":["Flex","Clothesline"],"picked":"Hemokinesis","floor":1},{"not_picked":["Evolve","Rampage"],"picked":"True Grit","floor":3},{"not_picked":["Headbutt","Anger"],"picked":"Shockwave","floor":7},{"not_picked":["Clash","Offering"],"picked":"Battle Trance","floor":8},{"not_picked":["Heavy Blade","Rupture"],"picked":"Armaments","floor":11},{"not_picked":["Clothesline","Searing Blow","Feel No Pain"],"picked":"SKIP","floor":12},{"not_picked":["Feel No Pain","Twin Strike"],"picked":"Intimidate","floor":13},{"not_picked":["Warcry","Corruption","Sword Boomerang"],"picked":"SKIP","floor":14},{"not_picked":["Offering","Brutality"],"picked":"Barricade","floor":16},{"not_picked":["Pommel Strike","Iron Wave"],"picked":"Warcry+1","floor":18}],"player_experience":90959,"relics_obtained":[{"floor":8,"key":"Bottled Flame"},{"floor":9,"key":"Blood Vial"},{"floor":13,"key":"Smiling Mask"}],"event_choices":[{"event_name":"WeMeetAgain","player_choice":"Potion","floor":2,"damage_taken":0},{"event_name":"The Lab","player_choice":"Got Potions","floor":4,"damage_taken":0},{"event_name":"Scrap Ooze","player_choice":"success","floor":5,"damage_taken":7},{"event_name":"The Library","player_choice":"Read","floor":20,"damage_taken":0},{"event_name":"Back to Basics","player_choice":"Elegance","floor":22,"damage_taken":0}],"is_beta":false,"boss_relics":[{"not_picked":["Lizard Tail","Runic Dome"],"picked":"Runic Cube"}],"items_purged_floors":[19],"is_endless":false,"potions_floor_spawned":[1,7,12,13,14,18],"killed_by":"Gremlin Leader","ascension_level":0}