{"gold_per_floor":[110,124,74,74,89,124,3,43,43,59,59,59,59,103,103,229,229,247,271,115,140,140,175,0,0,0,26,26],"floor_reached":28,"playtime":1697,"items_purged":["Strike_G"],"score":314,"play_id":"1ae44050-eb44-4454-b7b2-02cf043a265c","local_time":"20190205202550","is_ascension_mode":true,"campfire_choices":[{"floor":12.0,"key":"REST"},{"floor":15.0,"key":"REST"},{"floor":25,"key":"REST"}],"neow_cost":"TEN_PERCENT_HP_LOSS","seed_source_timestamp":2403585930241573,"circlet_count":0,"master_deck":["Defend_G","Defend_G","Defend_G","Defend_G","Strike_G","Strike_G","Survivor","Neutralize","Dash","Dagger Spray","Burst","Noxious Fumes","Bane+1","Outmaneuver","Poisoned Stab","Phantasmal Killer","Acrobatics","Adrenaline","Noxious Fumes","Bane","Catalyst"],"special_seed":0,"relics":["Ring of the Snake","Bloody Idol","Pocketwatch","Shovel","Peace Pipe","Pen Nib","Sozu","The Specimen","Frozen Egg 2","Question Card"],"potions_floor_usage":[27],"damage_taken":[{"damage":0.0,"enemies":"2 Louse","floor":1.0,"turns":2.0},{"damage":0.0,"enemies":"Small Slimes","floor":2.0,"turns":3.0},{"damage":0.0,"enemies":"Jaw Worm","floor":5.0,"turns":5.0},{"damage":15.0,"enemies":"Gremlin Nob","floor":6.0,"turns":5.0},{"damage":13.0,"enemies":"Lagavulin","floor":8.0,"turns":8.0},{"damage":1.0,"enemies":"3 Louse","floor":10.0,"turns":3.0},{"damage":0.0,"enemies":"3 Sentries","floor":14.0,"turns":6.0},{"damage":18.0,"enemies":"Slime Boss","floor":16.0,"turns":9.0},{"damage":3.0,"enemies":"3 Byrds","floor":18.0,"turns":4.0},{"damage":0.0,"enemies":"Chosen","floor":19.0,"turns":3.0},{"damage":6.0,"enemies":"Snake Plant","floor":21.0,"turns":3.0},{"damage":42.0,"enemies":"Slavers","floor":23.0,"turns":5.0},{"damage":31,"enemies":"Gremlin Leader","floor":27,"turns":4},{"damage":17,"enemies":"Sentry and Sphere","floor":28,"turns":3}],"seed_played":"-934043905481147555","potions_obtained":[{"floor":2.0,"key":"SpeedPotion"},{"floor":5.0,"key":"GamblersBrew"},{"floor":10.0,"key":"Poison Potion"},{"floor":16.0,"key":"GamblersBrew"}],"is_trial":false,"path_per_floor":["M","M","?","?","M","E","$","E","T","M","?","R","?","E","R","B",null,"M","M","$","M","?","E","?","R","T","E","M"],"character_chosen":"THE_SILENT","items_purchased":["Noxious Fumes","Bane","Noxious Fumes"],"campfire_rested":3,"item_purchase_floors":[7,7,20],"current_hp_per_floor":[63,63,63,48,48,33,33,20,20,19,19,37,37,37,55,37,63,60,60,60,54,54,17,17,35,35,9,0],"gold":26,"neow_bonus":"TRANSFORM_TWO_CARDS","is_prod":false,"is_daily":false,"chose_seed":false,"campfire_upgraded":0,"win_rate":0,"timestamp":1549434350,"path_taken":["M","M","?","?","M","E","$","E","T","M","?","R","?","E","R","BOSS","M","M","$","M","?","E","?","R","T","E","M"],"build_version":"2019-01-23","purchased_purges":1,"victory":false,"max_hp_per_floor":[63,63,63,63,63,63,63,63,63,63,63,63,63,63,63,63,63,63,63,63,63,63,63,63,63,63,63,63],"card_choices":[{"not_picked":["Deflect","Quick Slash","Cloak And Dagger"],"picked":"SKIP","floor":1.0},{"not_picked":["Dodge and Roll","Masterful Stab","Underhanded Strike"],"picked":"SKIP","floor":2.0},{"not_picked":["Deflect","Calculated Gamble","All Out Attack"],"picked":"SKIP","floor":5.0},{"not_picked":["Cloak And Dagger","Sucker Punch"],"picked":"Burst","floor":6.0},{"not_picked":["Flechettes","Endless Agony","Dagger Throw"],"picked":"SKIP","floor":8.0},{"not_picked":["Sucker Punch","Dagger Spray"],"picked":"Outmaneuver","floor":10.0},{"not_picked":["Sucker Punch","Prepared"],"picked":"Acrobatics","floor":14.0},{"not_picked":["After Image","Venomology"],"picked":"Adrenaline","floor":16.0},{"not_picked":["Blade Dance","Backflip","Flechettes"],"picked":"SKIP","floor":18.0},{"not_picked":["Endless Agony","Backflip","Flechettes"],"picked":"SKIP","floor":19.0},{"not_picked":["Backflip","Infinite Blades"],"picked":"Bane","floor":21.0},{"not_picked":["Bouncing Flask+1","Dagger Throw+1"],"picked":"Catalyst","floor":23.0},{"not_picked":["Dagger Throw+1","Well Laid Plans+1","Backflip"],"picked":"SKIP","floor":27}],"player_experience":105388,"relics_obtained":[{"floor":6.0,"key":"Pocketwatch"},{"floor":8.0,"key":"Shovel"},{"floor":9.0,"key":"Peace Pipe"},{"floor":14.0,"key":"Pen Nib"},{"floor":23.0,"key":"The Specimen"},{"floor":26,"key":"Frozen Egg 2"},{"floor":27,"key":"Question Card"}],"event_choices":[{"cards_removed":["Defend_G"],"damage_healed":0.0,"max_hp_gain":0.0,"max_hp_loss":0.0,"gold_gain":0.0,"event_name":"The Cleric","player_choice":"Card Removal","floor":3.0,"gold_loss":50.0,"damage_taken":0.0},{"damage_healed":0.0,"max_hp_gain":0.0,"max_hp_loss":0.0,"gold_gain":0.0,"event_name":"Golden Idol","player_choice":"Take Damage","floor":4.0,"gold_loss":0.0,"damage_taken":15.0,"relics_obtained":["Golden Idol"]},{"damage_healed":0.0,"max_hp_gain":0.0,"max_hp_loss":0.0,"gold_gain":0.0,"event_name":"Living Wall","player_choice":"Grow","floor":11.0,"gold_loss":0.0,"damage_taken":0.0,"cards_upgraded":["Bane"]},{"damage_healed":0.0,"max_hp_gain":0.0,"max_hp_loss":0.0,"gold_gain":0.0,"event_name":"Match and Keep!","player_choice":"2 cards matched","floor":13.0,"gold_loss":0.0,"damage_taken":0.0,"cards_obtained":["Poisoned Stab","Phantasmal Killer"]},{"damage_healed":0.0,"max_hp_gain":0.0,"max_hp_loss":0.0,"gold_gain":0.0,"event_name":"Forgotten Altar","player_choice":"Gave Idol","floor":22.0,"relics_lost":["Golden Idol"],"gold_loss":0.0,"damage_taken":0.0,"relics_obtained":["Bloody Idol"]},{"damage_healed":0,"gold_gain":0,"player_choice":"Paid Fearfully","damage_taken":0,"max_hp_gain":0,"max_hp_loss":0,"event_name":"Masked Bandits","floor":24,"gold_loss":175}],"is_beta":false,"boss_relics":[{"not_picked":["Ring of the Serpent","Fusion Hammer"],"picked":"Sozu"}],"items_purged_floors":[20],"is_endless":false,"potions_floor_spawned":[2,5,10,16,19,23],"killed_by":"Sentry and Sphere","ascension_level":1}