{"gold_per_floor":[366,396,406,29,0,0,0,17,17,36,36,53,82,95,95,172,172,142,142,142,30,30,30,30,30,30,30,30],"floor_reached":28,"playtime":1625,"items_purged":["Anger"],"score":389,"play_id":"36422b9d-345f-420e-82de-5c06da7c8b84","local_time":"20190114010226","is_ascension_mode":true,"campfire_choices":[{"data":"Armaments","floor":6.0,"key":"SMITH"},{"floor":11.0,"key":"REST"},{"floor":15.0,"key":"REST"},{"floor":23.0,"key":"REST"},{"data":"Barricade","floor":27.0,"key":"SMITH"}],"neow_cost":"TEN_PERCENT_HP_LOSS","seed_source_timestamp":0,"circlet_count":0,"master_deck":["AscendersBane","Strike_R","Strike_R","Strike_R","Strike_R","Defend_R","Defend_R","Defend_R","Defend_R","Bash","Armaments+1","Iron Wave","Barricade+1","Juggernaut","Warcry+1","Body Slam","Entrench","Disarm","Entrench","Iron Wave"],"special_seed":0,"relics":["Burning Blood","Tiny Chest","Pen Nib","Chemical X","StoneCalendar","Bronze Scales","Ectoplasm","Red Mask","Question Card"],"potions_floor_usage":[],"damage_taken":[{"damage":13.0,"enemies":"Jaw Worm","floor":1.0,"turns":4.0},{"damage":0.0,"enemies":"2 Louse","floor":3.0,"turns":2.0},{"damage":0.0,"enemies":"Small Slimes","floor":8.0,"turns":3.0},{"damage":3.0,"enemies":"Blue Slaver","floor":10.0,"turns":4.0},{"damage":2.0,"enemies":"2 Fungi Beasts","floor":12.0,"turns":4.0},{"damage":28.0,"enemies":"Lagavulin","floor":13.0,"turns":6.0},{"damage":13.0,"enemies":"Large Slime","floor":14.0,"turns":6.0},{"damage":18.0,"enemies":"Slime Boss","floor":16.0,"turns":8.0},{"damage":1.0,"enemies":"2 Thieves","floor":18.0,"turns":4.0},{"damage":40.0,"enemies":"Masked Bandits","floor":19.0,"turns":4.0},{"damage":0.0,"enemies":"Spheric Guardian","floor":20.0,"turns":3.0},{"damage":26.0,"enemies":"Chosen and Byrds","floor":22.0,"turns":6.0},{"damage":29.0,"enemies":"Shelled Parasite and Fungi","floor":24.0,"turns":6.0},{"damage":0.0,"enemies":"Snake Plant","floor":25.0,"turns":5.0},{"damage":25,"enemies":"Sentry and Sphere","floor":28,"turns":5}],"seed_played":"6355994622371465806","potions_obtained":[{"floor":12.0,"key":"Poison Potion"},{"floor":14.0,"key":"Fire Potion"},{"floor":18.0,"key":"FearPotion"},{"floor":22.0,"key":"PowerPotion"},{"floor":24.0,"key":"Swift Potion"}],"is_trial":false,"path_per_floor":["M","?","M","$","?","R","?","M","T","M","R","M","E","M","R","B",null,"M","?","M","$","M","R","M","M","T","R","M"],"character_chosen":"IRONCLAD","items_purchased":["Pen Nib","Chemical X","Armaments","Disarm"],"campfire_rested":3,"item_purchase_floors":[4,4,4,21],"current_hp_per_floor":[61,16,22,22,22,22,15,21,21,24,44,48,26,19,39,27,58,63,29,35,35,15,35,12,18,18,18,0],"gold":30,"neow_bonus":"TWO_FIFTY_GOLD","is_prod":false,"is_daily":false,"chose_seed":false,"campfire_upgraded":2,"win_rate":0,"timestamp":1547445746,"path_taken":["M","?","M","$","?","R","?","?","T","M","R","M","E","M","R","BOSS","M","?","M","$","M","R","M","M","T","R","M"],"build_version":"2019-01-10","purchased_purges":1,"victory":false,"max_hp_per_floor":[68,68,68,68,68,68,68,68,68,68,68,68,68,68,68,68,68,68,68,68,68,68,68,68,68,68,68,68],"card_choices":[{"not_picked":["Clothesline","Clash"],"picked":"Anger","floor":1.0},{"not_picked":["Second Wind","Flex","Pommel Strike"],"picked":"SKIP","floor":3.0},{"not_picked":["Clothesline","Combust"],"picked":"Iron Wave","floor":8.0},{"not_picked":["Warcry","Iron Wave","Sentinel"],"picked":"SKIP","floor":10.0},{"not_picked":["Second Wind","Hemokinesis","Sever Soul"],"picked":"SKIP","floor":12.0},{"not_picked":["Sword Boomerang","Seeing Red"],"picked":"Barricade","floor":13.0},{"not_picked":["Havoc","Heavy Blade","Seeing Red"],"picked":"SKIP","floor":14.0},{"not_picked":["Offering","Brutality"],"picked":"Juggernaut","floor":16.0},{"not_picked":["Twin Strike","Infernal Blade"],"picked":"Warcry+1","floor":18.0},{"not_picked":["Second Wind","Carnage"],"picked":"Body Slam","floor":19.0},{"not_picked":["True Grit","Searing Blow"],"picked":"Entrench","floor":20.0},{"not_picked":["Combust","Twin Strike"],"picked":"Entrench","floor":22.0},{"not_picked":["Sword Boomerang","Havoc","Clash"],"picked":"SKIP","floor":24.0},{"not_picked":["Burning Pact","Anger"],"picked":"Iron Wave","floor":25.0}],"player_experience":420252,"relics_obtained":[{"floor":9.0,"key":"StoneCalendar"},{"floor":13.0,"key":"Bronze Scales"},{"floor":19.0,"key":"Red Mask"},{"floor":26.0,"key":"Question Card"}],"event_choices":[{"damage_healed":0.0,"max_hp_gain":0.0,"max_hp_loss":0.0,"gold_gain":0.0,"event_name":"Scrap Ooze","player_choice":"Success","floor":2.0,"gold_loss":0.0,"damage_taken":45.0,"relics_obtained":["Tiny Chest"]},{"damage_healed":0.0,"max_hp_gain":0.0,"max_hp_loss":0.0,"gold_gain":0.0,"event_name":"World of Goop","player_choice":"Left Gold","floor":5.0,"gold_loss":29.0,"damage_taken":0.0},{"cards_removed":["Strike_R"],"damage_healed":0.0,"max_hp_gain":0.0,"max_hp_loss":0.0,"gold_gain":0.0,"event_name":"Golden Wing","player_choice":"Card Removal","floor":7.0,"gold_loss":0.0,"damage_taken":7.0},{"damage_healed":0.0,"max_hp_gain":0.0,"max_hp_loss":0.0,"gold_gain":0.0,"event_name":"Masked Bandits","player_choice":"Fought Bandits","floor":19.0,"gold_loss":0.0,"damage_taken":0.0}],"is_beta":false,"boss_relics":[{"not_picked":["Mark of Pain","Black Star"],"picked":"Ectoplasm"}],"items_purged_floors":[21],"is_endless":false,"potions_floor_spawned":[12,14,18,22,24],"killed_by":"Sentry and Sphere","ascension_level":15}