{"gold_per_floor":[114,39,39,39,214,214,245,271,283,295,327,355,367,397,409,519,531,531,170,85,85,85,18,18],"floor_reached":24,"playtime":2140,"items_purged":["Defend_G","Doubt"],"score":272,"play_id":"034a8745-e5e8-4aa4-b191-427b51e58052","local_time":"20190116193751","is_ascension_mode":true,"campfire_choices":[{"data":"Cloak And Dagger","floor":6,"key":"SMITH"},{"floor":10,"key":"REST"},{"floor":15,"key":"REST"}],"neow_cost":"TEN_PERCENT_HP_LOSS","seed_source_timestamp":586654995831703,"circlet_count":0,"master_deck":["Defend_G","Defend_G","Defend_G","Defend_G","Strike_G","Strike_G","Strike_G","Survivor","Neutralize+1","Cloak And Dagger+1","Night Terror","Dagger Throw","Blur","Tactician","Footwork","Tools of the Trade","Envenom","Caltrops","Backflip","Leg Sweep"],"relics":["Ring of the Snake","MawBank","FossilizedHelix","Mercury Hourglass","Ectoplasm","Ancient Tea Set","Juzu Bracelet"],"potions_floor_usage":[8,22,24],"damage_taken":[{"damage":3,"enemies":"Small Slimes","floor":1,"turns":6},{"damage":40,"enemies":"3 Sentries","floor":7,"turns":22},{"damage":4,"enemies":"Jaw Worm","floor":8,"turns":4},{"damage":0,"enemies":"2 Louse","floor":11,"turns":3},{"damage":0,"enemies":"Exordium Wildlife","floor":12,"turns":8},{"damage":0,"enemies":"2 Fungi Beasts","floor":14,"turns":4},{"damage":2,"enemies":"The Guardian","floor":16,"turns":17},{"damage":0,"enemies":"Chosen","floor":18,"turns":6},{"damage":0,"enemies":"Shell Parasite","floor":22,"turns":9},{"damage":67,"enemies":"Gremlin Leader","floor":24,"turns":11}],"seed_played":"2055389921100008321","potions_obtained":[{"floor":7,"key":"LiquidBronze"},{"floor":14,"key":"SpeedPotion"},{"floor":18,"key":"Explosive Potion"},{"floor":22,"key":"FearPotion"}],"is_trial":false,"path_per_floor":["M","$","?","$","?","R","E","M","T","R","M","M","?","M","R","B",null,"M","$","?","T","M","$","E"],"character_chosen":"THE_SILENT","items_purchased":["Caltrops","GhostInAJar","Ancient Tea Set","Leg Sweep"],"campfire_rested":2,"item_purchase_floors":[19,19,19,23],"current_hp_per_floor":[60,60,60,60,60,60,20,16,16,34,34,34,34,34,52,50,60,60,60,60,60,60,60,0],"gold":18,"neow_bonus":"TRANSFORM_TWO_CARDS","is_prod":false,"is_daily":false,"chose_seed":false,"campfire_upgraded":1,"win_rate":0,"timestamp":1547685471,"path_taken":["M","$","?","$","?","R","E","M","T","R","M","M","?","?","R","BOSS","M","$","?","?","M","$","E"],"build_version":"2019-01-10","purchased_purges":2,"victory":false,"max_hp_per_floor":[63,63,63,63,63,63,63,63,63,63,63,63,63,63,63,63,63,63,63,63,63,63,63,63],"card_choices":[{"not_picked":["Deflect","Outmaneuver"],"picked":"Dagger Throw","floor":1},{"not_picked":["Underhanded Strike","Heel Hook"],"picked":"Blur","floor":7},{"not_picked":["Acrobatics","Masterful Stab"],"picked":"Tactician","floor":8},{"not_picked":["Cloak And Dagger","Concentrate"],"picked":"Footwork","floor":11},{"not_picked":["Blade Dance","Deadly Poison"],"picked":"Tools of the Trade","floor":12},{"not_picked":["Deadly Poison","Outmaneuver","Prepared"],"picked":"SKIP","floor":14},{"not_picked":["Night Terror","Burst"],"picked":"Envenom","floor":16},{"not_picked":["Bane","Poisoned Stab","Prepared"],"picked":"SKIP","floor":18},{"not_picked":["Flying Knee+1","Heel Hook"],"picked":"Backflip","floor":22}],"player_experience":815601,"relics_obtained":[{"floor":7,"key":"MawBank"},{"floor":9,"key":"FossilizedHelix"}],"event_choices":[{"damage_healed":0,"gold_gain":0,"player_choice":"Grow","damage_taken":0,"max_hp_gain":0,"max_hp_loss":0,"event_name":"Living Wall","floor":3,"gold_loss":0,"cards_upgraded":["Neutralize"]},{"damage_healed":0,"gold_gain":175,"player_choice":"AGREE","damage_taken":0,"max_hp_gain":0,"max_hp_loss":0,"event_name":"Liars Game","floor":5,"gold_loss":0,"cards_obtained":["Doubt"]},{"damage_healed":0,"gold_gain":0,"player_choice":"Searched \u00271\u0027 times","damage_taken":0,"relics_obtained":["Mercury Hourglass"],"max_hp_gain":0,"max_hp_loss":0,"event_name":"Dead Adventurer","floor":13,"gold_loss":0},{"damage_healed":0,"gold_gain":0,"player_choice":"Obtained Relic","damage_taken":0,"relics_obtained":["Juzu Bracelet"],"max_hp_gain":0,"max_hp_loss":0,"event_name":"Addict","floor":20,"gold_loss":85}],"is_beta":false,"boss_relics":[{"not_picked":["Runic Pyramid","Sozu"],"picked":"Ectoplasm"}],"items_purged_floors":[2,19],"is_endless":false,"potions_floor_spawned":[7,14,18,22],"killed_by":"Gremlin Leader","ascension_level":8}