{"gold_per_floor":[218,228,238,338,338,338,367,380,404,430,430,443,478,26,26,127,127,144,162,162,19,19,19,51,64,64,64,64,14,24,24,24,126,126,141,14,14,0,0,0,25,25,25,25],"floor_reached":44,"playtime":5269,"items_purged":["Strike_B","Defend_B","Defend_B"],"score":619,"play_id":"850fc49b-234a-4aa1-9294-b70b1876b3aa","local_time":"20181012103322","is_ascension_mode":true,"campfire_choices":[{"data":"Dualcast","floor":6.0,"key":"SMITH"},{"floor":11.0,"key":"REST"},{"floor":15.0,"key":"DIG"},{"data":"Defragment","floor":23.0,"key":"SMITH"},{"floor":27,"key":"REST"},{"floor":32,"key":"DIG"},{"data":"Aggregate","floor":40,"key":"SMITH"}],"neow_cost":"NONE","seed_source_timestamp":0,"circlet_count":0,"master_deck":["Strike_B","Strike_B","Strike_B","Defend_B","Defend_B","Zap","Dualcast+1","Hologram","Turbo","Compile Driver+1","Go for the Eyes","Cold Snap","Coolheaded","Aggregate+1","Ball Lightning","Defragment+1","Electrodynamics","Hologram","Gash","Ghostly","Ghostly","Ghostly","Ghostly","Ghostly","Conserve Battery+1","Stack+1","Buffer+1","Heatsinks+1","Defragment+1","Darkness+1","Rainbow","Defragment+1"],"special_seed":0,"relics":["Cracked Core","Ancient Tea Set","Smiling Mask","Regal Pillow","Gremlin Horn","Shovel","StoneCalendar","Inserter","Happy Flower","Cables","Shuriken","Frozen Egg 2","Bottled Flame","Sozu","Unceasing Top","Red Mask","Art of War","Dodecahedron"],"potions_floor_usage":[33,33,33,33,33],"damage_taken":[{"damage":1.0,"enemies":"Cultist","floor":1.0,"turns":4.0},{"damage":4.0,"enemies":"Jaw Worm","floor":2.0,"turns":3.0},{"damage":0.0,"enemies":"2 Louse","floor":3.0,"turns":2.0},{"damage":17.0,"enemies":"3 Sentries","floor":7.0,"turns":6.0},{"damage":1.0,"enemies":"Looter","floor":8.0,"turns":3.0},{"damage":26.0,"enemies":"Gremlin Nob","floor":10.0,"turns":4.0},{"damage":2.0,"enemies":"Red Slaver","floor":12.0,"turns":2.0},{"damage":8.0,"enemies":"Lagavulin","floor":13.0,"turns":8.0},{"damage":50.0,"enemies":"Hexaghost","floor":16.0,"turns":10.0},{"damage":12.0,"enemies":"3 Byrds","floor":18.0,"turns":4.0},{"damage":20.0,"enemies":"Spheric Guardian","floor":19.0,"turns":4.0},{"damage":17.0,"enemies":"Gremlin Leader","floor":24.0,"turns":6.0},{"damage":13.0,"enemies":"Snake Plant","floor":25.0,"turns":5.0},{"damage":0,"enemies":"Cultist and Chosen","floor":30,"turns":6},{"damage":7,"enemies":"Collector","floor":33,"turns":7},{"damage":16,"enemies":"Orb Walker","floor":35,"turns":5},{"damage":0,"enemies":"Mind Bloom Boss Battle","floor":37,"turns":5},{"damage":0,"enemies":"Nemesis","floor":41,"turns":7},{"damage":40,"enemies":"2 Orb Walkers","floor":44,"turns":3}],"seed_played":"-7330511944866610537","potions_obtained":[{"floor":1.0,"key":"Fruit Juice"},{"floor":3.0,"key":"SpeedPotion"},{"floor":10.0,"key":"SteroidPotion"},{"floor":12.0,"key":"LiquidBronze"},{"floor":19.0,"key":"SmokeBomb"},{"floor":24.0,"key":"Weak Potion"},{"floor":25.0,"key":"EntropicBrew"},{"floor":30,"key":"LiquidBronze"}],"is_trial":false,"path_per_floor":["M","M","M","?","?","R","E","M","T","E","R","M","E","$","R","B",null,"M","M","?","$","?","R","E","M","T","R","T","$","M","?","R","B",null,"M","$","?","?","$","R","E","?","T"],"character_chosen":"DEFECT","items_purchased":["Ball Lightning","Shovel","Defragment","Happy Flower","Defragment+1"],"campfire_rested":2,"item_purchase_floors":[14,14,14,21,36],"current_hp_per_floor":[74,75,75,75,75,75,58,57,57,31,70,68,60,60,60,10,80,68,48,33,33,33,33,16,3,3,30,30,30,30,30,30,35,42,26,26,26,26,26,26,26,26,26,0],"gold":25,"neow_bonus":"HUNDRED_GOLD","is_prod":false,"is_daily":false,"chose_seed":false,"campfire_upgraded":3,"win_rate":0,"timestamp":1539354802,"path_taken":["M","?","M","?","?","R","E","?","T","E","R","M","E","$","R","BOSS","M","M","?","$","?","R","E","M","T","R","?","?","?","?","R","BOSS","M","$","?","?","?","R","E","?","T","E"],"build_version":"2018-10-11","purchased_purges":3,"victory":false,"max_hp_per_floor":[75,80,80,80,80,80,80,80,80,80,80,80,80,80,80,80,80,80,80,85,85,42,42,42,42,42,42,42,42,42,42,42,42,42,42,42,42,42,42,42,42,42,42,42],"card_choices":[{"not_picked":["Skim","Gash"],"picked":"Hologram","floor":1.0},{"not_picked":["Steam","BootSequence"],"picked":"Turbo","floor":2.0},{"not_picked":["Steam","Doom and Gloom"],"picked":"Compile Driver","floor":3.0},{"not_picked":["Loop","Reprogram"],"picked":"Go for the Eyes","floor":7.0},{"not_picked":["Glacier","Rebound"],"picked":"Cold Snap","floor":8.0},{"not_picked":["Capacitor","Gash"],"picked":"Coolheaded","floor":10.0},{"not_picked":["Lockon","Buffer"],"picked":"Aggregate","floor":12.0},{"not_picked":["Turbo","Steam Power","Rip and Tear"],"picked":"SKIP","floor":13.0},{"not_picked":["Thunder Strike","Multi-Cast"],"picked":"Electrodynamics","floor":16.0},{"not_picked":["Leap","Rip and Tear"],"picked":"Hologram","floor":18.0},{"not_picked":["Skim","Undo"],"picked":"Gash","floor":19.0},{"not_picked":["Barrage","Hello World"],"picked":"Conserve Battery+1","floor":24.0},{"not_picked":["Doom and Gloom","Redo","Rebound+1"],"picked":"SKIP","floor":25.0},{"not_picked":["Lockon","Reinforced Body+1"],"picked":"Stack+1","floor":30},{"not_picked":["Core Surge","Fission"],"picked":"Buffer+1","floor":33},{"not_picked":["Redo+1","Barrage+1"],"picked":"Heatsinks+1","floor":35},{"not_picked":["Tempest","Streamline"],"picked":"Darkness+1","floor":37},{"not_picked":["Capacitor+1","Coolheaded+1"],"picked":"Rainbow","floor":41}],"player_experience":264955,"relics_obtained":[{"floor":7.0,"key":"Ancient Tea Set"},{"floor":9.0,"key":"Smiling Mask"},{"floor":10.0,"key":"Regal Pillow"},{"floor":13.0,"key":"Gremlin Horn"},{"floor":15.0,"key":"StoneCalendar"},{"floor":24.0,"key":"Cables"},{"floor":26.0,"key":"Shuriken"},{"floor":28,"key":"Frozen Egg 2"},{"floor":32,"key":"Bottled Flame"},{"floor":37,"key":"Unceasing Top"},{"floor":41,"key":"Art of War"},{"floor":43,"key":"Dodecahedron"}],"event_choices":[{"event_name":"Golden Shrine","player_choice":"Pray","floor":4.0,"damage_taken":0.0},{"event_name":"Accursed Blacksmith","player_choice":"Forge","floor":5.0,"damage_taken":0.0},{"event_name":"Forgotten Altar","player_choice":"Shed Blood","floor":20.0,"damage_taken":0.0},{"event_name":"Ghosts","player_choice":"Became a Ghost","floor":22.0,"damage_taken":0.0},{"event_name":"MindBloom","player_choice":"Fight","floor":37,"damage_taken":0},{"event_name":"Tomb of Lord Red Mask","player_choice":"Paid","floor":38,"damage_taken":0},{"event_name":"Duplicator","player_choice":"One dupe","floor":42,"damage_taken":0}],"is_beta":false,"boss_relics":[{"not_picked":["Orrery","Pandora\u0027s Box"],"picked":"Inserter"},{"not_picked":["Empty Cage","Fusion Hammer"],"picked":"Sozu"}],"items_purged_floors":[14,29,36],"is_endless":false,"potions_floor_spawned":[1,3,10,12,19,24,25,30,37],"killed_by":"2 Orb Walkers","ascension_level":4}