{"gold_per_floor":[111,122,122,122,145,178,178,213,213,213,49,49,73,106,106,231,231,255,273,273,273,273,316,316,336,336,367,82,82,82,122,122,253,253,267,267,7,7,340,374,374,394,466,466,15,15,15,15,15,15],"floor_reached":51,"playtime":2584,"items_purged":["Defend_R","Writhe"],"score":928,"play_id":"e89bb76a-183d-4cfa-ac3d-a00c2b41ebe9","local_time":"20190105050257","is_ascension_mode":true,"campfire_choices":[{"floor":7,"key":"REST"},{"floor":10,"key":"REST"},{"data":"Flex","floor":15,"key":"SMITH"},{"floor":29,"key":"REST"},{"floor":32,"key":"REST"},{"floor":41,"key":"REST"},{"floor":44,"key":"REST"},{"floor":47,"key":"DIG"},{"floor":49,"key":"DIG"}],"neow_cost":"NONE","seed_source_timestamp":888217215801018,"circlet_count":0,"master_deck":["Defend_R","Defend_R","Defend_R","Bash+1","Cleave","Clash","Flex+1","Combust","Iron Wave","Shockwave+1","Spot Weakness+1","Clash","Double Tap+1","Regret","Clumsy","Cleave","Body Slam+1","Bite","Bite+1","Bite","Bite","Bite","RitualDagger","Rupture","Iron Wave+1","Armaments+1","Spot Weakness+1","Reaper+1","Twin Strike+1","Pain","Inflame","Metallicize","Madness+1","Sword Boomerang+1","Heavy Blade"],"relics":["Burning Blood","NeowsBlessing","Self Forming Clay","Mercury Hourglass","Toxic Egg 2","Tiny Chest","CultistMask","Juzu Bracelet","Calling Bell","Ginger","The Courier","Red Skull","Kunai","Smiling Mask","Champion Belt","Bird Faced Urn","Blood Vial","Pen Nib","MutagenicStrength","Shovel","Fusion Hammer","WarpedTongs","Membership Card","PreservedInsect","Anchor","Pantograph","Lantern","Oddly Smooth Stone","Frozen Egg 2","Whetstone","Centennial Puzzle","Dream Catcher","Bottled Lightning","Molten Egg 2","Pocketwatch","Charon\u0027s Ashes"],"potions_floor_usage":[6,23,23,27,27,50,50,50],"damage_taken":[{"damage":0,"enemies":"Cultist","floor":1,"turns":1},{"damage":0,"enemies":"Jaw Worm","floor":2,"turns":1},{"damage":0,"enemies":"Small Slimes","floor":5,"turns":1},{"damage":36,"enemies":"Lagavulin","floor":6,"turns":5},{"damage":28,"enemies":"Gremlin Nob","floor":8,"turns":4},{"damage":5,"enemies":"Looter","floor":13,"turns":2},{"damage":20,"enemies":"Lagavulin","floor":14,"turns":5},{"damage":16,"enemies":"The Guardian","floor":16,"turns":6},{"damage":26,"enemies":"Shell Parasite","floor":18,"turns":5},{"damage":18,"enemies":"Chosen","floor":19,"turns":5},{"damage":29,"enemies":"Slavers","floor":23,"turns":3},{"damage":33,"enemies":"Sentry and Sphere","floor":25,"turns":5},{"damage":23,"enemies":"Book of Stabbing","floor":27,"turns":6},{"damage":33,"enemies":"Slavers","floor":31,"turns":4},{"damage":27,"enemies":"Champ","floor":33,"turns":7},{"damage":20,"enemies":"3 Shapes","floor":35,"turns":4},{"damage":56,"enemies":"Giant Head","floor":40,"turns":7},{"damage":50,"enemies":"3 Darklings","floor":42,"turns":5},{"damage":58,"enemies":"Awakened One","floor":50,"turns":8}],"seed_played":"270729303524429156","potions_obtained":[{"floor":1,"key":"Regen Potion"},{"floor":8,"key":"GamblersBrew"},{"floor":14,"key":"Weak Potion"},{"floor":19,"key":"Poison Potion"},{"floor":23,"key":"SteroidPotion"},{"floor":27,"key":"SpeedPotion"},{"floor":40,"key":"Swift Potion"},{"floor":42,"key":"SkillPotion"}],"is_trial":false,"path_per_floor":["M","M","?","?","M","E","R","E","T","R","$","?","M","E","R","B",null,"M","M","?","?","?","E","?","M","T","E","$","R","?","E","R","B",null,"M","?","$","?","?","E","R","M","T","R","$","T","R","?","R","B",null],"character_chosen":"IRONCLAD","items_purchased":["Tiny Chest","Shockwave+1","Blood Vial","Pen Nib","Membership Card","PreservedInsect","Inflame","Metallicize","Lantern","Oddly Smooth Stone","Frozen Egg 2","Whetstone","Centennial Puzzle","Dream Catcher"],"campfire_rested":6,"item_purchase_floors":[11,11,28,28,37,37,37,37,45,45,45,45,45,45],"current_hp_per_floor":[80,80,60,60,66,48,72,50,50,74,74,74,75,61,61,51,80,60,48,48,48,42,27,45,30,30,21,21,37,37,16,32,30,56,46,46,46,46,46,19,35,20,20,36,36,36,36,36,36,17],"gold":15,"neow_bonus":"THREE_ENEMY_KILL","is_prod":false,"is_daily":false,"chose_seed":false,"campfire_upgraded":1,"win_rate":0,"timestamp":1546682577,"path_taken":["M","?","?","?","M","E","R","E","T","R","$","?","?","E","R","BOSS","M","M","?","?","?","E","?","M","T","E","$","R","?","E","R","BOSS","M","?","$","?","?","E","R","M","T","R","$","?","R","?","R","BOSS"],"build_version":"2019-01-03v4","purchased_purges":2,"victory":true,"max_hp_per_floor":[80,80,80,80,80,80,80,80,80,80,80,80,80,80,80,80,80,80,80,80,56,56,56,56,56,56,56,56,56,56,56,56,56,56,56,56,56,56,56,56,56,56,56,56,56,56,56,56,56,56],"card_choices":[{"not_picked":["Shockwave","Feel No Pain"],"picked":"Cleave","floor":1},{"not_picked":["Corruption","Wild Strike"],"picked":"Clash","floor":2},{"not_picked":["Power Through","Body Slam"],"picked":"Flex","floor":5},{"not_picked":["Pummel","Clash"],"picked":"Combust","floor":6},{"not_picked":["Sword Boomerang","Disarm"],"picked":"Iron Wave","floor":8},{"not_picked":["Perfected Strike","Shrug It Off+1"],"picked":"Spot Weakness+1","floor":13},{"not_picked":["Havoc+1","Wild Strike"],"picked":"Clash","floor":14},{"not_picked":["Dark Embrace","Impervious+1"],"picked":"Double Tap+1","floor":16},{"not_picked":["Carnage+1","Havoc+1"],"picked":"Cleave","floor":18},{"not_picked":["Clothesline","Havoc+1"],"picked":"Body Slam+1","floor":19},{"not_picked":["Sword Boomerang","Warcry+1"],"picked":"Rupture","floor":23},{"not_picked":["Hemokinesis+1","Feel No Pain"],"picked":"Iron Wave+1","floor":25},{"not_picked":["Wild Strike","Shockwave+1"],"picked":"Armaments+1","floor":27},{"not_picked":["Warcry+1","Reckless Charge"],"picked":"Spot Weakness+1","floor":31},{"not_picked":["Double Tap+1","Demon Form"],"picked":"Reaper","floor":33},{"not_picked":["Clash+1","Clothesline+1"],"picked":"Twin Strike+1","floor":35},{"not_picked":["PanicButton+1","Violence+1"],"picked":"Madness+1","floor":38},{"not_picked":["Flex+1","Searing Blow+1"],"picked":"Sword Boomerang+1","floor":40},{"not_picked":["Pommel Strike","Shockwave+1"],"picked":"Heavy Blade","floor":42}],"player_experience":145060,"relics_obtained":[{"floor":6,"key":"Self Forming Clay"},{"floor":8,"key":"Mercury Hourglass"},{"floor":9,"key":"Toxic Egg 2"},{"floor":14,"key":"Juzu Bracelet"},{"floor":17,"key":"Ginger"},{"floor":17,"key":"The Courier"},{"floor":17,"key":"Red Skull"},{"floor":23,"key":"Smiling Mask"},{"floor":26,"key":"Champion Belt"},{"floor":27,"key":"Bird Faced Urn"},{"floor":31,"key":"Shovel"},{"floor":40,"key":"Anchor"},{"floor":43,"key":"Pantograph"},{"floor":46,"key":"Bottled Lightning"},{"floor":47,"key":"Molten Egg 2"},{"floor":48,"key":"Pocketwatch"},{"floor":49,"key":"Charon\u0027s Ashes"}],"event_choices":[{"damage_healed":0,"gold_gain":0,"player_choice":"Take Damage","damage_taken":20,"relics_obtained":["Golden Idol"],"max_hp_gain":0,"max_hp_loss":0,"event_name":"Golden Idol","floor":3,"gold_loss":0},{"damage_healed":0,"gold_gain":0,"player_choice":"Grow","damage_taken":0,"max_hp_gain":0,"max_hp_loss":0,"event_name":"Living Wall","floor":4,"gold_loss":0,"cards_upgraded":["Bash"]},{"damage_healed":0,"gold_gain":0,"player_choice":"Trade","damage_taken":0,"relics_obtained":["CultistMask"],"max_hp_gain":0,"max_hp_loss":0,"event_name":"FaceTrader","floor":12,"gold_loss":0},{"damage_healed":0,"gold_gain":0,"player_choice":"Opened","damage_taken":0,"relics_obtained":["Kunai"],"max_hp_gain":0,"max_hp_loss":0,"event_name":"The Mausoleum","floor":20,"gold_loss":0},{"damage_healed":0,"gold_gain":0,"player_choice":"Became a vampire","damage_taken":0,"max_hp_gain":0,"max_hp_loss":24,"event_name":"Vampires","floor":21,"gold_loss":0,"cards_obtained":["Bite","Bite","Bite","Bite","Bite"]},{"damage_healed":0,"gold_gain":0,"player_choice":"Joined the Cult","damage_taken":6,"max_hp_gain":0,"max_hp_loss":0,"event_name":"Nest","floor":22,"gold_loss":0,"cards_obtained":["RitualDagger"]},{"damage_healed":18,"gold_gain":0,"player_choice":"Heal","damage_taken":0,"max_hp_gain":0,"max_hp_loss":0,"event_name":"The Library","floor":24,"gold_loss":0},{"damage_healed":0,"gold_gain":0,"player_choice":"Inject Mutagens","damage_taken":0,"relics_obtained":["MutagenicStrength"],"max_hp_gain":0,"max_hp_loss":0,"event_name":"Drug Dealer","floor":30,"gold_loss":0},{"damage_healed":0,"gold_gain":0,"player_choice":"Rummage","damage_taken":0,"relics_obtained":["WarpedTongs"],"max_hp_gain":0,"max_hp_loss":0,"event_name":"Accursed Blacksmith","floor":36,"gold_loss":0,"cards_obtained":["Pain"]},{"damage_healed":0,"gold_gain":0,"player_choice":"Memory 1","damage_taken":0,"max_hp_gain":0,"max_hp_loss":0,"event_name":"SensoryStone","floor":38,"gold_loss":0},{"damage_healed":0,"gold_gain":333,"player_choice":"Gave Idol","damage_taken":0,"max_hp_gain":0,"max_hp_loss":0,"event_name":"The Moai Head","floor":39,"relics_lost":["Golden Idol"],"gold_loss":0},{"damage_healed":0,"gold_gain":0,"player_choice":"Relic","damage_taken":0,"max_hp_gain":0,"max_hp_loss":0,"event_name":"Wheel of Change","floor":48,"gold_loss":0}],"is_beta":false,"boss_relics":[{"not_picked":["Velvet Choker","Eternal Feather"],"picked":"Calling Bell"},{"not_picked":["Snecko Eye","Black Blood"],"picked":"Fusion Hammer"}],"items_purged_floors":[28,45],"is_endless":false,"potions_floor_spawned":[1,8,14,19,23,27,40,42],"ascension_level":1}