{"gold_per_floor":[119,135,135,52,71,71,91,118,118,118,118,118,118,17,17,17],"floor_reached":16,"playtime":629,"items_purged":["Strike_G"],"score":196,"play_id":"f2107799-d922-427a-a163-091f0cae5ae3","local_time":"20181124194743","is_ascension_mode":true,"campfire_choices":[{"floor":6.0,"key":"REST"},{"floor":11.0,"key":"REST"},{"data":"Neutralize","floor":13.0,"key":"SMITH"},{"floor":15.0,"key":"REST"}],"neow_cost":"NONE","seed_source_timestamp":138193444013100,"circlet_count":0,"master_deck":["AscendersBane","Defend_G","Defend_G","Defend_G","Defend_G","Defend_G","Strike_G","Survivor","Neutralize+1","Dagger Spray","Sucker Punch","Flying Knee","Quick Slash","Die Die Die","Quick Slash"],"special_seed":0,"relics":["Empty Cage","Paper Crane","Letter Opener","Singing Bowl"],"potions_floor_usage":[16,16],"damage_taken":[{"damage":9.0,"enemies":"Cultist","floor":1.0,"turns":6.0},{"damage":6.0,"enemies":"Small Slimes","floor":2.0,"turns":7.0},{"damage":2.0,"enemies":"Jaw Worm","floor":5.0,"turns":5.0},{"damage":1.0,"enemies":"Looter","floor":7.0,"turns":4.0},{"damage":26.0,"enemies":"Lagavulin","floor":8.0,"turns":6.0},{"damage":52,"enemies":"Slime Boss","floor":16,"turns":13}],"seed_played":"844264821596916818","potions_obtained":[{"floor":2.0,"key":"Weak Potion"},{"floor":8.0,"key":"Strength Potion"}],"is_trial":false,"path_per_floor":["M","M","?","$","M","R","M","E","T","?","R","?","R","$","R","B"],"character_chosen":"THE_SILENT","items_purchased":["Flying Knee","Strength Potion","Quick Slash"],"campfire_rested":3,"item_purchase_floors":[4,4,14],"current_hp_per_floor":[50,44,18,18,16,35,34,8,8,8,27,27,27,27,46,0],"gold":17,"neow_bonus":"BOSS_RELIC","is_prod":false,"is_daily":false,"chose_seed":false,"campfire_upgraded":1,"win_rate":0,"timestamp":1543106863,"path_taken":["M","?","?","$","M","R","M","E","T","?","R","?","R","$","R","BOSS"],"build_version":"2018-11-15","purchased_purges":1,"victory":false,"max_hp_per_floor":[66,66,66,66,66,66,66,66,66,66,66,66,66,66,66,66],"card_choices":[{"not_picked":["Bane","Acrobatics"],"picked":"Dagger Spray","floor":1.0},{"not_picked":["Finisher","Slice"],"picked":"Sucker Punch","floor":2.0},{"not_picked":["Dodge and Roll","Dagger Throw"],"picked":"Quick Slash","floor":5.0},{"not_picked":["Underhanded Strike","Flying Knee","Masterful Stab"],"picked":"SKIP","floor":7.0},{"not_picked":["Dodge and Roll","Deadly Poison"],"picked":"Die Die Die","floor":8.0}],"player_experience":1671519,"relics_obtained":[{"floor":8.0,"key":"Letter Opener"},{"floor":9.0,"key":"Singing Bowl"}],"event_choices":[{"damage_healed":0.0,"max_hp_gain":0.0,"max_hp_loss":0.0,"gold_gain":0.0,"event_name":"Scrap Ooze","player_choice":"Success","floor":3.0,"gold_loss":0.0,"damage_taken":26.0,"relics_obtained":["Paper Crane"]},{"damage_healed":0.0,"max_hp_gain":0.0,"max_hp_loss":0.0,"gold_gain":0.0,"event_name":"Golden Idol","player_choice":"Ignored","floor":10.0,"gold_loss":0.0,"damage_taken":0.0},{"cards_removed":["Strike_G"],"damage_healed":0.0,"max_hp_gain":0.0,"max_hp_loss":0.0,"gold_gain":0.0,"event_name":"Purifier","player_choice":"Purged","floor":12.0,"gold_loss":0.0,"damage_taken":0.0}],"is_beta":true,"boss_relics":[],"items_purged_floors":[14],"is_endless":false,"potions_floor_spawned":[2,7,8],"killed_by":"Slime Boss","ascension_level":20}