{"path_per_floor":["M","?","?","M","M","R","$","R","T","R","M","M","$","T","R","B",null,"M","M","$","M"],"character_chosen":"DEFECT","items_purchased":["Static Discharge","Creative AI"],"gold_per_floor":[112,112,112,127,150,150,3,3,3,3,19,35,35,35,35,164,164,177,190,21,45,45],"floor_reached":22,"campfire_rested":0,"playtime":1117,"item_purchase_floors":[7,20],"current_hp_per_floor":[71,71,69,66,64,64,64,64,70,70,57,53,53,59,59,2,81,54,29,29,4,0],"items_purged":["Strike_B","Pain"],"gold":45,"score":176,"play_id":"5d6d10fe-0d69-4083-90ee-07702fac4d51","local_time":"20180530130908","is_prod":false,"is_daily":false,"chose_seed":false,"is_ascension_mode":false,"campfire_upgraded":4,"win_rate":0,"timestamp":1527653348,"campfire_choices":[{"data":"Dualcast","floor":6,"key":"SMITH"},{"data":"Zap","floor":8,"key":"SMITH"},{"data":"Static Discharge","floor":10,"key":"SMITH"},{"data":"Go for the Eyes","floor":15,"key":"SMITH"}],"path_taken":["M","?","?","?","?","R","$","R","T","R","M","M","?","?","R","BOSS","M","M","$","M","M"],"build_version":"2018-05-28","seed_source_timestamp":51622862874724,"purchased_purges":2,"victory":false,"master_deck":["Strike_B","Strike_B","Strike_B","Defend_B","Defend_B","Defend_B","Defend_B","Zap+1","Dualcast+1","Ball Lightning","Regret","Ball Lightning","Turbo+1","Static Discharge+1","Doubt","Go for the Eyes+1","Fusion+1","Creative AI","Ball Lightning+1","Coolheaded+1","Creative AI","Tempest+1"],"max_hp_per_floor":[75,75,69,69,69,69,69,69,75,75,75,75,75,81,81,81,81,81,81,81,81,81],"relics":["Cursed Key","Toxic Egg 2","Golden Idol","Darkstone Periapt","Dodecahedron","Black Star"],"card_choices":[{"not_picked":["Rip and Tear","Streamline"],"picked":"Ball Lightning","floor":1},{"not_picked":["Cold Snap","Beam Cell"],"picked":"Ball Lightning","floor":4},{"not_picked":["Aggregate+1","Barrage"],"picked":"Turbo+1","floor":5},{"not_picked":["Hologram+1","Coolheaded+1"],"picked":"Go for the Eyes","floor":11},{"not_picked":["Compile Driver","Skim+1"],"picked":"Fusion+1","floor":12},{"not_picked":["Fission+1","Reboot+1"],"picked":"Creative AI","floor":16},{"not_picked":["Sweeping Beam","Steam Power+1"],"picked":"Ball Lightning+1","floor":18},{"not_picked":["Hello World","Reprogram+1"],"picked":"Coolheaded+1","floor":19},{"not_picked":["Conserve Battery+1","Streamline"],"picked":"Tempest+1","floor":21}],"player_experience":195632,"potions_floor_usage":[12,18,21,22,22,22,22,22],"damage_taken":[{"damage":4,"enemies":"2 Louse","floor":1,"turns":4},{"damage":3,"enemies":"Jaw Worm","floor":4,"turns":3},{"damage":2,"enemies":"Cultist","floor":5,"turns":3},{"damage":13,"enemies":"Exordium Thugs","floor":11,"turns":3},{"damage":4,"enemies":"Lots of Slimes","floor":12,"turns":3},{"damage":57,"enemies":"Slime Boss","floor":16,"turns":11},{"damage":27,"enemies":"Shell Parasite","floor":18,"turns":5},{"damage":25,"enemies":"Spheric Guardian","floor":19,"turns":3},{"damage":25,"enemies":"Cultist and Chosen","floor":21,"turns":6},{"damage":17,"enemies":"Centurion and Healer","floor":22,"turns":4}],"relics_obtained":[{"floor":9,"key":"Darkstone Periapt"},{"floor":14,"key":"Dodecahedron"}],"event_choices":[{"event_name":"Big Fish","player_choice":"Box","floor":2,"damage_taken":0},{"event_name":"Golden Idol","player_choice":"Lose Max HP","floor":3,"damage_taken":0}],"boss_relics":[{"not_picked":["Eternal Feather","Nuclear Battery"],"picked":"Black Star"}],"items_purged_floors":[7,20],"potions_floor_spawned":[1,4,5,18,19,21],"seed_played":"5220629999486563415","killed_by":"Centurion and Healer","ascension_level":0,"potions_obtained":[{"floor":1,"key":"Fire Potion"},{"floor":4,"key":"LiquidBronze"},{"floor":5,"key":"GamblersBrew"},{"floor":18,"key":"SteroidPotion"},{"floor":19,"key":"EntropicBrew"}],"is_trial":false}