{"gold_per_floor":[369,382,382,142,142,142,170,100,150,150,168,95,95,107,107,207,207,220,220,250,53,0],"floor_reached":22,"playtime":1047,"items_purged":[],"score":180,"play_id":"947e6e49-cdea-4dae-ba06-c8b397794973","local_time":"20190103130125","is_ascension_mode":false,"campfire_choices":[{"data":"Intimidate","floor":6,"key":"SMITH"},{"data":"Spot Weakness","floor":13,"key":"SMITH"},{"floor":15,"key":"REST"}],"neow_cost":"TEN_PERCENT_HP_LOSS","seed_source_timestamp":207171283551400,"circlet_count":0,"master_deck":["Strike_R","Strike_R+1","Defend_R+1","Defend_R","Defend_R","Bash","Intimidate+1","Sword Boomerang","Spot Weakness+1","Dropkick","Carnage","Inflame","Berserk","Reaper","Reckless Charge+1","Power Through+1","Shrug It Off+1","Evolve"],"relics":["Burning Blood","Question Card","Darkstone Periapt","Potion Belt","Mummified Hand","Astrolabe","Red Mask","OrangePellets"],"potions_floor_usage":[],"damage_taken":[{"damage":2,"enemies":"2 Louse","floor":1,"turns":3},{"damage":3,"enemies":"Jaw Worm","floor":2,"turns":3},{"damage":41,"enemies":"Gremlin Nob","floor":7,"turns":5},{"damage":0,"enemies":"Cultist","floor":11,"turns":3},{"damage":9,"enemies":"Blue Slaver","floor":14,"turns":3},{"damage":30,"enemies":"Slime Boss","floor":16,"turns":9},{"damage":51,"enemies":"3 Byrds","floor":18,"turns":7},{"damage":47,"enemies":"Masked Bandits","floor":20,"turns":5},{"damage":41,"enemies":"2 Thieves","floor":22,"turns":3}],"seed_played":"2259242549890946509","potions_obtained":[{"floor":1,"key":"Poison Potion"},{"floor":11,"key":"SpeedPotion"},{"floor":18,"key":"Dexterity Potion"}],"is_trial":false,"path_per_floor":["M","M","?","$","?","R","E","$","T","?","M","$","R","M","R","B",null,"M","?","?","$","M"],"character_chosen":"IRONCLAD","items_purchased":["Question Card","Dropkick","Inflame","OrangePellets"],"campfire_rested":1,"item_purchase_floors":[4,8,12,21],"current_hp_per_floor":[72,72,58,58,58,58,23,23,23,23,29,29,29,26,47,23,72,44,31,20,20,0],"gold":0,"neow_bonus":"TWO_FIFTY_GOLD","is_prod":false,"is_daily":false,"chose_seed":false,"campfire_upgraded":2,"win_rate":0.0,"timestamp":1546516885,"path_taken":["M","M","?","$","?","R","E","$","T","?","?","$","R","M","R","BOSS","M","?","?","$","M"],"build_version":"2018-12-20","purchased_purges":0,"victory":false,"max_hp_per_floor":[72,72,72,72,72,72,72,72,72,72,72,72,72,72,72,72,72,72,77,77,77,77],"card_choices":[{"not_picked":["Reckless Charge","Perfected Strike"],"picked":"Intimidate","floor":1},{"not_picked":["Havoc","Armaments","Clash"],"picked":"SKIP","floor":2},{"not_picked":["Rampage","Ghostly Armor","Wild Strike"],"picked":"Spot Weakness","floor":7},{"not_picked":["Metallicize","Flex","Wild Strike"],"picked":"Carnage","floor":11},{"not_picked":["Dropkick","Thunderclap","True Grit"],"picked":"Berserk","floor":14},{"not_picked":["Berserk","Juggernaut","Fiend Fire"],"picked":"Reaper","floor":16},{"not_picked":["True Grit","Pommel Strike+1","Clothesline+1","Clash"],"picked":"SKIP","floor":18},{"not_picked":["Power Through","Twin Strike","Flex+1"],"picked":"Evolve","floor":20}],"player_experience":86554,"relics_obtained":[{"floor":7,"key":"Darkstone Periapt"},{"floor":9,"key":"Potion Belt"},{"floor":10,"key":"Mummified Hand"},{"floor":20,"key":"Red Mask"}],"event_choices":[{"damage_healed":0,"gold_gain":0,"player_choice":"Entered Light","damage_taken":14,"max_hp_gain":0,"max_hp_loss":0,"event_name":"Shining Light","floor":3,"gold_loss":0,"cards_upgraded":["Defend_R","Strike_R"]},{"damage_healed":0,"gold_gain":0,"cards_transformed":["Strike_R"],"player_choice":"Change","damage_taken":0,"max_hp_gain":0,"max_hp_loss":0,"event_name":"Living Wall","floor":5,"gold_loss":0,"cards_obtained":["Sword Boomerang"]},{"damage_healed":0,"gold_gain":0,"player_choice":"Relic","damage_taken":0,"max_hp_gain":0,"max_hp_loss":0,"event_name":"Wheel of Change","floor":10,"gold_loss":0},{"damage_healed":0,"gold_gain":0,"player_choice":"Shed Blood","damage_taken":18,"max_hp_gain":5,"max_hp_loss":0,"event_name":"Forgotten Altar","floor":19,"gold_loss":0},{"damage_healed":0,"gold_gain":0,"player_choice":"Fought Bandits","damage_taken":0,"max_hp_gain":0,"max_hp_loss":0,"event_name":"Masked Bandits","floor":20,"gold_loss":0}],"is_beta":false,"boss_relics":[{"not_picked":["Orrery","Snecko Eye"],"picked":"Astrolabe"}],"items_purged_floors":[],"is_endless":false,"potions_floor_spawned":[1,11,18],"killed_by":"2 Thieves","ascension_level":0}