{"gold_per_floor":[111,130,140,158,233,262,274,274,297,310,260,274,274,26,26,122,122,141,159,159,159,59,59,85,101,401,401,56,56,56,67,67,167,167,184,201,51,65,84,84,104,104,153,170,170,15,0,34,34,34],"floor_reached":50,"playtime":2325,"items_purged":["Defend_B","Defend_B","Decay","Zap"],"score":648,"play_id":"26683160-c93a-4e2d-be88-cdc65f95a7c0","local_time":"20181203084342","is_ascension_mode":true,"campfire_choices":[{"floor":8,"key":"REST"},{"floor":15,"key":"REST"},{"data":"Streamline","floor":23,"key":"SMITH"},{"floor":30,"key":"REST"},{"floor":32,"key":"REST"},{"data":"Beam Cell","floor":40,"key":"SMITH"},{"floor":49,"key":"RECALL"}],"neow_cost":"NONE","seed_source_timestamp":213240434101038,"circlet_count":0,"master_deck":["Strike_B+1","Strike_B+1","Strike_B+1","Defend_B+1","Defend_B+1","Dualcast+1","Reboot+1","Gash+1","Leap+1","Gash+1","Streamline+1","Gash+1","Beam Cell+1","Conserve Battery+1","Rebound+1","Hyperbeam+1","Steam Power+1","Steam+1","Scrape+1","Go for the Eyes+1","PanicButton+1","Core Surge+1","Leap+1","Scrape+1","Sunder+1","Beam Cell+1","Streamline+1"],"relics":["Cracked Core","Bag of Preparation","Dream Catcher","Pen Nib","Busted Crown","War Paint","Old Coin","Nuclear Battery","Centennial Puzzle","Mark of the Bloom","Red Mask","Orichalcum"],"potions_floor_usage":[10,12,25,44,44],"damage_taken":[{"damage":7,"enemies":"Small Slimes","floor":1,"turns":3},{"damage":2,"enemies":"2 Louse","floor":2,"turns":2},{"damage":7,"enemies":"Jaw Worm","floor":3,"turns":3},{"damage":11,"enemies":"Blue Slaver","floor":4,"turns":3},{"damage":27,"enemies":"Gremlin Nob","floor":6,"turns":4},{"damage":1,"enemies":"Looter","floor":7,"turns":3},{"damage":20,"enemies":"Gremlin Gang","floor":10,"turns":4},{"damage":0,"enemies":"3 Louse","floor":12,"turns":2},{"damage":30,"enemies":"Slime Boss","floor":16,"turns":8},{"damage":14,"enemies":"Shell Parasite","floor":18,"turns":3},{"damage":15,"enemies":"3 Byrds","floor":19,"turns":5},{"damage":26,"enemies":"Slavers","floor":24,"turns":3},{"damage":13,"enemies":"Snake Plant","floor":25,"turns":3},{"damage":0,"enemies":"3 Cultists","floor":31,"turns":3},{"damage":69,"enemies":"Collector","floor":33,"turns":8},{"damage":10,"enemies":"Orb Walker","floor":35,"turns":2},{"damage":0,"enemies":"3 Shapes","floor":36,"turns":2},{"damage":0,"enemies":"Sphere and 2 Shapes","floor":38,"turns":1},{"damage":14,"enemies":"Transient","floor":39,"turns":5},{"damage":35,"enemies":"Maw","floor":41,"turns":5},{"damage":2,"enemies":"Sphere and 2 Shapes","floor":44,"turns":4},{"damage":0,"enemies":"Nemesis","floor":48,"turns":3},{"damage":25,"enemies":"Time Eater","floor":50,"turns":2}],"seed_played":"4068221379452411610","potions_obtained":[{"floor":4,"key":"FairyPotion"},{"floor":6,"key":"Energy Potion"},{"floor":7,"key":"Energy Potion"},{"floor":12,"key":"SpeedPotion"},{"floor":18,"key":"SkillPotion"},{"floor":39,"key":"EssenceOfSteel"},{"floor":44,"key":"FearPotion"}],"is_trial":false,"path_per_floor":["M","M","M","M","?","E","M","R","T","M","?","M","?","$","R","B",null,"M","M","?","T","$","R","E","M","T","?","$","?","R","M","R","B",null,"M","M","$","M","M","R","M","?","T","M","?","$","?","E","R","B"],"character_chosen":"DEFECT","items_purchased":["Rebound","Pen Nib","Scrape","Go for the Eyes","PanicButton","FairyPotion","Fire Potion"],"campfire_rested":4,"item_purchase_floors":[14,14,28,28,28,46,46],"current_hp_per_floor":[68,66,59,48,37,10,9,31,31,11,11,11,11,11,33,3,75,61,46,46,46,46,46,20,7,7,7,7,7,29,29,51,7,75,65,65,65,65,51,51,16,16,16,14,14,14,14,14,14,0],"gold":34,"neow_bonus":"ONE_RANDOM_RARE_CARD","is_prod":false,"is_daily":false,"chose_seed":false,"campfire_upgraded":2,"win_rate":0,"timestamp":1543844622,"path_taken":["M","M","M","M","?","E","M","R","T","M","?","M","?","$","R","BOSS","M","M","?","?","?","R","E","M","T","?","$","?","R","M","R","BOSS","M","M","$","M","?","R","M","?","T","M","?","?","?","E","R","BOSS"],"build_version":"2018-11-15","purchased_purges":4,"victory":false,"max_hp_per_floor":[75,75,75,75,75,75,75,75,75,75,75,75,75,75,75,75,75,75,75,75,75,75,75,75,75,75,75,75,75,75,75,75,75,75,75,75,75,75,75,75,75,75,75,75,75,75,75,75,75,75],"card_choices":[{"not_picked":["Barrage","Hologram"],"picked":"Gash","floor":1},{"not_picked":["Loop","Reinforced Body"],"picked":"Leap","floor":2},{"not_picked":["Go for the Eyes","Ball Lightning"],"picked":"Gash","floor":3},{"not_picked":["Cold Snap","Redo","Hologram"],"picked":"SKIP","floor":4},{"not_picked":["Glacier","Scrape"],"picked":"Streamline","floor":6},{"not_picked":["Reprogram","Sweeping Beam"],"picked":"Gash","floor":7},{"not_picked":["Skim","Conserve Battery"],"picked":"Beam Cell","floor":10},{"not_picked":["Streamline","Coolheaded"],"picked":"Conserve Battery","floor":12},{"not_picked":["Creative AI","Amplify"],"picked":"Hyperbeam","floor":16},{"not_picked":["Reprogram"],"picked":"SKIP","floor":18},{"not_picked":["Redo"],"picked":"SKIP","floor":19},{"not_picked":["Compile Driver"],"picked":"SKIP","floor":24},{"not_picked":[],"picked":"Steam","floor":25},{"not_picked":["Barrage"],"picked":"SKIP","floor":31},{"not_picked":[],"picked":"Core Surge","floor":33},{"not_picked":[],"picked":"Leap","floor":35},{"not_picked":[],"picked":"Scrape+1","floor":36},{"not_picked":[],"picked":"Sunder+1","floor":38},{"not_picked":[],"picked":"Beam Cell","floor":39},{"not_picked":["Cold Snap"],"picked":"SKIP","floor":41},{"not_picked":[],"picked":"Streamline+1","floor":44},{"not_picked":["Tempest"],"picked":"SKIP","floor":48}],"player_experience":253528,"relics_obtained":[{"floor":6,"key":"Bag of Preparation"},{"floor":9,"key":"Dream Catcher"},{"floor":24,"key":"War Paint"},{"floor":26,"key":"Old Coin"},{"floor":43,"key":"Centennial Puzzle"},{"floor":48,"key":"Orichalcum"}],"event_choices":[{"damage_healed":0,"gold_gain":75,"player_choice":"Gather Gold","damage_taken":11,"max_hp_gain":0,"max_hp_loss":0,"event_name":"World of Goop","floor":5,"gold_loss":0},{"cards_removed":["Strike_B"],"damage_healed":0,"gold_gain":0,"player_choice":"Card Removal","damage_taken":0,"max_hp_gain":0,"max_hp_loss":0,"event_name":"The Cleric","floor":11,"gold_loss":50},{"damage_healed":0,"gold_gain":0,"player_choice":"Ignored","damage_taken":0,"max_hp_gain":0,"max_hp_loss":0,"event_name":"Shining Light","floor":13,"gold_loss":0},{"damage_healed":0,"gold_gain":0,"player_choice":"Read","damage_taken":0,"max_hp_gain":0,"max_hp_loss":0,"event_name":"The Library","floor":20,"gold_loss":0,"cards_obtained":["Steam Power"]},{"damage_healed":0,"gold_gain":0,"player_choice":"Smashed Altar","damage_taken":0,"max_hp_gain":0,"max_hp_loss":0,"event_name":"Forgotten Altar","floor":27,"gold_loss":0,"cards_obtained":["Decay"]},{"damage_healed":0,"gold_gain":0,"player_choice":"Forge","damage_taken":0,"max_hp_gain":0,"max_hp_loss":0,"event_name":"Accursed Blacksmith","floor":29,"gold_loss":0,"cards_upgraded":["Scrape"]},{"damage_healed":0,"gold_gain":0,"player_choice":"Ignored","damage_taken":0,"max_hp_gain":0,"max_hp_loss":0,"event_name":"Mysterious Sphere","floor":42,"gold_loss":0},{"damage_healed":0,"gold_gain":0,"player_choice":"Upgrade","damage_taken":0,"relics_obtained":["Mark of the Bloom"],"max_hp_gain":0,"max_hp_loss":0,"event_name":"MindBloom","floor":45,"gold_loss":0,"cards_upgraded":["Strike_B","Strike_B","Strike_B","Defend_B","Dualcast","Reboot","Gash","Leap","Gash","Gash","Conserve Battery","Rebound","Hyperbeam","Steam","Go for the Eyes","PanicButton","Core Surge","Leap","Beam Cell"]},{"damage_healed":0,"gold_gain":0,"player_choice":"Paid","damage_taken":0,"relics_obtained":["Red Mask"],"max_hp_gain":0,"max_hp_loss":0,"event_name":"Tomb of Lord Red Mask","floor":47,"gold_loss":15}],"is_beta":false,"boss_relics":[{"not_picked":["Pandora\u0027s Box","Velvet Choker"],"picked":"Busted Crown"},{"not_picked":["Eternal Feather","Inserter"],"picked":"Nuclear Battery"}],"items_purged_floors":[14,22,28,37],"is_endless":false,"potions_floor_spawned":[4,6,7,12,18,19,39,44,48],"killed_by":"Time Eater","ascension_level":4}