{"gold_per_floor":[216,216,216,231,250,282,282,316,316,316,330,176,176,190,190,290,290,303,320,320,320,21,21,54,54,127,127,227,227,239,272,272,367,367,384,384,403,13,65,65,65,81,81,81,91,91,91,116,116,116,116,116,14,41,41],"floor_reached":55,"playtime":4801,"items_purged":["Strike_B","Strike_B","Mayhem+1"],"score":739,"play_id":"e444eed6-4ad3-49d4-90c1-989f5eb76bda","local_time":"20190208191010","is_ascension_mode":false,"campfire_choices":[{"data":"Zap","floor":7,"key":"SMITH"},{"floor":13,"key":"REST"},{"floor":15,"key":"RECALL"},{"floor":23,"key":"REST"},{"floor":25,"key":"REST"},{"data":"Echo Form","floor":27,"key":"SMITH"},{"floor":32,"key":"REST"},{"floor":40,"key":"REST"},{"data":"Apotheosis","floor":44,"key":"SMITH"},{"data":"Buffer","floor":47,"key":"SMITH"},{"data":"Chill","floor":49,"key":"SMITH"},{"data":"Defragment","floor":52,"key":"SMITH"}],"neow_cost":"NONE","seed_source_timestamp":623775845266194,"circlet_count":0,"master_deck":["Strike_B","Strike_B","Defend_B","Defend_B","Defend_B","Defend_B","Zap+1","Dualcast","Ball Lightning","Sweeping Beam","Steam","Static Discharge","White Noise","Glacier","Loop","Loop","Echo Form+1","Defragment+1","Gash","Go for the Eyes","Conserve Battery","Hologram","Gash","Genetic Algorithm","Buffer+1","Chill+1","Gash","FTL","Steam","Gash+1","Self Repair+1","Reprogram+1","Creative AI+1","Apotheosis+1","Chill","Turbo+1","Doubt","Beam Cell+1"],"relics":["Cracked Core","WarpedTongs","Oddly Smooth Stone","Question Card","Orrery","Enchiridion","Frozen Egg 2","Cables","Nunchaku","Bottled Tornado","Pear","Symbiotic Virus","Busted Crown","Emotion Chip","Kunai","Sundial","Vajra","Gambling Chip"],"potions_floor_usage":[55],"damage_taken":[{"damage":1,"enemies":"Jaw Worm","floor":1,"turns":3},{"damage":0,"enemies":"Cultist","floor":4,"turns":2},{"damage":3,"enemies":"Small Slimes","floor":5,"turns":2},{"damage":15,"enemies":"3 Sentries","floor":6,"turns":6},{"damage":31,"enemies":"Gremlin Nob","floor":8,"turns":4},{"damage":0,"enemies":"Exordium Wildlife","floor":11,"turns":3},{"damage":0,"enemies":"3 Louse","floor":14,"turns":3},{"damage":7,"enemies":"Hexaghost","floor":16,"turns":9},{"damage":20,"enemies":"Spheric Guardian","floor":18,"turns":4},{"damage":3,"enemies":"Chosen","floor":19,"turns":4},{"damage":30,"enemies":"Gremlin Leader","floor":24,"turns":7},{"damage":15,"enemies":"Colosseum Slavers","floor":28,"turns":5},{"damage":1,"enemies":"Colosseum Nobs","floor":28,"turns":6},{"damage":12,"enemies":"Centurion and Healer","floor":30,"turns":6},{"damage":26,"enemies":"Slavers","floor":31,"turns":5},{"damage":10,"enemies":"Automaton","floor":33,"turns":11},{"damage":0,"enemies":"3 Darklings","floor":35,"turns":6},{"damage":10,"enemies":"Orb Walker","floor":37,"turns":4},{"damage":54,"enemies":"2 Orb Walkers","floor":39,"turns":5},{"damage":0,"enemies":"Maw","floor":42,"turns":6},{"damage":0,"enemies":"3 Darklings","floor":45,"turns":8},{"damage":7,"enemies":"Giant Head","floor":48,"turns":6},{"damage":15,"enemies":"Time Eater","floor":50,"turns":11},{"damage":25,"enemies":"Shield and Spear","floor":54,"turns":11},{"damage":90,"enemies":"The Heart","floor":55,"turns":5}],"seed_played":"3796339829352664947","potions_obtained":[{"floor":5,"key":"SneckoOil"},{"floor":11,"key":"Swift Potion"},{"floor":14,"key":"PowerPotion"},{"floor":19,"key":"Swift Potion"}],"is_trial":false,"path_per_floor":["M","?","?","M","M","E","R","E","T","?","M","$","R","M","R","B",null,"M","M","?","?","$","R","E","R","T","R","?","T","M","E","R","B",null,"M","?","M","$","?","R","?","M","T","R","M","T","R","E","R","B",null,"R","$","E","B"],"character_chosen":"DEFECT","items_purchased":["Loop","Chill","Gash","FTL","Steam","Apotheosis","Chill","FairyPotion"],"campfire_rested":5,"item_purchase_floors":[12,22,22,22,22,38,38,53],"current_hp_per_floor":[74,74,74,74,71,56,56,25,25,18,18,18,40,40,40,33,75,55,52,52,36,36,58,28,50,50,50,34,44,32,6,31,31,85,85,85,85,85,41,66,85,85,85,85,85,85,85,85,85,80,85,85,85,80,0],"gold":41,"neow_bonus":"HUNDRED_GOLD","is_prod":false,"is_daily":false,"chose_seed":false,"campfire_upgraded":6,"win_rate":0,"timestamp":1549649410,"path_taken":["M","?","?","M","?","E","R","E","T","?","M","$","R","M","R","BOSS","M","M","?","?","?","R","E","R","T","R","?","?","?","E","R","BOSS","M","?","M","$","?","R","?","M","T","R","M","?","R","E","R","BOSS","R","$","E","BOSS"],"build_version":"2019-01-23","purchased_purges":3,"victory":false,"max_hp_per_floor":[75,75,75,75,75,75,75,75,75,75,75,75,75,75,75,75,75,75,75,75,75,75,75,75,75,75,75,75,85,85,85,85,85,85,85,85,85,85,85,85,85,85,85,85,85,85,85,85,85,85,85,85,85,85,85],"card_choices":[{"not_picked":["Defragment","Go for the Eyes"],"picked":"Ball Lightning","floor":1},{"not_picked":["Coolheaded","Heatsinks"],"picked":"Sweeping Beam","floor":4},{"not_picked":["Lockon","Compile Driver"],"picked":"Steam","floor":5},{"not_picked":["Compile Driver","Melter"],"picked":"Static Discharge","floor":6},{"not_picked":["Steam Power","Conserve Battery"],"picked":"White Noise","floor":8},{"not_picked":["Recycle","Stack","Blizzard"],"picked":"Glacier","floor":11},{"not_picked":["Skim","Heatsinks","Hyperbeam"],"picked":"Loop","floor":14},{"not_picked":["All For One","Amplify","Fission"],"picked":"Echo Form","floor":16},{"not_picked":["Stack","Melter","Seek"],"picked":"Defragment","floor":17},{"not_picked":["Doom and Gloom","Chaos","Beam Cell"],"picked":"Gash","floor":17},{"not_picked":["Beam Cell","Sweeping Beam","Barrage"],"picked":"Go for the Eyes","floor":17},{"not_picked":["Redo","Ball Lightning","Undo"],"picked":"Conserve Battery","floor":17},{"not_picked":["Barrage","Stack","Leap"],"picked":"Hologram","floor":17},{"not_picked":["Turbo","Loop","Chaos"],"picked":"Gash","floor":18},{"not_picked":["Sweeping Beam","Steam","Defragment+1"],"picked":"Genetic Algorithm","floor":19},{"not_picked":["Redo","Echo Form","Barrage"],"picked":"Gash+1","floor":24},{"not_picked":["Rip and Tear","Cold Snap","Compile Driver+1"],"picked":"Self Repair+1","floor":30},{"not_picked":["Hologram+1","Skim","Heatsinks+1"],"picked":"Reprogram+1","floor":31},{"not_picked":["Amplify","Echo Form+1","Hyperbeam"],"picked":"Creative AI+1","floor":33},{"not_picked":["Coolheaded","Redo"],"picked":"SKIP","floor":35},{"not_picked":["Dramatic Entrance"],"picked":"Mayhem+1","floor":36},{"not_picked":["Rip and Tear","Hologram"],"picked":"SKIP","floor":37},{"not_picked":["Leap"],"picked":"Turbo+1","floor":39},{"not_picked":["Hologram","Beam Cell"],"picked":"SKIP","floor":42},{"not_picked":["Double Energy","Barrage+1"],"picked":"SKIP","floor":45},{"not_picked":["Go for the Eyes"],"picked":"Beam Cell+1","floor":48},{"not_picked":["Undo","Ball Lightning+1"],"picked":"SKIP","floor":54}],"player_experience":614102,"relics_obtained":[{"floor":6,"key":"Oddly Smooth Stone"},{"floor":8,"key":"Question Card"},{"floor":21,"key":"Enchiridion"},{"floor":24,"key":"Frozen Egg 2"},{"floor":26,"key":"Cables"},{"floor":28,"key":"Nunchaku"},{"floor":28,"key":"Bottled Tornado"},{"floor":29,"key":"Pear"},{"floor":31,"key":"Symbiotic Virus"},{"floor":39,"key":"Emotion Chip"},{"floor":43,"key":"Kunai"},{"floor":46,"key":"Sundial"},{"floor":48,"key":"Vajra"},{"floor":54,"key":"Gambling Chip"}],"event_choices":[{"damage_healed":0,"gold_gain":0,"player_choice":"Ignored","damage_taken":0,"max_hp_gain":0,"max_hp_loss":0,"event_name":"Liars Game","floor":2,"gold_loss":0},{"damage_healed":0,"gold_gain":0,"player_choice":"Rummage","damage_taken":0,"relics_obtained":["WarpedTongs"],"max_hp_gain":0,"max_hp_loss":0,"event_name":"Accursed Blacksmith","floor":3,"gold_loss":0,"cards_obtained":["Pain"]},{"cards_removed":["Pain"],"damage_healed":0,"gold_gain":0,"player_choice":"Card Removal","damage_taken":7,"max_hp_gain":0,"max_hp_loss":0,"event_name":"Golden Wing","floor":10,"gold_loss":0},{"damage_healed":0,"gold_gain":0,"player_choice":"Read","damage_taken":0,"max_hp_gain":0,"max_hp_loss":0,"event_name":"The Library","floor":20,"gold_loss":0,"cards_obtained":["Buffer"]},{"damage_healed":0,"gold_gain":0,"player_choice":"Obtained Book","damage_taken":16,"max_hp_gain":0,"max_hp_loss":0,"event_name":"Cursed Tome","floor":21,"gold_loss":0},{"damage_healed":0,"gold_gain":0,"player_choice":"Fight","damage_taken":0,"max_hp_gain":0,"max_hp_loss":0,"event_name":"Colosseum","floor":28,"gold_loss":0},{"damage_healed":0,"gold_gain":0,"player_choice":"Fought Nobs","damage_taken":0,"max_hp_gain":0,"max_hp_loss":0,"event_name":"Colosseum","floor":28,"gold_loss":0},{"damage_healed":0,"gold_gain":0,"player_choice":"Memory 1","damage_taken":0,"max_hp_gain":0,"max_hp_loss":0,"event_name":"SensoryStone","floor":36,"gold_loss":0},{"damage_healed":0,"gold_gain":0,"player_choice":"Fight","damage_taken":0,"max_hp_gain":0,"max_hp_loss":0,"event_name":"Mysterious Sphere","floor":39,"gold_loss":0},{"damage_healed":19,"gold_gain":0,"player_choice":"Heal","damage_taken":0,"max_hp_gain":0,"max_hp_loss":0,"event_name":"MindBloom","floor":41,"gold_loss":0,"cards_obtained":["Doubt"]}],"is_beta":false,"boss_relics":[{"not_picked":["Runic Dome","Philosopher\u0027s Stone"],"picked":"Orrery"},{"not_picked":["Nuclear Battery","Runic Pyramid"],"picked":"Busted Crown"}],"items_purged_floors":[12,22,38],"is_endless":false,"potions_floor_spawned":[5,11,14,19,28,31,33,39,45],"killed_by":"The Heart","ascension_level":0}