{"gold_per_floor":[116,86,18,35,35,35,35,59,85,85,85,118,56,76,76,173,173,98,98,98,98,98,98,98,98,98,98,98,17,17,17,17,17,17,17,17,17,17,17,17,17,17,17,17,17,17,17,17,17,17],"floor_reached":50,"playtime":4174,"items_purged":[],"score":644,"play_id":"8a4cebb3-2f89-4fce-b7d3-9fabf717f33b","local_time":"20181216144614","is_ascension_mode":true,"campfire_choices":[{"data":"Uppercut","floor":6.0,"key":"SMITH"},{"data":"True Grit","floor":11,"key":"SMITH"},{"floor":15,"key":"REST"},{"data":"Double Tap","floor":24,"key":"SMITH"},{"floor":32,"key":"REST"},{"data":"Armaments","floor":40,"key":"SMITH"},{"data":"Barricade","floor":47,"key":"SMITH"},{"floor":49,"key":"RECALL"}],"neow_cost":"PERCENT_DAMAGE","seed_source_timestamp":382875881066666,"circlet_count":0,"master_deck":["Strike_R","Strike_R","Strike_R","Strike_R","Strike_R","Defend_R","Defend_R","Defend_R","Defend_R","Bash","Clothesline","Impervious","Uppercut+1","True Grit+1","Ghostly Armor","Metallicize","Double Tap+1","Spot Weakness+1","Immolate","Sentinel+1","True Grit+1","Armaments+1","Reaper","Feed","Evolve+1","Body Slam","Bash","Flash of Steel","Whirlwind","Parasite","Shrug It Off+1","Pommel Strike+1","Brutality","Infernal Blade+1","Barricade+1","Feel No Pain+1","Parasite"],"special_seed":0,"relics":["Burning Blood","Pocketwatch","Odd Mushroom","Meat on the Bone","Ectoplasm","Nloth\u0027s Gift","Singing Bowl","Ancient Tea Set","Bag of Marbles","Mark of Pain","Nunchaku","Mummified Hand","Pear","Molten Egg 2"],"potions_floor_usage":[12,12,12,16,16,16,22,30,30,42,46,46,46,50,50],"damage_taken":[{"damage":1.0,"enemies":"Jaw Worm","floor":1.0,"turns":4.0},{"damage":1.0,"enemies":"Cultist","floor":4.0,"turns":4.0},{"damage":32.0,"enemies":"The Mushroom Lair","floor":8.0,"turns":5.0},{"damage":20,"enemies":"Gremlin Nob","floor":12,"turns":4},{"damage":0,"enemies":"2 Louse","floor":14,"turns":3},{"damage":17,"enemies":"Slime Boss","floor":16,"turns":7},{"damage":16,"enemies":"2 Thieves","floor":18,"turns":4},{"damage":10,"enemies":"Chosen","floor":20,"turns":3},{"damage":3,"enemies":"Centurion and Healer","floor":21,"turns":5},{"damage":10,"enemies":"Cultist and Chosen","floor":22,"turns":5},{"damage":20,"enemies":"Book of Stabbing","floor":23,"turns":6},{"damage":47,"enemies":"Gremlin Leader","floor":25,"turns":7},{"damage":11,"enemies":"Snake Plant","floor":28,"turns":2},{"damage":25,"enemies":"Shelled Parasite and Fungi","floor":30,"turns":6},{"damage":46,"enemies":"Champ","floor":33,"turns":15},{"damage":11,"enemies":"3 Shapes","floor":35,"turns":5},{"damage":9,"enemies":"Orb Walker","floor":36,"turns":4},{"damage":0,"enemies":"Mind Bloom Boss Battle","floor":37,"turns":5},{"damage":14,"enemies":"Writhing Mass","floor":39,"turns":6},{"damage":7,"enemies":"Sphere and 2 Shapes","floor":41,"turns":4},{"damage":6,"enemies":"Nemesis","floor":42,"turns":7},{"damage":17,"enemies":"Spire Growth","floor":44,"turns":4},{"damage":19,"enemies":"3 Darklings","floor":45,"turns":5},{"damage":56,"enemies":"Reptomancer","floor":46,"turns":8},{"damage":4,"enemies":"Writhing Mass","floor":48,"turns":6},{"damage":115,"enemies":"Donu and Deca","floor":50,"turns":7}],"seed_played":"-8186270090006419754","potions_obtained":[{"floor":2.0,"key":"Strength Potion"},{"floor":2.0,"key":"EntropicBrew"},{"floor":14,"key":"AttackPotion"},{"floor":20,"key":"GamblersBrew"},{"floor":21,"key":"FearPotion"},{"floor":28,"key":"EssenceOfSteel"},{"floor":33,"key":"SneckoOil"},{"floor":37,"key":"AttackPotion"},{"floor":41,"key":"AttackPotion"},{"floor":42,"key":"FairyPotion"},{"floor":45,"key":"EntropicBrew"},{"floor":48,"key":"SkillPotion"}],"is_trial":false,"path_per_floor":["M","?","$","M","$","R","?","?","T","T","R","E","$","M","R","B",null,"M","?","M","M","M","E","R","E","T","?","M","$","M","$","R","B",null,"M","M","?","?","M","R","M","E","T","M","M","E","R","M","R","B"],"character_chosen":"IRONCLAD","items_purchased":["Impervious","Metallicize","Reaper"],"campfire_rested":2,"item_purchase_floors":[3,13,29],"current_hp_per_floor":[61,61,61,66,66,66,71,45,45,45,45,39,39,57,82,71,85,75,75,71,74,70,56,56,29,29,29,36,36,35,35,61,33,89,88,89,91,91,89,89,88,94,104,97,89,69,69,73,73,0],"gold":17,"neow_bonus":"ONE_RARE_RELIC","is_prod":false,"is_daily":false,"chose_seed":false,"campfire_upgraded":5,"win_rate":0,"timestamp":1544989574,"path_taken":["M","?","?","?","$","R","?","?","T","?","R","E","$","M","R","BOSS","M","?","?","M","M","E","R","E","T","?","M","$","M","?","R","BOSS","M","?","?","?","M","R","M","E","T","M","M","E","R","M","R","BOSS"],"build_version":"2018-12-13","purchased_purges":0,"victory":false,"max_hp_per_floor":[80,80,80,80,80,80,85,85,85,85,85,85,85,85,85,85,85,85,85,85,85,85,85,85,87,87,87,87,87,89,89,89,89,89,89,89,91,91,91,91,91,94,104,108,108,108,108,110,110,110],"card_choices":[{"not_picked":["Wild Strike","Iron Wave"],"picked":"Clothesline","floor":1.0},{"not_picked":["Bloodletting","Pommel Strike"],"picked":"Uppercut","floor":4.0},{"not_picked":["Warcry","Pummel"],"picked":"True Grit","floor":8.0},{"not_picked":["Flex","Sentinel"],"picked":"Ghostly Armor","floor":12},{"not_picked":["Second Wind","Clash","Twin Strike"],"picked":"SKIP","floor":14},{"not_picked":["Demon Form","Barricade"],"picked":"Double Tap","floor":16},{"not_picked":["Twin Strike","Thunderclap"],"picked":"Spot Weakness+1","floor":18},{"not_picked":["Havoc","True Grit","Thunderclap"],"picked":"SKIP","floor":20},{"not_picked":["True Grit+1","Clothesline+1"],"picked":"Immolate","floor":21},{"not_picked":["Heavy Blade","Anger+1"],"picked":"Sentinel+1","floor":22},{"not_picked":["Wild Strike","Berserk"],"picked":"True Grit+1","floor":23},{"not_picked":["Power Through","Berserk","Twin Strike"],"picked":"Singing Bowl","floor":25},{"not_picked":["Feed","Sever Soul"],"picked":"Armaments","floor":28},{"not_picked":["Shockwave+1","Ghostly Armor+1","Iron Wave"],"picked":"Singing Bowl","floor":30},{"not_picked":["Impervious","Double Tap"],"picked":"Feed","floor":33},{"not_picked":["Power Through","Cleave"],"picked":"Evolve+1","floor":35},{"not_picked":["Twin Strike","Pummel"],"picked":"Body Slam","floor":36},{"not_picked":["Clash","Cleave+1","Brutality"],"picked":"Singing Bowl","floor":37},{"not_picked":["Battle Trance","Clash+1"],"picked":"Shrug It Off+1","floor":39},{"not_picked":["Hemokinesis+1","Sword Boomerang+1"],"picked":"Pommel Strike+1","floor":41},{"not_picked":["Reaper","True Grit"],"picked":"Brutality","floor":42},{"not_picked":["Armaments+1","Thunderclap+1"],"picked":"Infernal Blade+1","floor":44},{"not_picked":["Flex+1","Body Slam"],"picked":"Barricade","floor":45},{"not_picked":["Clash","Brutality"],"picked":"Feel No Pain+1","floor":46},{"not_picked":["Perfected Strike+1","Twin Strike+1","Havoc+1"],"picked":"Singing Bowl","floor":48}],"player_experience":724476,"relics_obtained":[{"floor":8.0,"key":"Odd Mushroom"},{"floor":10,"key":"The Courier"},{"floor":12,"key":"Meat on the Bone"},{"floor":23,"key":"Singing Bowl"},{"floor":25,"key":"Ancient Tea Set"},{"floor":26,"key":"Bag of Marbles"},{"floor":37,"key":"Nunchaku"},{"floor":42,"key":"Mummified Hand"},{"floor":43,"key":"Pear"},{"floor":46,"key":"Molten Egg 2"}],"event_choices":[{"damage_healed":0.0,"max_hp_gain":0.0,"max_hp_loss":0.0,"gold_gain":0.0,"event_name":"The Woman in Blue","player_choice":"Bought 2 Potions","floor":2.0,"gold_loss":0.0,"damage_taken":0.0},{"damage_healed":0.0,"max_hp_gain":5.0,"max_hp_loss":0.0,"gold_gain":0.0,"event_name":"Big Fish","player_choice":"Donut","floor":7.0,"gold_loss":0.0,"damage_taken":0.0},{"damage_healed":0.0,"max_hp_gain":0.0,"max_hp_loss":0.0,"gold_gain":0.0,"event_name":"Mushrooms","player_choice":"Fought Mushrooms","floor":8.0,"gold_loss":0.0,"damage_taken":0.0},{"damage_healed":0,"gold_gain":0,"player_choice":"Traded Relic","damage_taken":0,"relics_obtained":["Nloth\u0027s Gift"],"max_hp_gain":0,"max_hp_loss":0,"event_name":"N\u0027loth","floor":19,"relics_lost":["The Courier"],"gold_loss":0},{"damage_healed":0,"gold_gain":0,"player_choice":"Leave","damage_taken":0,"max_hp_gain":0,"max_hp_loss":0,"event_name":"FaceTrader","floor":27,"gold_loss":0},{"damage_healed":0,"gold_gain":0,"player_choice":"Fight","damage_taken":0,"max_hp_gain":0,"max_hp_loss":0,"event_name":"MindBloom","floor":37,"gold_loss":0},{"damage_healed":0,"gold_gain":0,"player_choice":"3 cards matched","damage_taken":0,"max_hp_gain":0,"max_hp_loss":0,"event_name":"Match and Keep!","floor":38,"gold_loss":0,"cards_obtained":["Bash","Flash of Steel","Whirlwind"]}],"is_beta":false,"boss_relics":[{"not_picked":["Astrolabe","Eternal Feather"],"picked":"Ectoplasm"},{"not_picked":["Cursed Key","Runic Cube"],"picked":"Mark of Pain"}],"items_purged_floors":[],"is_endless":false,"potions_floor_spawned":[14,20,21,28,33,37,41,42,44,45,48],"killed_by":"Donu and Deca","ascension_level":1}