{"gold_per_floor":[119,44,44,44,44,71,71,82,82,82,97,97,109,125,125,125],"floor_reached":16,"playtime":638,"items_purged":["Strike_R"],"score":125,"play_id":"be05d9a2-3135-4062-8c49-2461bb54141e","local_time":"20181224181659","is_ascension_mode":false,"campfire_choices":[{"floor":7,"key":"REST"},{"floor":15,"key":"RECALL"}],"neow_cost":"PERCENT_DAMAGE","seed_source_timestamp":609238559354588,"circlet_count":0,"master_deck":["Strike_R+1","Strike_R","Strike_R","Defend_R","Defend_R+1","Defend_R","Defend_R","Bash","Cleave","Evolve","Flex+1","Entrench+1"],"relics":["Burning Blood","Bag of Marbles","Toxic Egg 2"],"potions_floor_usage":[],"damage_taken":[{"damage":6,"enemies":"2 Louse","floor":1,"turns":3},{"damage":49,"enemies":"Lagavulin","floor":6,"turns":7},{"damage":0,"enemies":"Jaw Worm","floor":8,"turns":3},{"damage":0,"enemies":"Small Slimes","floor":11,"turns":2},{"damage":3,"enemies":"Red Slaver","floor":13,"turns":3},{"damage":4,"enemies":"Exordium Thugs","floor":14,"turns":6},{"damage":55,"enemies":"The Guardian","floor":16,"turns":11}],"seed_played":"4965981339146653919","potions_obtained":[{"floor":6,"key":"FearPotion"},{"floor":8,"key":"Swift Potion"},{"floor":13,"key":"GamblersBrew"}],"is_trial":false,"path_per_floor":["M","$","?","?","$","E","R","M","T","$","M","?","M","M","R","B"],"character_chosen":"IRONCLAD","items_purchased":[],"campfire_rested":1,"item_purchase_floors":[],"current_hp_per_floor":[72,72,72,53,53,10,38,44,44,44,50,50,53,55,55,0],"gold":125,"neow_bonus":"TWENTY_PERCENT_HP_BONUS","is_prod":false,"is_daily":false,"chose_seed":false,"campfire_upgraded":0,"win_rate":0,"timestamp":1545643019,"path_taken":["M","$","?","?","?","E","R","M","T","?","?","?","M","M","R","BOSS"],"build_version":"2018-12-20","purchased_purges":1,"victory":false,"max_hp_per_floor":[96,96,96,96,96,96,96,96,96,96,96,96,96,96,96,96],"card_choices":[{"not_picked":["Heavy Blade","Flex"],"picked":"Cleave","floor":1},{"not_picked":["Sword Boomerang","Corruption","Evolve"],"picked":"SKIP","floor":6},{"not_picked":["Clash","Cleave"],"picked":"Evolve","floor":8},{"not_picked":["Cleave","Dropkick"],"picked":"Flex+1","floor":11},{"not_picked":["Pummel","Iron Wave","Corruption"],"picked":"SKIP","floor":13},{"not_picked":["Second Wind+1","Brutality","Sword Boomerang"],"picked":"SKIP","floor":14}],"player_experience":671680,"relics_obtained":[{"floor":6,"key":"Bag of Marbles"},{"floor":9,"key":"Toxic Egg 2"}],"event_choices":[{"damage_healed":0,"gold_gain":0,"player_choice":"Leave","damage_taken":0,"max_hp_gain":0,"max_hp_loss":0,"event_name":"The Cleric","floor":3,"gold_loss":0},{"damage_healed":0,"gold_gain":0,"player_choice":"Entered Light","damage_taken":19,"max_hp_gain":0,"max_hp_loss":0,"event_name":"Shining Light","floor":4,"gold_loss":0,"cards_upgraded":["Strike_R","Defend_R"]},{"damage_healed":0,"gold_gain":0,"cards_transformed":["Strike_R"],"player_choice":"Change","damage_taken":0,"max_hp_gain":0,"max_hp_loss":0,"event_name":"Living Wall","floor":12,"gold_loss":0,"cards_obtained":["Entrench"]}],"is_beta":false,"boss_relics":[],"items_purged_floors":[2],"is_endless":false,"potions_floor_spawned":[6,8,13],"killed_by":"The Guardian","ascension_level":0}