{"path_per_floor":["M","M","?","?","M","R","E","R","T","E","?","R","M","M","R","B",null,"M","M","?","?","$","R","$","R","T","M","M","?","R","M","R"],"character_chosen":"THE_SILENT","items_purchased":["Flechettes","Toxic Egg 2"],"gold_per_floor":[118,130,130,130,145,145,172,172,172,199,199,199,215,231,231,327,327,340,358,358,358,41,41,41,41,95,110,123,123,123,137,137,137],"floor_reached":33,"campfire_rested":6,"playtime":2641,"current_hp_per_floor":[67,65,58,63,51,70,35,56,56,20,20,41,41,39,60,35,70,60,53,53,70,70,70,70,70,70,62,41,25,46,19,40,0],"items_purged":[],"gold":137,"score":255,"play_id":"c00d0b22-2d7d-45ec-86f9-fc6029b7296d","local_time":"20180402083920","is_prod":false,"is_daily":false,"is_ascension_mode":false,"campfire_upgraded":2,"timestamp":1522672760,"path_taken":["M","M","?","?","M","R","E","R","T","E","?","R","M","M","R","BOSS","M","M","?","?","?","R","$","R","T","M","M","?","R","?","R","BOSS"],"build_version":"2018-03-29v2","purchased_purges":0,"victory":false,"master_deck":["Defend_G","Defend_G","Defend_G","Defend_G","Defend_G","Strike_G","Strike_G","Strike_G+1","Strike_G","Survivor","Neutralize","Flying Knee+1","Prepared","Die Die Die","Deflect","Footwork+1","Dagger Spray+1","After Image","Dagger Throw+1","Malaise","Flying Knee+1","PiercingWail","Dodge and Roll","Flechettes+1","Cloak And Dagger","Good Instincts","Distraction+1","Neutralize+1","Flechettes+1","Outmaneuver+1","Flying Knee+1","Flash of Steel+1","Blur+1"],"max_hp_per_floor":[70,70,70,70,70,70,70,70,70,70,70,70,70,70,70,70,70,70,70,70,70,70,70,70,70,70,70,70,70,70,70,70,70],"relics":["Runic Pyramid","Whetstone","Molten Egg 2","Oddly Smooth Stone","Ancient Tea Set","Orrery","Toxic Egg 2","Bag of Preparation"],"card_choices":[{"not_picked":["Cloak And Dagger","Predator"],"picked":"Flying Knee","floor":1},{"not_picked":["Deadly Poison","Bane"],"picked":"Dagger Throw","floor":2},{"not_picked":["Heel Hook","Corpse Explosion"],"picked":"Prepared","floor":5},{"not_picked":["Infinite Blades","Skewer"],"picked":"Die Die Die","floor":7},{"not_picked":["PiercingWail","Outmaneuver"],"picked":"Deflect","floor":10},{"not_picked":["Expertise","Backflip"],"picked":"Footwork","floor":13},{"not_picked":["PiercingWail","Slice"],"picked":"Dagger Spray","floor":14},{"not_picked":["Corpse Explosion","Glass Knife"],"picked":"After Image","floor":16},{"not_picked":["Dagger Spray","Accuracy"],"picked":"Dagger Throw","floor":17},{"not_picked":["Sucker Punch","Expertise"],"picked":"Malaise","floor":17},{"not_picked":["Heel Hook","Prepared"],"picked":"Flying Knee","floor":17},{"not_picked":["Choke","Quick Slash"],"picked":"PiercingWail","floor":17},{"not_picked":["Backstab","Eviscerate"],"picked":"Dodge and Roll","floor":17},{"not_picked":["Dagger Throw","Dagger Spray"],"picked":"Flechettes","floor":18},{"not_picked":["Leg Sweep","Deadly Poison"],"picked":"Cloak And Dagger","floor":19},{"not_picked":["Deflect","PiercingWail"],"picked":"Outmaneuver","floor":27},{"not_picked":["Dagger Spray","Endless Agony"],"picked":"Flying Knee","floor":28},{"not_picked":["Calculated Gamble","Poisoned Stab"],"picked":"Blur","floor":31}],"player_experience":82721,"potions_floor_usage":[7,10,16,16,28,31,33,33],"damage_taken":[{"damage":3,"enemies":"Jaw Worm","floor":1,"turns":4},{"damage":2,"enemies":"2 Louse","floor":2,"turns":4},{"damage":12,"enemies":"Cultist","floor":5,"turns":5},{"damage":35,"enemies":"Lagavulin","floor":7,"turns":11},{"damage":36,"enemies":"Gremlin Nob","floor":10,"turns":5},{"damage":0,"enemies":"3 Louse","floor":13,"turns":1},{"damage":2,"enemies":"Looter","floor":14,"turns":4},{"damage":25,"enemies":"Slime Boss","floor":16,"turns":18},{"damage":10,"enemies":"Spheric Guardian","floor":18,"turns":8},{"damage":7,"enemies":"3 Byrds","floor":19,"turns":6},{"damage":8,"enemies":"Snake Plant","floor":27,"turns":7},{"damage":21,"enemies":"Sentry and Sphere","floor":28,"turns":10},{"damage":27,"enemies":"Slaver and Parasite","floor":31,"turns":6},{"damage":56,"enemies":"Champ","floor":33,"turns":18}],"event_choices":[{"event_name":"Golden Wing","player_choice":"Card Removal","floor":3,"damage_taken":0},{"event_name":"Bonfire Elementals","player_choice":"COMMON","floor":4,"damage_taken":0},{"event_name":"Wheel of Change","player_choice":"Relic","floor":11,"damage_taken":0},{"event_name":"Match and Keep!","player_choice":"3 cards matched","floor":20,"damage_taken":0},{"event_name":"The Library","player_choice":"Heal","floor":21,"damage_taken":0},{"event_name":"Knowing Skull","player_choice":"CARD ","floor":29,"damage_taken":0}],"boss_relics":[{"not_picked":["Runic Dome","Sozu"],"picked":"Orrery"}],"potions_floor_spawned":[5,7,10,13,27,28,31],"seed_played":"1515726394483602244","killed_by":"Champ","ascension_level":0,"is_trial":false}