{"gold_per_floor":[210,223,240,254,265,265,294,304,304,269,324,353,364,17,17,120,120,139,74,62,62,62,62,79,79,79,98,110,126,71,71,71,168,168,180,140,159,175,58,88,102,102,102,121,5,18,18,32,32,32,32,32,32,60,60],"floor_reached":55,"playtime":4503,"items_purged":["Strike_B"],"score":665,"play_id":"62995ece-85ae-43ec-a59c-0908426a5b24","local_time":"20190206171647","is_ascension_mode":false,"campfire_choices":[{"data":"Zap","floor":6,"key":"SMITH"},{"data":"Defragment","floor":15,"key":"SMITH"},{"data":"Coolheaded","floor":23,"key":"SMITH"},{"floor":25,"key":"DIG"},{"floor":32,"key":"REST"},{"floor":42,"key":"REST"},{"floor":47,"key":"RECALL"},{"data":"Reinforced Body","floor":49,"key":"SMITH"},{"floor":52,"key":"DIG"}],"neow_cost":"NONE","seed_source_timestamp":547598982652625,"circlet_count":0,"master_deck":["Strike_B","Strike_B","Defend_B","Defend_B","Defend_B","Defend_B+1","Zap+1","Dualcast","Conserve Battery","Redo","Defragment+1","Reinforced Body+1","Self Repair","Ball Lightning","Machine Learning","Rebound","Skim+1","Coolheaded+1","Decay","Chill+1","Loop+1","Machine Learning+1","Static Discharge+1","Capacitor+1","Parasite","Defragment+1","Capacitor+1","Leap+1","Defragment+1","Blizzard"],"relics":["Cracked Core","The Courier","Prayer Wheel","Strawberry","Shovel","Mummified Hand","Busted Crown","Blue Candle","Frozen Egg 2","Eternal Feather","Thread and Needle","Pantograph","Anchor"],"potions_floor_usage":[4,28,33,41,41,46,55],"damage_taken":[{"damage":1,"enemies":"Cultist","floor":1,"turns":3},{"damage":1,"enemies":"Jaw Worm","floor":2,"turns":3},{"damage":5,"enemies":"Small Slimes","floor":3,"turns":3},{"damage":0,"enemies":"Gremlin Gang","floor":4,"turns":4},{"damage":15,"enemies":"Exordium Thugs","floor":5,"turns":4},{"damage":14,"enemies":"3 Sentries","floor":7,"turns":9},{"damage":4,"enemies":"2 Fungi Beasts","floor":8,"turns":4},{"damage":17,"enemies":"Lagavulin","floor":12,"turns":8},{"damage":0,"enemies":"Blue Slaver","floor":13,"turns":4},{"damage":11,"enemies":"Slime Boss","floor":16,"turns":10},{"damage":17,"enemies":"Chosen","floor":18,"turns":5},{"damage":14,"enemies":"2 Thieves","floor":20,"turns":4},{"damage":0,"enemies":"Centurion and Healer","floor":24,"turns":10},{"damage":21,"enemies":"Snake Plant","floor":27,"turns":4},{"damage":23,"enemies":"3 Cultists","floor":28,"turns":7},{"damage":11,"enemies":"Centurion and Healer","floor":29,"turns":7},{"damage":32,"enemies":"Champ","floor":33,"turns":13},{"damage":22,"enemies":"3 Shapes","floor":35,"turns":5},{"damage":0,"enemies":"Orb Walker","floor":37,"turns":4},{"damage":2,"enemies":"3 Darklings","floor":38,"turns":6},{"damage":44,"enemies":"Nemesis","floor":40,"turns":10},{"damage":1,"enemies":"Spire Growth","floor":41,"turns":6},{"damage":17,"enemies":"Writhing Mass","floor":44,"turns":8},{"damage":4,"enemies":"4 Shapes","floor":46,"turns":6},{"damage":13,"enemies":"Spire Growth","floor":48,"turns":5},{"damage":69,"enemies":"Awakened One","floor":50,"turns":10},{"damage":32,"enemies":"Shield and Spear","floor":54,"turns":12},{"damage":91,"enemies":"The Heart","floor":55,"turns":9}],"seed_played":"5550424189031114837","potions_obtained":[{"floor":2,"key":"AttackPotion"},{"floor":8,"key":"FearPotion"},{"floor":12,"key":"EssenceOfSteel"},{"floor":16,"key":"Swift Potion"},{"floor":28,"key":"EssenceOfSteel"},{"floor":33,"key":"Energy Potion"},{"floor":41,"key":"FairyPotion"},{"floor":44,"key":"Fire Potion"},{"floor":46,"key":"Energy Potion"}],"is_trial":false,"path_per_floor":["M","M","M","M","M","R","E","M","T","?","T","E","M","$","R","B",null,"M","$","M","?","?","R","M","R","T","M","M","M","$","?","R","B",null,"M","?","M","M","$","E","M","R","T","M","$","M","R","M","R","B",null,"R","$","E","B"],"character_chosen":"DEFECT","items_purchased":["Self Repair","Ball Lightning","Mummified Hand","Skim","Loop+1","Static Discharge+1","Capacitor+1","Defragment+1","Capacitor+1"],"campfire_rested":2,"item_purchase_floors":[14,14,14,19,30,39,39,45,45],"current_hp_per_floor":[74,73,68,68,53,53,39,35,35,53,60,43,43,43,43,32,82,72,72,65,65,65,65,72,72,72,58,42,38,38,38,62,37,82,67,67,74,79,79,42,48,82,82,72,72,75,82,76,82,20,82,82,82,57,0],"gold":60,"neow_bonus":"HUNDRED_GOLD","is_prod":false,"is_daily":false,"chose_seed":false,"campfire_upgraded":4,"win_rate":0,"timestamp":1549491407,"path_taken":["M","M","M","?","?","R","E","M","T","?","?","E","M","$","R","BOSS","M","$","M","?","?","R","M","R","T","?","M","M","?","?","R","BOSS","M","?","?","M","$","E","M","R","T","M","$","M","R","M","R","BOSS","R","$","E","BOSS"],"build_version":"2019-01-23","purchased_purges":1,"victory":false,"max_hp_per_floor":[75,75,75,75,75,75,75,75,75,75,82,82,82,82,82,82,82,82,82,82,82,82,82,82,82,82,82,82,82,82,82,82,82,82,82,82,82,82,82,82,82,82,82,82,82,82,82,82,82,82,82,82,82,82,82],"card_choices":[{"not_picked":["Capacitor","Gash"],"picked":"Conserve Battery","floor":1},{"not_picked":["Beam Cell","Heatsinks"],"picked":"Redo","floor":2},{"not_picked":["Conserve Battery","Blizzard","Melter"],"picked":"SKIP","floor":3},{"not_picked":["Hologram","Lockon"],"picked":"Defragment","floor":4},{"not_picked":["Go for the Eyes","Beam Cell"],"picked":"Reinforced Body","floor":5},{"not_picked":["Barrage","Force Field","Cold Snap"],"picked":"SKIP","floor":7},{"not_picked":["Streamline","Redo","Beam Cell"],"picked":"SKIP","floor":8},{"not_picked":["Storm","FTL","Redo"],"picked":"SKIP","floor":12},{"not_picked":["Storm","FTL","Redo"],"picked":"SKIP","floor":12},{"not_picked":["Streamline","Doom and Gloom","Compile Driver"],"picked":"SKIP","floor":13},{"not_picked":["Streamline","Turbo","Heatsinks"],"picked":"SKIP","floor":13},{"not_picked":["Reboot","Thunder Strike"],"picked":"Machine Learning","floor":16},{"not_picked":[],"picked":"Rebound","floor":18},{"not_picked":["Aggregate"],"picked":"SKIP","floor":18},{"not_picked":[],"picked":"Coolheaded","floor":20},{"not_picked":["Reinforced Body"],"picked":"SKIP","floor":20},{"not_picked":["Steam+1"],"picked":"SKIP","floor":24},{"not_picked":["Compile Driver+1"],"picked":"SKIP","floor":24},{"not_picked":[],"picked":"Chill+1","floor":27},{"not_picked":["Sweeping Beam"],"picked":"SKIP","floor":27},{"not_picked":["Skim+1"],"picked":"SKIP","floor":28},{"not_picked":["Rip and Tear"],"picked":"SKIP","floor":28},{"not_picked":["Rebound"],"picked":"SKIP","floor":29},{"not_picked":["Turbo"],"picked":"SKIP","floor":29},{"not_picked":[],"picked":"Machine Learning+1","floor":33},{"not_picked":["BootSequence+1"],"picked":"SKIP","floor":35},{"not_picked":["Barrage+1"],"picked":"SKIP","floor":35},{"not_picked":["Gash+1"],"picked":"SKIP","floor":37},{"not_picked":["Steam Power+1"],"picked":"SKIP","floor":37},{"not_picked":["Streamline"],"picked":"SKIP","floor":38},{"not_picked":["Rip and Tear"],"picked":"SKIP","floor":38},{"not_picked":["Steam+1"],"picked":"SKIP","floor":40},{"not_picked":["Gash+1"],"picked":"SKIP","floor":41},{"not_picked":["Gash+1"],"picked":"SKIP","floor":41},{"not_picked":["Rebound"],"picked":"SKIP","floor":44},{"not_picked":["Rebound+1"],"picked":"SKIP","floor":44},{"not_picked":[],"picked":"Leap+1","floor":46},{"not_picked":[],"picked":"Defragment+1","floor":46},{"not_picked":["Fusion+1"],"picked":"SKIP","floor":48},{"not_picked":["Go for the Eyes"],"picked":"SKIP","floor":48},{"not_picked":[],"picked":"Blizzard","floor":54}],"player_experience":183454,"relics_obtained":[{"floor":7,"key":"The Courier"},{"floor":9,"key":"Prayer Wheel"},{"floor":11,"key":"Strawberry"},{"floor":12,"key":"Shovel"},{"floor":25,"key":"Blue Candle"},{"floor":26,"key":"Frozen Egg 2"},{"floor":40,"key":"Thread and Needle"},{"floor":52,"key":"Pantograph"},{"floor":54,"key":"Anchor"}],"event_choices":[{"damage_healed":18,"gold_gain":0,"player_choice":"Healed","damage_taken":0,"max_hp_gain":0,"max_hp_loss":0,"event_name":"The Cleric","floor":10,"gold_loss":35},{"cards_removed":["Strike_B"],"damage_healed":0,"gold_gain":0,"player_choice":"Elegance","damage_taken":0,"max_hp_gain":0,"max_hp_loss":0,"event_name":"Back to Basics","floor":21,"gold_loss":0},{"damage_healed":0,"gold_gain":0,"player_choice":"Cursed","damage_taken":0,"max_hp_gain":0,"max_hp_loss":0,"event_name":"Wheel of Change","floor":22,"gold_loss":0,"cards_obtained":["Decay"]},{"damage_healed":0,"gold_gain":0,"player_choice":"Ignored","damage_taken":0,"max_hp_gain":0,"max_hp_loss":0,"event_name":"Cursed Tome","floor":31,"gold_loss":0},{"damage_healed":0,"gold_gain":0,"player_choice":"Upgraded Two","damage_taken":0,"max_hp_gain":0,"max_hp_loss":0,"event_name":"Designer","floor":36,"gold_loss":40,"cards_upgraded":["Skim","Defend_B"]}],"is_beta":false,"boss_relics":[{"not_picked":["Coffee Dripper","Philosopher\u0027s Stone"],"picked":"Busted Crown"},{"not_picked":["FrozenCore","Lizard Tail"],"picked":"Eternal Feather"}],"items_purged_floors":[14],"is_endless":false,"potions_floor_spawned":[2,8,12,16,28,29,33,41,44,46,48],"killed_by":"The Heart","ascension_level":0}