{"gold_per_floor":[147,72,82,93,107,132,132,132,132,166,166,166],"floor_reached":12,"playtime":584,"items_purged":["Strike_G"],"score":92,"play_id":"c5437962-daab-4511-9b41-762a527c28f2","local_time":"20190103080154","is_ascension_mode":true,"campfire_choices":[{"floor":8,"key":"REST"}],"neow_cost":"NONE","seed_source_timestamp":727851901729637,"circlet_count":0,"master_deck":["Defend_G","Defend_G","Defend_G","Defend_G","Defend_G","Strike_G","Strike_G","Strike_G","Strike_G","Survivor+1","Neutralize","Flying Knee","Slice","Poisoned Stab","Poisoned Stab","Dash+1","Regret","Outmaneuver+1"],"relics":["Ring of the Snake","Tiny Chest","Calipers","Dodecahedron","Toxic Egg 2","Pantograph"],"potions_floor_usage":[6,6],"damage_taken":[{"damage":1,"enemies":"Cultist","floor":1,"turns":4},{"damage":0,"enemies":"2 Louse","floor":3,"turns":3},{"damage":0,"enemies":"Small Slimes","floor":4,"turns":2},{"damage":0,"enemies":"2 Fungi Beasts","floor":5,"turns":3},{"damage":9,"enemies":"Gremlin Nob","floor":6,"turns":4},{"damage":39,"enemies":"Lagavulin","floor":10,"turns":7},{"damage":20,"enemies":"Gremlin Nob","floor":12,"turns":4}],"seed_played":"-7376066191166361833","potions_obtained":[{"floor":1,"key":"EssenceOfSteel"},{"floor":3,"key":"Weak Potion"}],"is_trial":false,"path_per_floor":["M","$","M","M","M","E","?","R","T","E","?","E"],"character_chosen":"THE_SILENT","items_purchased":[],"campfire_rested":1,"item_purchase_floors":[],"current_hp_per_floor":[69,69,69,69,69,60,60,70,70,31,17,0],"gold":166,"neow_bonus":"RANDOM_COMMON_RELIC","is_prod":false,"is_daily":false,"chose_seed":false,"campfire_upgraded":0,"win_rate":0,"timestamp":1546520514,"path_taken":["M","?","?","M","M","E","?","R","T","E","?","E"],"build_version":"2018-12-20","purchased_purges":1,"victory":false,"max_hp_per_floor":[70,70,70,70,70,70,70,70,70,70,70,70],"card_choices":[{"not_picked":["Skewer","PiercingWail"],"picked":"Flying Knee","floor":1},{"not_picked":["Caltrops","Backstab"],"picked":"Slice","floor":3},{"not_picked":["Escape Plan","Dagger Throw"],"picked":"Poisoned Stab","floor":4},{"not_picked":["Underhanded Strike","Outmaneuver"],"picked":"Poisoned Stab","floor":5},{"not_picked":["PiercingWail","Backflip"],"picked":"Dash","floor":6},{"not_picked":["Infinite Blades","Grand Finale"],"picked":"Outmaneuver+1","floor":10}],"player_experience":123555,"relics_obtained":[{"floor":6,"key":"Calipers"},{"floor":9,"key":"Toxic Egg 2"},{"floor":10,"key":"Pantograph"}],"event_choices":[{"damage_healed":0,"gold_gain":0,"player_choice":"Box","damage_taken":0,"relics_obtained":["Dodecahedron"],"max_hp_gain":0,"max_hp_loss":0,"event_name":"Big Fish","floor":7,"gold_loss":0,"cards_obtained":["Regret"]},{"damage_healed":0,"gold_gain":0,"player_choice":"Entered Light","damage_taken":14,"max_hp_gain":0,"max_hp_loss":0,"event_name":"Shining Light","floor":11,"gold_loss":0,"cards_upgraded":["Dash","Survivor"]}],"is_beta":false,"boss_relics":[],"items_purged_floors":[2],"is_endless":false,"potions_floor_spawned":[1,3],"killed_by":"Gremlin Nob","ascension_level":1}