{"path_per_floor":["M","?","?","M","?","E","?","R","T","R","E","M","?","M","R","B",null,"M","?","$","M","$","R","E","M","T","?","R","?","E","M","R","B",null,"M","M","?","M","?","R","E","R","T","M","E","M","?","?","R","B"],"character_chosen":"THE_SILENT","items_purchased":["Infinite Blades","Bronze Scales","Well Laid Plans"],"gold_per_floor":[115,115,115,128,128,156,156,156,209,209,240,259,359,371,371,467,467,483,483,373,387,102,102,129,146,146,126,126,126,151,162,162,266,266,280,299,299,313,0,0,31,31,31,49,75,94,148,148,148,148],"floor_reached":51,"campfire_rested":2,"playtime":5091,"current_hp_per_floor":[70,70,56,56,49,32,14,35,35,35,20,22,22,24,45,33,70,70,63,63,58,58,58,42,38,48,48,48,48,52,63,63,17,80,72,63,80,63,63,63,67,67,67,74,70,80,73,73,73,35],"items_purged":["Strike_G","Strike_G"],"gold":148,"score":736,"play_id":"5a320f71-a9c2-4b0e-8c1c-19fec6713920","local_time":"20180428221131","is_prod":false,"is_daily":false,"chose_seed":false,"is_ascension_mode":true,"campfire_upgraded":7,"timestamp":1524921091,"path_taken":["M","?","?","M","?","E","?","R","T","R","E","M","?","M","R","BOSS","M","?","$","M","$","R","E","M","T","?","R","?","E","M","R","BOSS","M","M","?","M","?","R","E","R","T","M","E","M","?","?","R","BOSS"],"build_version":"2018-04-26","seed_source_timestamp":44797405978785,"purchased_purges":2,"victory":true,"master_deck":["Defend_G","Defend_G","Defend_G+1","Defend_G","Defend_G","Strike_G+1","Survivor","Neutralize","Blade Dance+1","Envenom+1","Prepared","Cloak And Dagger+1","Outmaneuver","Cloak And Dagger+1","Well Laid Plans","After Image+1","Outmaneuver+1","Infinite Blades","Noxious Fumes+1","Well Laid Plans","Choke+1","Outmaneuver","Footwork","Adrenaline","Bullet Time","Footwork+1","Backflip+1","Footwork+1","Backflip+1","Flying Knee+1","Backflip+1","Madness+1"],"max_hp_per_floor":[70,70,70,70,70,70,70,70,70,70,70,70,70,70,70,70,70,70,70,70,70,70,70,70,70,80,80,80,80,80,80,80,80,80,80,80,80,80,80,80,80,80,80,80,80,80,80,80,80,80],"relics":["Ring of the Snake","Juzu Bracelet","Lantern","Omamori","Blood Vial","Lizard Tail","Bronze Scales","Bird Faced Urn","Pear","Happy Flower","Cursed Key","Red Mask","Frozen Egg 2","Toxic Egg 2","Ginger","Gambling Chip"],"card_choices":[{"not_picked":["Sucker Punch","Prepared"],"picked":"Blade Dance","floor":1},{"not_picked":["Poisoned Stab","Flying Knee"],"picked":"Prepared","floor":4},{"not_picked":["Phantasmal Killer","Underhanded Strike"],"picked":"Cloak And Dagger","floor":6},{"not_picked":["Sucker Punch","Quick Slash"],"picked":"Outmaneuver","floor":11},{"not_picked":["Caltrops","Malaise"],"picked":"Cloak And Dagger","floor":12},{"not_picked":["Poisoned Stab","Leg Sweep"],"picked":"Well Laid Plans","floor":14},{"not_picked":["Grand Finale","Adrenaline"],"picked":"After Image","floor":16},{"not_picked":["Setup","Deadly Poison"],"picked":"Outmaneuver","floor":18},{"not_picked":["Prepared","Dodge and Roll"],"picked":"Noxious Fumes","floor":21},{"not_picked":["Acrobatics","Poisoned Stab"],"picked":"Choke","floor":24},{"not_picked":["Reflex","Sucker Punch"],"picked":"Outmaneuver","floor":25},{"not_picked":["Heel Hook","Finisher"],"picked":"Footwork","floor":30},{"not_picked":["Flying Knee","Underhanded Strike"],"picked":"Adrenaline","floor":31},{"not_picked":["Storm of Steel","Phantasmal Killer"],"picked":"Bullet Time","floor":33},{"not_picked":["Backflip","Sucker Punch"],"picked":"Footwork","floor":35},{"not_picked":["Deadly Poison","Distraction"],"picked":"Backflip","floor":38},{"not_picked":["Slice","Endless Agony"],"picked":"Footwork","floor":41},{"not_picked":["Deadly Poison","Masterful Stab"],"picked":"Backflip","floor":44},{"not_picked":["Predator","Quick Slash"],"picked":"Flying Knee","floor":45},{"not_picked":["Quick Slash","Flying Knee"],"picked":"Backflip","floor":46},{"not_picked":["Panacea","Enlightenment"],"picked":"Madness","floor":48}],"player_experience":100032,"potions_floor_usage":[16,25,30,30,41,41,44,50,50],"damage_taken":[{"damage":0,"enemies":"2 Louse","floor":1,"turns":3},{"damage":0,"enemies":"Jaw Worm","floor":4,"turns":3},{"damage":17,"enemies":"Gremlin Nob","floor":6,"turns":5},{"damage":15,"enemies":"3 Sentries","floor":11,"turns":9},{"damage":0,"enemies":"Small Slimes","floor":12,"turns":3},{"damage":0,"enemies":"Looter","floor":14,"turns":3},{"damage":14,"enemies":"Hexaghost","floor":16,"turns":12},{"damage":0,"enemies":"3 Byrds","floor":18,"turns":7},{"damage":7,"enemies":"Shell Parasite","floor":21,"turns":9},{"damage":18,"enemies":"Book of Stabbing","floor":24,"turns":7},{"damage":16,"enemies":"Snake Plant","floor":25,"turns":5},{"damage":10,"enemies":"Gremlin Leader","floor":30,"turns":8},{"damage":5,"enemies":"Centurion and Healer","floor":31,"turns":6},{"damage":62,"enemies":"Automaton","floor":33,"turns":13},{"damage":10,"enemies":"Orb Walker","floor":35,"turns":4},{"damage":17,"enemies":"3 Shapes","floor":36,"turns":5},{"damage":19,"enemies":"Sphere and 2 Shapes","floor":38,"turns":6},{"damage":13,"enemies":"Giant Head","floor":41,"turns":10},{"damage":12,"enemies":"3 Darklings","floor":44,"turns":6},{"damage":10,"enemies":"Nemesis","floor":45,"turns":9},{"damage":4,"enemies":"Maw","floor":46,"turns":9},{"damage":11,"enemies":"ê_îÈÇÃãÖëÃ","floor":47,"turns":5},{"damage":83,"enemies":"Awakened One","floor":50,"turns":14}],"event_choices":[{"event_name":"Living Wall","player_choice":"Change","floor":2,"damage_taken":0},{"event_name":"Shining Light","player_choice":"Entered Light","floor":3,"damage_taken":0},{"event_name":"Golden Wing","player_choice":"Card Removal","floor":5,"damage_taken":0},{"event_name":"Scrap Ooze","player_choice":"success","floor":7,"damage_taken":18},{"event_name":"Golden Shrine","player_choice":"Pray","floor":13,"damage_taken":0},{"event_name":"Wheel of Change","player_choice":"Damage","floor":19,"damage_taken":0},{"event_name":"The Woman in Blue","player_choice":"Bought 1 Potion","floor":27,"damage_taken":0},{"event_name":"Match and Keep!","player_choice":"0 cards matched","floor":29,"damage_taken":0},{"event_name":"Winding Halls","player_choice":"Writhe","floor":37,"damage_taken":0},{"event_name":"Tomb of Lord Red Mask","player_choice":"Paid","floor":39,"damage_taken":0},{"event_name":"Mysterious Sphere","player_choice":"Fight","floor":47,"damage_taken":0},{"event_name":"SensoryStone","player_choice":"Memory 1","floor":48,"damage_taken":0}],"boss_relics":[{"not_picked":["Runic Pyramid","White Beast Statue"],"picked":"Lizard Tail"},{"not_picked":["Pandora\u0027s Box","Runic Dome"],"picked":"Cursed Key"}],"potions_floor_spawned":[11,12,14,24,31,33,38,45,47],"seed_played":"-3929413319282000419","ascension_level":1,"is_trial":false}