{"gold_per_floor":[119,69,80,95,108,108,126,126,180,207,264,283,57,76,76,181,231,249,249,80,95,27,58,58,58,58,58,58,73,87,101,101,200,200,218,24,42,66,85,85,103,103,129,129,28,45,45,65,65,65],"floor_reached":50,"playtime":3671,"items_purged":["Strike_B","Defend_B"],"score":466,"play_id":"87803811-b284-4067-ae52-0531a1d6ad03","local_time":"20180927222021","is_ascension_mode":false,"campfire_choices":[{"data":"Zap","floor":6,"key":"SMITH"},{"data":"Genetic Algorithm","floor":8,"key":"SMITH"},{"floor":15,"key":"REST"},{"floor":25,"key":"REST"},{"data":"Hologram","floor":28,"key":"SMITH"},{"data":"Dualcast","floor":32,"key":"SMITH"},{"floor":40,"key":"REST"},{"floor":42,"key":"REST"},{"data":"Scrape","floor":47,"key":"SMITH"},{"data":"Seek","floor":49,"key":"SMITH"}],"neow_cost":"NONE","seed_source_timestamp":1199757490752797,"circlet_count":0,"master_deck":["Strike_B+1","Strike_B+1","Defend_B","Defend_B","Zap+1","Dualcast+1","Genetic Algorithm+1","Scrape","Scrape+1","Hologram","Compile Driver","FTL+1","Self Repair","Hologram+1","Seek+1","Streamline","Stack","FTL","Defragment+1","Seek","RitualDagger","Ball Lightning+1","Redo+1","Defragment+1","Core Surge","Cold Snap+1","Leap+1","Sweeping Beam+1","Impatience","Flash of Steel","Melter+1","Streamline+1"],"relics":["Cracked Core","Whetstone","PreservedInsect","Meat on the Bone","Happy Flower","Strawberry","Tiny House","Pen Nib","Darkstone Periapt","Nunchaku","Black Star","HandDrill","Bronze Scales","Oddly Smooth Stone"],"potions_floor_usage":[10,10,11,16,23,29,33,33,33,50,50],"damage_taken":[{"damage":1,"enemies":"Jaw Worm","floor":1,"turns":4},{"damage":0,"enemies":"2 Louse","floor":3,"turns":2},{"damage":5,"enemies":"Small Slimes","floor":4,"turns":3},{"damage":1,"enemies":"2 Fungi Beasts","floor":5,"turns":3},{"damage":7,"enemies":"3 Louse","floor":7,"turns":3},{"damage":5,"enemies":"Lagavulin","floor":10,"turns":4},{"damage":16,"enemies":"Gremlin Nob","floor":11,"turns":4},{"damage":0,"enemies":"Exordium Wildlife","floor":12,"turns":3},{"damage":3,"enemies":"2 Fungi Beasts","floor":14,"turns":3},{"damage":63,"enemies":"Hexaghost","floor":16,"turns":10},{"damage":0,"enemies":"Chosen","floor":18,"turns":4},{"damage":5,"enemies":"2 Thieves","floor":21,"turns":3},{"damage":30,"enemies":"Slavers","floor":23,"turns":5},{"damage":17,"enemies":"Shelled Parasite and Fungi","floor":29,"turns":4},{"damage":5,"enemies":"Snecko","floor":30,"turns":4},{"damage":2,"enemies":"Centurion and Healer","floor":31,"turns":4},{"damage":38,"enemies":"Collector","floor":33,"turns":8},{"damage":10,"enemies":"Orb Walker","floor":35,"turns":3},{"damage":18,"enemies":"3 Shapes","floor":37,"turns":4},{"damage":40,"enemies":"Maw","floor":39,"turns":7},{"damage":20,"enemies":"Transient","floor":41,"turns":5},{"damage":13,"enemies":"Sphere and 2 Shapes","floor":46,"turns":3},{"damage":1,"enemies":"Maw","floor":48,"turns":6},{"damage":72,"enemies":"Donu and Deca","floor":50,"turns":6}],"seed_played":"694649557945952563","potions_obtained":[{"floor":5,"key":"SteroidPotion"},{"floor":7,"key":"Block Potion"},{"floor":10,"key":"FearPotion"},{"floor":11,"key":"Energy Potion"},{"floor":14,"key":"GamblersBrew"},{"floor":16,"key":"Swift Potion"},{"floor":17,"key":"SteroidPotion"},{"floor":23,"key":"AttackPotion"},{"floor":30,"key":"SteroidPotion"},{"floor":31,"key":"SkillPotion"},{"floor":46,"key":"Swift Potion"},{"floor":48,"key":"SpeedPotion"}],"is_trial":false,"path_per_floor":["M","?","M","M","M","R","M","R","T","E","?","M","$","M","R","B",null,"M","?","$","M","?","E","?","R","T","$","R","M","M","M","R","B",null,"M","$","M","T","M","R","M","R","T","?","$","M","R","M","R"],"character_chosen":"DEFECT","items_purchased":["Strawberry","FTL","HandDrill","Flash of Steel"],"campfire_rested":4,"item_purchase_floors":[13,20,36,45],"current_hp_per_floor":[74,74,74,69,68,68,61,61,61,56,40,40,47,51,75,31,87,87,87,87,82,82,52,46,72,72,72,72,62,64,69,69,43,87,77,77,59,59,38,64,51,77,77,77,77,64,64,70,70,0],"gold":65,"neow_bonus":"RANDOM_COMMON_RELIC","is_prod":false,"is_daily":false,"chose_seed":false,"campfire_upgraded":6,"win_rate":0.0,"timestamp":1538101221,"path_taken":["M","?","M","M","M","R","M","R","T","E","?","M","$","M","R","BOSS","M","?","$","M","?","E","?","R","T","?","R","M","M","M","R","BOSS","M","$","M","?","M","R","M","R","T","?","$","?","R","M","R","BOSS"],"build_version":"2018-09-27","purchased_purges":2,"victory":false,"max_hp_per_floor":[75,75,75,75,75,75,75,75,75,75,75,75,82,82,82,82,87,87,87,87,87,87,87,87,87,87,87,87,87,87,87,87,87,87,87,87,87,87,87,87,87,87,87,87,87,87,87,87,87,87],"card_choices":[{"not_picked":["Beam Cell","Go for the Eyes"],"picked":"Genetic Algorithm","floor":1},{"not_picked":["Barrage","Auto Shields"],"picked":"Scrape","floor":3},{"not_picked":["Skim","Steam"],"picked":"Scrape","floor":4},{"not_picked":["Leap","Genetic Algorithm"],"picked":"Hologram","floor":5},{"not_picked":["Force Field","Hologram"],"picked":"Compile Driver","floor":7},{"not_picked":["Recycle","All For One","Sunder"],"picked":"SKIP","floor":10},{"not_picked":["Turbo","Stack"],"picked":"FTL","floor":11},{"not_picked":["Ball Lightning","Stack"],"picked":"Self Repair","floor":12},{"not_picked":["Steam","Stack"],"picked":"Hologram","floor":14},{"not_picked":["Meteor Strike","All For One"],"picked":"Seek","floor":16},{"not_picked":["Beam Cell","Recycle"],"picked":"Streamline","floor":17},{"not_picked":["Hologram","Heatsinks","Stack"],"picked":"SKIP","floor":18},{"not_picked":["Tempest+1","Chill"],"picked":"Defragment+1","floor":21},{"not_picked":["Hyperbeam","Coolheaded"],"picked":"Seek","floor":23},{"not_picked":["Redo","Turbo+1"],"picked":"Ball Lightning+1","floor":29},{"not_picked":["Hologram","Heatsinks"],"picked":"Redo+1","floor":30},{"not_picked":["Streamline+1","Rebound"],"picked":"Defragment+1","floor":31},{"not_picked":["Electrodynamics","Thunder Strike"],"picked":"Core Surge","floor":33},{"not_picked":["Go for the Eyes","Hologram"],"picked":"Cold Snap+1","floor":35},{"not_picked":["Beam Cell","Hello World","Steam"],"picked":"SKIP","floor":37},{"not_picked":["Cold Snap","Force Field"],"picked":"Leap+1","floor":39},{"not_picked":["Gash","Streamline"],"picked":"Sweeping Beam+1","floor":41},{"not_picked":["Trip","Blind"],"picked":"Impatience","floor":44},{"not_picked":["Rebound","Compile Driver+1"],"picked":"Melter+1","floor":46},{"not_picked":["Barrage+1","Static Discharge"],"picked":"Streamline+1","floor":48}],"player_experience":98771,"relics_obtained":[{"floor":9,"key":"PreservedInsect"},{"floor":10,"key":"Meat on the Bone"},{"floor":11,"key":"Happy Flower"},{"floor":23,"key":"Darkstone Periapt"},{"floor":26,"key":"Nunchaku"},{"floor":38,"key":"Bronze Scales"},{"floor":43,"key":"Oddly Smooth Stone"}],"event_choices":[{"event_name":"The Cleric","player_choice":"Card Removal","floor":2,"damage_taken":0},{"event_name":"Dead Adventurer","player_choice":"Searched \u00271\u0027 times","floor":11,"damage_taken":0},{"event_name":"Transmorgrifier","player_choice":"Transform","floor":19,"damage_taken":0},{"event_name":"WeMeetAgain","player_choice":"Gold","floor":22,"damage_taken":0},{"event_name":"Nest","player_choice":"Joined the Cult","floor":24,"damage_taken":0},{"event_name":"SensoryStone","player_choice":"Memory 1","floor":44,"damage_taken":0}],"is_beta":false,"boss_relics":[{"not_picked":["Cursed Key","Philosopher\u0027s Stone"],"picked":"Tiny House"},{"not_picked":["Fusion Hammer","Velvet Choker"],"picked":"Black Star"}],"items_purged_floors":[13,20],"is_endless":false,"potions_floor_spawned":[5,7,10,11,14,16,23,30,31,46,48],"killed_by":"Donu and Deca","ascension_level":0}