{"path_per_floor":["M","M","?","M","M","R","?","R","T","R","M","M","?","?","R","B",null,"M","$","?","?","M"],"character_chosen":"DEFECT","items_purchased":["Echo Form"],"gold_per_floor":[112,132,207,220,240,240,240,240,294,294,312,327,327,327,327,423,423,438,293,293,293,203,203],"floor_reached":23,"campfire_rested":0,"playtime":2222,"item_purchase_floors":[19],"current_hp_per_floor":[75,75,64,70,62,62,62,62,62,62,70,72,72,72,72,58,75,75,75,75,75,67,0],"items_purged":["Strike_B"],"gold":203,"score":179,"play_id":"dd4bb2af-0d2d-4d91-83d6-6ed88f13db1c","local_time":"20180530184619","is_prod":false,"is_daily":false,"chose_seed":false,"is_ascension_mode":false,"campfire_upgraded":4,"win_rate":0,"timestamp":1527673579,"campfire_choices":[{"data":"Dualcast","floor":6,"key":"SMITH"},{"data":"Multi-Cast","floor":8,"key":"SMITH"},{"data":"Self Repair","floor":10,"key":"SMITH"},{"data":"Loop","floor":15,"key":"SMITH"}],"path_taken":["M","M","?","M","M","R","?","R","T","R","M","M","?","?","R","BOSS","M","$","?","?","M","E"],"build_version":"2018-05-29","seed_source_timestamp":70855951527877,"purchased_purges":1,"victory":false,"master_deck":["Strike_B","Strike_B","Strike_B","Defend_B","Defend_B","Defend_B","Defend_B","Zap+1","Dualcast+1","Self Repair+1","Coolheaded","Glacier","Multi-Cast+1","Glacier","Turbo","Clumsy","Loop+1","Reboot","Rainbow","Redo","Echo Form","Loop","White Noise"],"max_hp_per_floor":[75,75,75,75,75,75,75,75,75,75,75,75,75,75,75,75,75,75,75,75,75,75,75],"relics":["Cracked Core","Ancient Tea Set","Vajra","Black Star"],"card_choices":[{"not_picked":["Go for the Eyes","Ball Lightning"],"picked":"Self Repair","floor":1},{"not_picked":["Gash","Hologram"],"picked":"Coolheaded","floor":2},{"not_picked":["Undo","Go for the Eyes"],"picked":"Glacier","floor":4},{"not_picked":["Barrage","Steam Power"],"picked":"Multi-Cast","floor":5},{"not_picked":["Conserve Battery","Streamline"],"picked":"Glacier","floor":11},{"not_picked":["Sweeping Beam","Hologram"],"picked":"Turbo","floor":12},{"not_picked":["Biased Cognition","Thunder Strike"],"picked":"Rainbow","floor":16},{"not_picked":["Sweeping Beam","Hologram"],"picked":"Redo","floor":18},{"not_picked":["Leap","Compile Driver"],"picked":"White Noise","floor":22}],"player_experience":208119,"potions_floor_usage":[22,23],"damage_taken":[{"damage":0,"enemies":"2 Louse","floor":1,"turns":2},{"damage":5,"enemies":"Small Slimes","floor":2,"turns":3},{"damage":1,"enemies":"Cultist","floor":4,"turns":3},{"damage":15,"enemies":"Gremlin Gang","floor":5,"turns":8},{"damage":2,"enemies":"2 Fungi Beasts","floor":11,"turns":4},{"damage":8,"enemies":"3 Louse","floor":12,"turns":6},{"damage":24,"enemies":"The Guardian","floor":16,"turns":14},{"damage":1,"enemies":"Spheric Guardian","floor":18,"turns":9},{"damage":18,"enemies":"2 Thieves","floor":22,"turns":5},{"damage":68,"enemies":"Gremlin Leader","floor":23,"turns":7}],"relics_obtained":[{"floor":9,"key":"Ancient Tea Set"}],"event_choices":[{"event_name":"World of Goop","player_choice":"Gather Gold","floor":3,"damage_taken":0},{"event_name":"The Woman in Blue","player_choice":"Bought 0 Potions","floor":7,"damage_taken":0},{"event_name":"Dead Adventurer","player_choice":"Searched \u00272\u0027 times","floor":13,"damage_taken":0},{"event_name":"Match and Keep!","player_choice":"3 cards matched","floor":14,"damage_taken":0},{"event_name":"The Library","player_choice":"Read","floor":20,"damage_taken":0},{"event_name":"Ghosts","player_choice":"Ignored","floor":21,"damage_taken":0}],"boss_relics":[{"not_picked":["Eternal Feather","Runic Pyramid"],"picked":"Black Star"}],"items_purged_floors":[19],"potions_floor_spawned":[11,12,16],"seed_played":"1294635116779239887","killed_by":"Gremlin Leader","ascension_level":0,"potions_obtained":[{"floor":11,"key":"Poison Potion"},{"floor":12,"key":"Ancient Potion"},{"floor":16,"key":"SkillPotion"}],"is_trial":false}