{"gold_per_floor":[359,369,444,171,186,186,197,213,213,213,213,233,233,249,249,324,324,338,3,53,53,79,79,79,79,79,79,79,79,92,111,111,185,185,205,205,224,243,243],"floor_reached":39,"playtime":1932,"items_purged":["Strike_B"],"score":767,"play_id":"b77a6b04-c602-46cc-b0d8-13f47dea8134","local_time":"20190115203058","is_ascension_mode":true,"campfire_choices":[{"data":"Zap","floor":6.0,"key":"SMITH"},{"floor":10.0,"key":"REST"},{"floor":13.0,"key":"REST"},{"data":"Go for the Eyes","floor":15.0,"key":"SMITH"},{"data":"Apotheosis","floor":23.0,"key":"SMITH"},{"data":"Defragment","floor":27.0,"key":"SMITH"},{"data":"Fission","floor":29.0,"key":"SMITH"},{"data":"Defragment","floor":32.0,"key":"SMITH"}],"neow_cost":"PERCENT_DAMAGE","seed_source_timestamp":115547808548312,"circlet_count":0,"master_deck":["AscendersBane","Defend_B","Defend_B","Zap+1","Dualcast+1","Go for the Eyes+1","Ball Lightning","Coolheaded","Cold Snap","Ball Lightning","Electrodynamics","Go for the Eyes","Fission+1","Auto Shields","Glacier","Go for the Eyes+1","Defragment+1","Conserve Battery","Apotheosis+1","Bite","Bite","Bite","Bite","Bite","Capacitor+1","Defragment+1","Biased Cognition","Self Repair"],"special_seed":0,"relics":["Cracked Core","Juzu Bracelet","Ornamental Fan","Orrery","DataDisk","Question Card","Empty Cage"],"potions_floor_usage":[39],"damage_taken":[{"damage":5.0,"enemies":"Small Slimes","floor":1.0,"turns":4.0},{"damage":4.0,"enemies":"Jaw Worm","floor":2.0,"turns":4.0},{"damage":1.0,"enemies":"2 Louse","floor":5.0,"turns":3.0},{"damage":5.0,"enemies":"2 Fungi Beasts","floor":7.0,"turns":3.0},{"damage":15.0,"enemies":"Gremlin Gang","floor":8.0,"turns":4.0},{"damage":0.0,"enemies":"Large Slime","floor":12.0,"turns":5.0},{"damage":0.0,"enemies":"2 Fungi Beasts","floor":14.0,"turns":2.0},{"damage":11.0,"enemies":"Hexaghost","floor":16.0,"turns":10.0},{"damage":29.0,"enemies":"Chosen","floor":18.0,"turns":6.0},{"damage":9.0,"enemies":"2 Thieves","floor":30.0,"turns":4.0},{"damage":1.0,"enemies":"Snecko","floor":31.0,"turns":6.0},{"damage":30.0,"enemies":"Collector","floor":33.0,"turns":9.0},{"damage":46.0,"enemies":"3 Darklings","floor":35.0,"turns":4.0},{"damage":19.0,"enemies":"3 Shapes","floor":37.0,"turns":3.0},{"damage":43.0,"enemies":"Jaw Worm Horde","floor":38.0,"turns":4.0},{"damage":14,"enemies":"3 Darklings","floor":39,"turns":2}],"seed_played":"-332063427119338361","potions_obtained":[{"floor":2.0,"key":"Weak Potion"},{"floor":5.0,"key":"Block Potion"},{"floor":8.0,"key":"SkillPotion"},{"floor":12.0,"key":"SkillPotion"},{"floor":33.0,"key":"EssenceOfSteel"},{"floor":35.0,"key":"LiquidBronze"}],"is_trial":false,"path_per_floor":["M","M","?","$","M","R","M","M","T","R","?","M","R","M","R","B",null,"M","$","?","?","T","R","?","?","T","R","?","R","M","M","R","B",null,"M","?","M","M","M"],"character_chosen":"DEFECT","items_purchased":["Coolheaded","Juzu Bracelet","Defragment","Conserve Battery","Apotheosis"],"campfire_rested":2,"item_purchase_floors":[4,4,19,19,19],"current_hp_per_floor":[41,37,26,26,25,25,20,5,5,26,5,5,26,26,26,15,57,28,28,28,28,28,28,28,28,28,28,16,16,20,35,35,22,46,9,54,39,11,0],"gold":243,"neow_bonus":"TWO_FIFTY_GOLD","is_prod":false,"is_daily":false,"chose_seed":false,"campfire_upgraded":6,"win_rate":0,"timestamp":1547551858,"path_taken":["M","M","?","$","M","R","M","M","T","R","?","M","R","M","R","BOSS","M","$","?","?","?","R","?","?","T","R","?","R","M","M","R","BOSS","M","?","M","M","M"],"build_version":"2019-01-10","purchased_purges":1,"victory":false,"max_hp_per_floor":[71,71,71,71,71,71,71,71,71,71,71,71,71,71,71,71,71,71,71,71,71,71,71,49,49,49,49,54,54,54,54,54,54,54,54,54,54,54,54],"card_choices":[{"not_picked":["Blizzard","Rebound"],"picked":"Go for the Eyes","floor":1.0},{"not_picked":["Skim","Hello World"],"picked":"Ball Lightning","floor":2.0},{"not_picked":["Heatsinks","Streamline"],"picked":"Cold Snap","floor":5.0},{"not_picked":["Barrage","Hologram"],"picked":"Ball Lightning","floor":7.0},{"not_picked":["Stack","Streamline","Redo"],"picked":"SKIP","floor":8.0},{"not_picked":["Barrage","FTL"],"picked":"Electrodynamics","floor":12.0},{"not_picked":["Stack","Genetic Algorithm"],"picked":"Go for the Eyes","floor":14.0},{"not_picked":["Electrodynamics","Hyperbeam"],"picked":"Fission","floor":16.0},{"not_picked":["Go for the Eyes","Heatsinks"],"picked":"Auto Shields","floor":17.0},{"not_picked":["Gash","Streamline"],"picked":"Glacier","floor":17.0},{"not_picked":["Steam Power","Steam"],"picked":"Go for the Eyes+1","floor":18.0},{"not_picked":["Steam","Barrage","Turbo"],"picked":"Capacitor+1","floor":30.0},{"not_picked":["Self Repair","Turbo","Compile Driver"],"picked":"Defragment","floor":31.0},{"not_picked":["Creative AI","Amplify","Seek"],"picked":"Biased Cognition","floor":33.0},{"not_picked":["FTL","Barrage","Skim"],"picked":"Chill","floor":35.0},{"not_picked":["Double Energy+1","Rip and Tear","Chill"],"picked":"Self Repair","floor":37.0},{"not_picked":["Rebound","Sunder","Beam Cell","Hello World+1"],"picked":"SKIP","floor":38.0}],"player_experience":829562,"relics_obtained":[{"floor":9.0,"key":"Ornamental Fan"},{"floor":22.0,"key":"DataDisk"},{"floor":26.0,"key":"Question Card"}],"event_choices":[{"damage_healed":0.0,"max_hp_gain":0.0,"max_hp_loss":0.0,"gold_gain":75.0,"event_name":"World of Goop","player_choice":"Gather Gold","floor":3.0,"gold_loss":0.0,"damage_taken":11.0},{"damage_healed":0.0,"max_hp_gain":0.0,"max_hp_loss":0.0,"gold_gain":0.0,"event_name":"Shining Light","player_choice":"Entered Light","floor":11.0,"gold_loss":0.0,"damage_taken":21.0,"cards_upgraded":["Strike_B","Dualcast"]},{"damage_healed":0.0,"max_hp_gain":0.0,"max_hp_loss":0.0,"gold_gain":50.0,"event_name":"Nest","player_choice":"Stole From Cult","floor":20.0,"gold_loss":0.0,"damage_taken":0.0},{"damage_healed":0.0,"max_hp_gain":0.0,"max_hp_loss":0.0,"gold_gain":0.0,"event_name":"Ghosts","player_choice":"Ignored","floor":21.0,"gold_loss":0.0,"damage_taken":0.0},{"damage_healed":0.0,"max_hp_gain":0.0,"max_hp_loss":22.0,"gold_gain":0.0,"event_name":"Vampires","player_choice":"Became a vampire","floor":24.0,"gold_loss":0.0,"damage_taken":0.0,"cards_obtained":["Bite","Bite","Bite","Bite","Bite"]},{"damage_healed":0.0,"max_hp_gain":0.0,"max_hp_loss":0.0,"gold_gain":0.0,"event_name":"Cursed Tome","player_choice":"Ignored","floor":25.0,"gold_loss":0.0,"damage_taken":0.0},{"damage_healed":0.0,"max_hp_gain":5.0,"max_hp_loss":0.0,"gold_gain":0.0,"event_name":"Forgotten Altar","player_choice":"Shed Blood","floor":28.0,"gold_loss":0.0,"damage_taken":17.0},{"cards_removed":["Chill"],"damage_healed":45.0,"max_hp_gain":0.0,"max_hp_loss":0.0,"gold_gain":0.0,"event_name":"Bonfire Elementals","player_choice":"Offered Uncommon","floor":36.0,"gold_loss":0.0,"damage_taken":0.0}],"is_beta":false,"boss_relics":[{"not_picked":["Tiny House","Nuclear Battery"],"picked":"Orrery"},{"not_picked":["Black Star","Runic Pyramid"],"picked":"Empty Cage"}],"items_purged_floors":[4],"is_endless":false,"potions_floor_spawned":[2,5,8,12,33,35],"killed_by":"3 Darklings","ascension_level":20}