{"gold_per_floor":[111,121,134,149,217,243,259,259,259,259,275,275,287,319,319,420,420,432,432,432,452,472,472,472,38,38,48,48,48,64,145,145,145],"floor_reached":33,"playtime":2109,"items_purged":["Strike_B"],"score":311,"play_id":"a0fde4f1-4c3e-4277-9824-b989a173fcad","local_time":"20190117235809","is_ascension_mode":true,"campfire_choices":[{"floor":8,"key":"REST"},{"floor":10,"key":"REST"},{"floor":12,"key":"REST"},{"data":"Creative AI","floor":15,"key":"SMITH"},{"data":"Go for the Eyes","floor":23,"key":"SMITH"},{"data":"Zap","floor":29,"key":"SMITH"},{"data":"Loop","floor":32,"key":"SMITH"}],"neow_cost":"NONE","seed_source_timestamp":783681544431728,"circlet_count":0,"master_deck":["Strike_B","Strike_B","Strike_B","Defend_B","Defend_B","Defend_B","Defend_B","Zap+1","Dualcast","Hologram","Go for the Eyes+1","Hologram","Cold Snap","All For One","Cold Snap","Barrage","Creative AI+1","Sunder","Electrodynamics","Loop+1","Writhe","Auto Shields","Consume","Leap","Stack","Leap+1"],"relics":["Cracked Core","Happy Flower","Strawberry","Centennial Puzzle","Coffee Dripper","Singing Bowl","Enchiridion","Emotion Chip","Sundial","Matryoshka"],"potions_floor_usage":[6,6,14,21,21,21,27,27,30],"damage_taken":[{"damage":0,"enemies":"Small Slimes","floor":1,"turns":3},{"damage":6,"enemies":"Jaw Worm","floor":2,"turns":3},{"damage":2,"enemies":"2 Louse","floor":3,"turns":2},{"damage":29,"enemies":"Exordium Thugs","floor":4,"turns":5},{"damage":18,"enemies":"Lagavulin","floor":6,"turns":9},{"damage":5,"enemies":"2 Fungi Beasts","floor":7,"turns":4},{"damage":12,"enemies":"Lots of Slimes","floor":11,"turns":4},{"damage":0,"enemies":"Blue Slaver","floor":13,"turns":3},{"damage":25,"enemies":"Gremlin Nob","floor":14,"turns":4},{"damage":40,"enemies":"The Guardian","floor":16,"turns":12},{"damage":14,"enemies":"3 Byrds","floor":18,"turns":3},{"damage":29,"enemies":"Shell Parasite","floor":21,"turns":6},{"damage":20,"enemies":"Centurion and Healer","floor":22,"turns":5},{"damage":29,"enemies":"Shelled Parasite and Fungi","floor":27,"turns":5},{"damage":8,"enemies":"3 Cultists","floor":30,"turns":5},{"damage":14,"enemies":"Champ","floor":33,"turns":1}],"seed_played":"7020729292130783173","potions_obtained":[{"floor":3,"key":"GamblersBrew"},{"floor":4,"key":"PowerPotion"},{"floor":13,"key":"LiquidBronze"},{"floor":14,"key":"Regen Potion"},{"floor":16,"key":"Explosive Potion"},{"floor":20,"key":"Regen Potion"},{"floor":20,"key":"Energy Potion"},{"floor":21,"key":"Swift Potion"},{"floor":22,"key":"Regen Potion"},{"floor":27,"key":"EssenceOfSteel"}],"is_trial":false,"path_per_floor":["M","M","M","M","?","E","M","R","T","R","M","R","M","E","R","B",null,"M","?","?","M","M","R","?","$","T","M","?","R","M","T","R","B"],"character_chosen":"DEFECT","items_purchased":["Emotion Chip","Consume"],"campfire_rested":3,"item_purchase_floors":[25,25],"current_hp_per_floor":[75,69,67,38,38,20,15,37,44,68,56,80,80,55,55,15,82,68,68,68,69,51,51,35,35,35,20,20,20,12,12,12,0],"gold":145,"neow_bonus":"THREE_CARDS","is_prod":false,"is_daily":false,"chose_seed":false,"campfire_upgraded":4,"win_rate":0,"timestamp":1547787489,"path_taken":["M","M","M","M","?","E","M","R","T","R","M","R","M","E","R","BOSS","M","?","?","M","?","R","?","$","T","M","?","R","?","?","R","BOSS"],"build_version":"2019-01-17","purchased_purges":1,"victory":false,"max_hp_per_floor":[75,75,75,75,75,75,75,75,82,82,82,82,82,82,82,82,82,82,82,82,82,84,84,84,84,84,84,84,84,84,84,84,84],"card_choices":[{"not_picked":["Compile Driver","Gash"],"picked":"Hologram","floor":0},{"not_picked":["Beam Cell","Redo"],"picked":"Go for the Eyes","floor":1},{"not_picked":["Lockon","Turbo"],"picked":"Hologram","floor":2},{"not_picked":["Genetic Algorithm","Turbo"],"picked":"Cold Snap","floor":3},{"not_picked":["Turbo","Force Field"],"picked":"All For One","floor":4},{"not_picked":["Coolheaded","Skim"],"picked":"Cold Snap","floor":6},{"not_picked":["Cold Snap","Hologram","Reprogram"],"picked":"SKIP","floor":7},{"not_picked":["Chaos","Hologram"],"picked":"Barrage","floor":11},{"not_picked":["Coolheaded","Turbo"],"picked":"Creative AI","floor":13},{"not_picked":["Compile Driver","Barrage"],"picked":"Sunder","floor":14},{"not_picked":["Machine Learning","Multi-Cast"],"picked":"Electrodynamics","floor":16},{"not_picked":["Redo","Doom and Gloom"],"picked":"Loop","floor":18},{"not_picked":["Barrage","Turbo"],"picked":"Auto Shields","floor":21},{"not_picked":["Steam","Reprogram+1","Genetic Algorithm"],"picked":"Singing Bowl","floor":22},{"not_picked":["Skim","Auto Shields"],"picked":"Leap","floor":27},{"not_picked":["Gash+1","Chaos+1"],"picked":"Leap+1","floor":30}],"player_experience":243100,"relics_obtained":[{"floor":6,"key":"Happy Flower"},{"floor":9,"key":"Strawberry"},{"floor":14,"key":"Centennial Puzzle"},{"floor":24,"key":"Enchiridion"},{"floor":26,"key":"Sundial"},{"floor":31,"key":"Matryoshka"}],"event_choices":[{"damage_healed":0,"gold_gain":68,"player_choice":"Gained Gold","damage_taken":0,"max_hp_gain":0,"max_hp_loss":0,"event_name":"Golden Wing","floor":5,"gold_loss":0},{"damage_healed":0,"gold_gain":0,"player_choice":"Opened","damage_taken":0,"relics_obtained":["Singing Bowl"],"max_hp_gain":0,"max_hp_loss":0,"event_name":"The Mausoleum","floor":19,"gold_loss":0,"cards_obtained":["Writhe"]},{"damage_healed":0,"gold_gain":0,"player_choice":"Got Potions","damage_taken":0,"max_hp_gain":0,"max_hp_loss":0,"event_name":"Lab","floor":20,"gold_loss":0},{"damage_healed":0,"gold_gain":0,"player_choice":"Obtained Book","damage_taken":16,"max_hp_gain":0,"max_hp_loss":0,"event_name":"Cursed Tome","floor":24,"gold_loss":0},{"damage_healed":0,"gold_gain":0,"player_choice":"1 cards matched","damage_taken":0,"max_hp_gain":0,"max_hp_loss":0,"event_name":"Match and Keep!","floor":28,"gold_loss":0,"cards_obtained":["Stack"]}],"is_beta":false,"boss_relics":[{"not_picked":["Runic Pyramid","Tiny House"],"picked":"Coffee Dripper"}],"items_purged_floors":[25],"is_endless":false,"potions_floor_spawned":[3,4,13,14,16,21,22,27],"killed_by":"Champ","ascension_level":4}