{"gold_per_floor":[112,112,39,49,49,82,137,164,164,196,214,244,177,194,194,289,289,308,308,308,328,355,380,380,406,451,451,478,91,105,115,115,212,212,222,239,239,461,461,486,486,513,513,530,530,564,664,713,713,713],"floor_reached":51,"playtime":3719,"items_purged":[],"score":1142,"play_id":"7b3ba370-c549-4b43-b988-4c8648095b93","local_time":"20190104115137","daily_mods":["SealedDeck","Heirloom","Elite Swarm"],"is_ascension_mode":false,"campfire_choices":[{"data":"Fission","floor":15,"key":"SMITH"},{"data":"Consume","floor":24,"key":"SMITH"},{"data":"Fission","floor":27,"key":"SMITH"},{"data":"Loop","floor":32,"key":"SMITH"},{"data":"Seek","floor":41,"key":"SMITH"},{"data":"Capacitor","floor":45,"key":"SMITH"},{"data":"Fission","floor":49,"key":"SMITH"}],"neow_cost":"","seed_source_timestamp":0,"circlet_count":0,"master_deck":["Blizzard+1","Coolheaded","Coolheaded","Coolheaded","Coolheaded","Conserve Battery","Cold Snap","Capacitor+1","FTL","Self Repair","Ball Lightning","Consume+1","Chill","Fission+1","Reboot","Fission+1","Chill","Seek+1","Capacitor","Fission+1","Self Repair","Loop+1","Creative AI","Echo Form","Amplify","Coolheaded","Self Repair","Electrodynamics","Coolheaded","Heatsinks+1","Blizzard+1","Madness","Madness","Core Surge","Echo Form","Chill+1","Amplify","Coolheaded+1"],"relics":["Cracked Core","Thread and Needle","Girya","Omamori","Bag of Marbles","Cables","Gremlin Horn","Dream Catcher","Sozu","Pantograph","Red Mask","Ornamental Fan","FossilizedHelix","Happy Flower","Potion Belt","Mummified Hand","Ancient Tea Set","Orrery","Symbiotic Virus","PreservedInsect","Frozen Egg 2","Prayer Wheel","Mango","Calipers"],"potions_floor_usage":[50],"damage_taken":[{"damage":0,"enemies":"2 Louse","floor":1,"turns":2},{"damage":3,"enemies":"Jaw Worm","floor":4,"turns":3},{"damage":0,"enemies":"Lagavulin","floor":6,"turns":6},{"damage":0,"enemies":"Lagavulin Event","floor":7,"turns":6},{"damage":2,"enemies":"3 Sentries","floor":8,"turns":5},{"damage":2,"enemies":"Lagavulin","floor":10,"turns":7},{"damage":0,"enemies":"Cultist","floor":11,"turns":3},{"damage":2,"enemies":"Gremlin Nob","floor":12,"turns":4},{"damage":0,"enemies":"3 Louse","floor":14,"turns":1},{"damage":0,"enemies":"Slime Boss","floor":16,"turns":6},{"damage":0,"enemies":"2 Thieves","floor":18,"turns":3},{"damage":0,"enemies":"3 Byrds","floor":21,"turns":3},{"damage":0,"enemies":"Masked Bandits","floor":22,"turns":2},{"damage":0,"enemies":"Gremlin Leader","floor":23,"turns":4},{"damage":0,"enemies":"Slavers","floor":25,"turns":1},{"damage":0,"enemies":"Gremlin Leader","floor":28,"turns":5},{"damage":0,"enemies":"Centurion and Healer","floor":30,"turns":4},{"damage":0,"enemies":"Snake Plant","floor":31,"turns":4},{"damage":0,"enemies":"Automaton","floor":33,"turns":6},{"damage":0,"enemies":"3 Darklings","floor":35,"turns":2},{"damage":0,"enemies":"Orb Walker","floor":36,"turns":4},{"damage":0,"enemies":"Reptomancer","floor":40,"turns":3},{"damage":0,"enemies":"Nemesis","floor":42,"turns":7},{"damage":0,"enemies":"Transient","floor":44,"turns":5},{"damage":0,"enemies":"Reptomancer","floor":46,"turns":2},{"damage":0,"enemies":"Mind Bloom Boss Battle","floor":47,"turns":4},{"damage":0,"enemies":"2 Orb Walkers","floor":48,"turns":2},{"damage":26,"enemies":"Time Eater","floor":50,"turns":8}],"seed_played":"-78631729101535549","potions_obtained":[{"floor":7,"key":"LiquidBronze"},{"floor":10,"key":"FairyPotion"},{"floor":12,"key":"SteroidPotion"}],"is_trial":true,"path_per_floor":["M","?","$","M","?","E","?","E","T","E","M","E","$","M","R","B",null,"M","?","?","M","?","E","R","E","T","R","E","$","M","M","R","B",null,"M","M","$","?","?","E","R","E","T","M","R","E","?","?","R","B",null],"character_chosen":"DEFECT","items_purchased":["Consume","Capacitor","Mummified Hand","Ancient Tea Set"],"campfire_rested":0,"item_purchase_floors":[3,13,29,29],"current_hp_per_floor":[75,75,75,75,75,75,75,75,75,75,75,75,75,75,75,75,75,75,75,75,75,75,75,75,75,75,75,75,75,75,75,75,75,75,75,75,75,75,66,75,75,75,75,75,75,75,89,89,89,84],"gold":713,"neow_bonus":"","is_prod":false,"is_daily":false,"chose_seed":false,"campfire_upgraded":7,"win_rate":0,"timestamp":1546570297,"path_taken":["M","?","$","M","?","E","?","E","T","E","M","E","?","?","R","BOSS","M","?","?","M","?","E","R","E","T","R","E","?","M","?","R","BOSS","M","M","$","?","?","E","R","E","T","M","R","E","?","?","R","BOSS"],"build_version":"2018-12-20","purchased_purges":0,"victory":true,"max_hp_per_floor":[75,75,75,75,75,75,75,75,75,75,75,75,75,75,75,75,75,75,75,75,75,75,75,75,75,75,75,75,75,75,75,75,75,75,75,75,75,75,75,75,75,75,75,75,75,75,89,89,89,89],"card_choices":[{"not_picked":["Sunder","Sweeping Beam"],"picked":"Ball Lightning","floor":1},{"not_picked":["Storm","Gash"],"picked":"Chill","floor":4},{"not_picked":["Reboot","Hyperbeam"],"picked":"Fission","floor":6},{"not_picked":["Meteor Strike","Buffer"],"picked":"Reboot","floor":8},{"not_picked":["Biased Cognition","Rainbow"],"picked":"Fission","floor":10},{"not_picked":["Redo","Turbo"],"picked":"Chill","floor":11},{"not_picked":["Biased Cognition","Multi-Cast"],"picked":"Seek","floor":12},{"not_picked":["Sweeping Beam","Steam Power","Hello World"],"picked":"SKIP","floor":14},{"not_picked":["Multi-Cast","All For One"],"picked":"Fission","floor":16},{"not_picked":["Ball Lightning+1","Beam Cell"],"picked":"Self Repair","floor":18},{"not_picked":["Turbo+1","Ball Lightning","Compile Driver"],"picked":"SKIP","floor":21},{"not_picked":["Tempest","Steam"],"picked":"Loop","floor":22},{"not_picked":["Meteor Strike","Biased Cognition"],"picked":"Creative AI","floor":23},{"not_picked":["Thunder Strike","Buffer"],"picked":"Echo Form","floor":25},{"not_picked":["Creative AI","Seek"],"picked":"Amplify","floor":28},{"not_picked":["Streamline","Beam Cell"],"picked":"Coolheaded","floor":30},{"not_picked":["Skim","Sunder+1"],"picked":"Self Repair","floor":31},{"not_picked":["Machine Learning","Creative AI"],"picked":"Electrodynamics","floor":33},{"not_picked":["Steam Power","Heatsinks"],"picked":"Coolheaded","floor":34},{"not_picked":["Stack+1","Auto Shields"],"picked":"Heatsinks+1","floor":35},{"not_picked":["Compile Driver","Stack+1"],"picked":"Blizzard+1","floor":36},{"not_picked":["Meteor Strike","Machine Learning"],"picked":"Core Surge","floor":40},{"not_picked":["Core Surge","Rainbow"],"picked":"Echo Form","floor":42},{"not_picked":["Double Energy","Hologram+1"],"picked":"Chill+1","floor":44},{"not_picked":["Multi-Cast","Rainbow"],"picked":"Amplify","floor":46},{"not_picked":["Compile Driver","Double Energy"],"picked":"Coolheaded+1","floor":48}],"player_experience":728948,"relics_obtained":[{"floor":6,"key":"Girya"},{"floor":7,"key":"Omamori"},{"floor":8,"key":"Bag of Marbles"},{"floor":9,"key":"Cables"},{"floor":10,"key":"Gremlin Horn"},{"floor":12,"key":"Dream Catcher"},{"floor":22,"key":"Red Mask"},{"floor":23,"key":"Ornamental Fan"},{"floor":25,"key":"FossilizedHelix"},{"floor":26,"key":"Happy Flower"},{"floor":28,"key":"Potion Belt"},{"floor":40,"key":"Symbiotic Virus"},{"floor":42,"key":"PreservedInsect"},{"floor":43,"key":"Frozen Egg 2"},{"floor":46,"key":"Prayer Wheel"},{"floor":47,"key":"Mango"},{"floor":48,"key":"Calipers"}],"event_choices":[{"damage_healed":0,"gold_gain":0,"player_choice":"Grow","damage_taken":0,"max_hp_gain":0,"max_hp_loss":0,"event_name":"Living Wall","floor":2,"gold_loss":0,"cards_upgraded":["Blizzard"]},{"damage_healed":0,"gold_gain":0,"player_choice":"Ignored","damage_taken":0,"max_hp_gain":0,"max_hp_loss":0,"event_name":"Liars Game","floor":5,"gold_loss":0},{"damage_healed":0,"gold_gain":30,"player_choice":"Searched \u00272\u0027 times","damage_taken":0,"max_hp_gain":0,"max_hp_loss":0,"event_name":"Dead Adventurer","floor":7,"gold_loss":0},{"damage_healed":0,"gold_gain":0,"player_choice":"Opened","damage_taken":0,"relics_obtained":["Pantograph"],"max_hp_gain":0,"max_hp_loss":0,"event_name":"The Mausoleum","floor":19,"gold_loss":0,"cards_obtained":["Writhe"]},{"damage_healed":0,"gold_gain":0,"player_choice":"Ignored","damage_taken":0,"max_hp_gain":0,"max_hp_loss":0,"event_name":"Ghosts","floor":20,"gold_loss":0},{"damage_healed":0,"gold_gain":0,"player_choice":"Fought Bandits","damage_taken":0,"max_hp_gain":0,"max_hp_loss":0,"event_name":"Masked Bandits","floor":22,"gold_loss":0},{"damage_healed":0,"gold_gain":222,"player_choice":"Wore Mask","damage_taken":0,"max_hp_gain":0,"max_hp_loss":0,"event_name":"Tomb of Lord Red Mask","floor":38,"gold_loss":0},{"damage_healed":0,"gold_gain":0,"player_choice":"Embrace Madness","damage_taken":9,"max_hp_gain":0,"max_hp_loss":0,"event_name":"Winding Halls","floor":39,"gold_loss":0,"cards_obtained":["Madness","Madness"]},{"damage_healed":0,"gold_gain":0,"player_choice":"Fight","damage_taken":0,"max_hp_gain":0,"max_hp_loss":0,"event_name":"MindBloom","floor":47,"gold_loss":0},{"damage_healed":0,"gold_gain":0,"player_choice":"Fight","damage_taken":0,"max_hp_gain":0,"max_hp_loss":0,"event_name":"Mysterious Sphere","floor":48,"gold_loss":0}],"is_beta":false,"boss_relics":[{"not_picked":["Fusion Hammer","Calling Bell"],"picked":"Sozu"},{"not_picked":["Lizard Tail","Astrolabe"],"picked":"Orrery"}],"items_purged_floors":[],"is_endless":false,"potions_floor_spawned":[7,10,12,16,18,23,28,36,46],"ascension_level":0}