{"gold_per_floor":[117,117,39,39,52,52,63,28,102,137,137,149,166,176,176,252,252,268,183,183,183,198,198,214,214],"floor_reached":25,"playtime":911,"items_purged":[],"score":386,"play_id":"fa6aeab0-9336-4f5e-8843-4d0e3af5425a","local_time":"20190110121518","is_ascension_mode":true,"campfire_choices":[{"data":"Chaos","floor":6,"key":"SMITH"},{"data":"Zap","floor":11,"key":"SMITH"},{"data":"Capacitor","floor":15,"key":"SMITH"},{"data":"Loop","floor":23,"key":"SMITH"}],"neow_cost":"PERCENT_DAMAGE","seed_source_timestamp":2056032372367268,"circlet_count":0,"master_deck":["AscendersBane","Zap+1","Dualcast","All For One","Chaos+1","Go for the Eyes+1","Capacitor+1","Conserve Battery","Glacier","Cold Snap+1","Go for the Eyes+1","Sunder+1","Hologram","Echo Form","Glacier","Barrage+1","Core Surge+1","Self Repair","Blizzard+1","Storm","Coolheaded","Decay","Loop+1","Go for the Eyes+1"],"relics":["Cracked Core","Molten Egg 2","Centennial Puzzle","Pandora\u0027s Box","Bag of Marbles","Shuriken"],"potions_floor_usage":[24],"damage_taken":[{"damage":17,"enemies":"Small Slimes","floor":1,"turns":5},{"damage":7,"enemies":"Jaw Worm","floor":5,"turns":3},{"damage":0,"enemies":"Cultist","floor":7,"turns":3},{"damage":2,"enemies":"Lagavulin","floor":10,"turns":9},{"damage":1,"enemies":"Lots of Slimes","floor":12,"turns":5},{"damage":2,"enemies":"Looter","floor":13,"turns":3},{"damage":0,"enemies":"Gremlin Gang","floor":14,"turns":5},{"damage":13,"enemies":"The Guardian","floor":16,"turns":9},{"damage":9,"enemies":"2 Thieves","floor":18,"turns":4},{"damage":7,"enemies":"Chosen","floor":22,"turns":5},{"damage":24,"enemies":"Snake Plant","floor":24,"turns":4},{"damage":26,"enemies":"Centurion and Healer","floor":25,"turns":2}],"seed_played":"2842975608870974928","potions_obtained":[{"floor":5,"key":"EssenceOfSteel"},{"floor":10,"key":"SkillPotion"},{"floor":24,"key":"Ancient Potion"}],"is_trial":false,"path_per_floor":["M","?","$","?","M","R","M","?","T","E","R","M","M","M","R","B",null,"M","?","T","?","M","R","M","M"],"character_chosen":"DEFECT","items_purchased":["Capacitor"],"campfire_rested":0,"item_purchase_floors":[3],"current_hp_per_floor":[29,52,52,31,24,24,24,41,41,39,39,38,36,36,36,23,59,50,50,50,50,43,43,26,0],"gold":214,"neow_bonus":"TRANSFORM_TWO_CARDS","is_prod":false,"is_daily":false,"chose_seed":false,"campfire_upgraded":4,"win_rate":0,"timestamp":1547090118,"path_taken":["M","?","$","?","M","R","M","?","T","E","R","M","M","M","R","BOSS","M","?","?","?","?","R","M","M"],"build_version":"2019-01-03v4","purchased_purges":0,"victory":false,"max_hp_per_floor":[71,71,71,71,71,71,71,71,71,71,71,71,71,71,71,71,71,71,71,71,71,71,71,71,71],"card_choices":[{"not_picked":["Reprogram","Static Discharge"],"picked":"Go for the Eyes","floor":1},{"not_picked":["Hologram","Chill"],"picked":"Conserve Battery","floor":5},{"not_picked":["White Noise","Ball Lightning"],"picked":"Glacier","floor":7},{"not_picked":["All For One+1","Heatsinks"],"picked":"Cold Snap+1","floor":10},{"not_picked":["Undo","White Noise"],"picked":"Go for the Eyes+1","floor":12},{"not_picked":["Doom and Gloom+1","BootSequence"],"picked":"Sunder+1","floor":13},{"not_picked":["Recycle","Scrape+1"],"picked":"Hologram","floor":14},{"not_picked":["Multi-Cast","Reboot"],"picked":"Echo Form","floor":16},{"not_picked":["Gash+1","Sunder+1"],"picked":"Coolheaded","floor":18},{"not_picked":["Ball Lightning+1","Auto Shields"],"picked":"Loop","floor":22},{"not_picked":["Lockon+1","Streamline+1"],"picked":"Go for the Eyes+1","floor":24}],"player_experience":810825,"relics_obtained":[{"floor":9,"key":"Molten Egg 2"},{"floor":10,"key":"Centennial Puzzle"},{"floor":20,"key":"Shuriken"}],"event_choices":[{"damage_healed":23,"gold_gain":0,"player_choice":"Banana","damage_taken":0,"max_hp_gain":0,"max_hp_loss":0,"event_name":"Big Fish","floor":2,"gold_loss":0},{"damage_healed":0,"gold_gain":0,"player_choice":"Entered Light","damage_taken":21,"max_hp_gain":0,"max_hp_loss":0,"event_name":"Shining Light","floor":4,"gold_loss":0,"cards_upgraded":["Defend_B","Go for the Eyes"]},{"damage_healed":17,"gold_gain":0,"player_choice":"Healed","damage_taken":0,"max_hp_gain":0,"max_hp_loss":0,"event_name":"The Cleric","floor":8,"gold_loss":35},{"damage_healed":0,"gold_gain":0,"player_choice":"Obtained Relic","damage_taken":0,"relics_obtained":["Bag of Marbles"],"max_hp_gain":0,"max_hp_loss":0,"event_name":"Addict","floor":19,"gold_loss":85},{"damage_healed":0,"gold_gain":0,"player_choice":"Cursed","damage_taken":0,"max_hp_gain":0,"max_hp_loss":0,"event_name":"Wheel of Change","floor":21,"gold_loss":0,"cards_obtained":["Decay"]}],"is_beta":false,"boss_relics":[{"not_picked":["Ectoplasm","Runic Dome"],"picked":"Pandora\u0027s Box"}],"items_purged_floors":[],"is_endless":false,"potions_floor_spawned":[5,10,12,13,18,24],"killed_by":"Centurion and Healer","ascension_level":18}