{"gold_per_floor":[116,266,78,78,78,78,103,103,103,48,89,109,184,204,204,294,294,314,330,330,310,310],"floor_reached":22,"playtime":390,"items_purged":["Doubt"],"score":373,"play_id":"c22b383a-2124-4b07-a24b-b7516265f54e","local_time":"20181230164114","is_ascension_mode":true,"campfire_choices":[{"data":"Zap","floor":6,"key":"SMITH"},{"data":"Gash","floor":8,"key":"SMITH"},{"floor":15,"key":"REST"}],"neow_cost":"NONE","seed_source_timestamp":255491473987339,"circlet_count":0,"master_deck":["AscendersBane","Strike_B","Strike_B","Strike_B","Strike_B","Defend_B","Defend_B","Defend_B","Defend_B","Zap+1","Dualcast+1","Go for the Eyes","Gash+1","Go for the Eyes+1","Steam","Sweeping Beam","Melter","Gash","Rebound","All For One","Turbo","Skim"],"relics":["Cracked Core","NeowsBlessing","Golden Idol","Question Card","Cursed Key","MutagenicStrength"],"potions_floor_usage":[14,16,22,22],"damage_taken":[{"damage":0,"enemies":"Small Slimes","floor":1,"turns":1},{"damage":0,"enemies":"2 Louse","floor":7,"turns":1},{"damage":0,"enemies":"Lagavulin","floor":11,"turns":1},{"damage":6,"enemies":"Jaw Worm","floor":12,"turns":2},{"damage":6,"enemies":"Large Slime","floor":14,"turns":4},{"damage":25,"enemies":"Slime Boss","floor":16,"turns":7},{"damage":10,"enemies":"Shell Parasite","floor":18,"turns":3},{"damage":30,"enemies":"2 Thieves","floor":19,"turns":4},{"damage":22,"enemies":"Centurion and Healer","floor":22,"turns":2}],"seed_played":"-3863656414652767401","potions_obtained":[{"floor":1,"key":"Explosive Potion"},{"floor":14,"key":"PowerPotion"},{"floor":18,"key":"AttackPotion"},{"floor":21,"key":"PowerPotion"}],"is_trial":false,"path_per_floor":["M","?","$","?","?","R","M","R","T","$","E","M","?","M","R","B",null,"M","M","?","?","M"],"character_chosen":"DEFECT","items_purchased":["Gash","Go for the Eyes","Sweeping Beam"],"campfire_rested":1,"item_purchase_floors":[3,3,10],"current_hp_per_floor":[64,64,64,64,45,45,45,45,45,45,45,39,28,22,41,16,52,42,12,12,12,0],"gold":310,"neow_bonus":"THREE_ENEMY_KILL","is_prod":false,"is_daily":false,"chose_seed":false,"campfire_upgraded":2,"win_rate":0,"timestamp":1546206074,"path_taken":["M","?","$","?","?","R","M","R","T","?","E","M","?","M","R","BOSS","M","M","?","?","M"],"build_version":"2018-12-20","purchased_purges":1,"victory":false,"max_hp_per_floor":[71,71,71,64,64,64,64,64,64,64,64,64,64,64,64,64,64,64,64,64,64,64],"card_choices":[{"not_picked":["Undo","Leap"],"picked":"Go for the Eyes","floor":1},{"not_picked":["Rebound","Barrage"],"picked":"Steam","floor":7},{"not_picked":["Leap","Barrage"],"picked":"Melter","floor":11},{"not_picked":["Genetic Algorithm","Chaos","Conserve Battery"],"picked":"Gash","floor":12},{"not_picked":["Coolheaded","Aggregate","Turbo"],"picked":"Rebound","floor":14},{"not_picked":["Fission","Echo Form","Reboot"],"picked":"All For One","floor":16},{"not_picked":["Recycle","Go for the Eyes","Barrage"],"picked":"Turbo","floor":18},{"not_picked":["Hologram","Sweeping Beam+1","Turbo"],"picked":"Skim","floor":19}],"player_experience":454170,"relics_obtained":[{"floor":11,"key":"Question Card"}],"event_choices":[{"damage_healed":0,"gold_gain":150,"player_choice":"AGREE","damage_taken":0,"max_hp_gain":0,"max_hp_loss":0,"event_name":"Liars Game","floor":2,"gold_loss":0,"cards_obtained":["Doubt"]},{"damage_healed":0,"gold_gain":0,"player_choice":"Lose Max HP","damage_taken":0,"relics_obtained":["Golden Idol"],"max_hp_gain":0,"max_hp_loss":7,"event_name":"Golden Idol","floor":4,"gold_loss":0},{"damage_healed":0,"gold_gain":0,"player_choice":"Entered Light","damage_taken":19,"max_hp_gain":0,"max_hp_loss":0,"event_name":"Shining Light","floor":5,"gold_loss":0,"cards_upgraded":["Go for the Eyes","Dualcast"]},{"damage_healed":0,"gold_gain":75,"player_choice":"Gather Gold","damage_taken":11,"max_hp_gain":0,"max_hp_loss":0,"event_name":"World of Goop","floor":13,"gold_loss":0},{"damage_healed":0,"gold_gain":0,"player_choice":"Inject Mutagens","damage_taken":0,"relics_obtained":["MutagenicStrength"],"max_hp_gain":0,"max_hp_loss":0,"event_name":"Drug Dealer","floor":20,"gold_loss":0},{"damage_healed":0,"gold_gain":0,"player_choice":"Bought 1 Potion","damage_taken":0,"max_hp_gain":0,"max_hp_loss":0,"event_name":"The Woman in Blue","floor":21,"gold_loss":0}],"is_beta":false,"boss_relics":[{"not_picked":["Nuclear Battery","Snecko Eye"],"picked":"Cursed Key"}],"items_purged_floors":[3],"is_endless":false,"potions_floor_spawned":[1,14,18],"killed_by":"Centurion and Healer","ascension_level":16}