{"gold_per_floor":[109,109,34,134,152,187,187,215,296,306,306,339,359,377,377,475,475,495,78,48,67,67,67,85,105,105,124,124,224,256,266,266,371,371,386,386,400,400,424,456,456,482,553,553,19,19,19,37,37,37],"floor_reached":51,"playtime":4360,"items_purged":["Strike_G","Defend_G","Defend_G"],"score":804,"play_id":"e3b1eae5-6a84-4dc3-9b90-4396b0870e6f","local_time":"20181008192446","is_ascension_mode":true,"campfire_choices":[{"floor":7,"key":"REST"},{"floor":11,"key":"REST"},{"floor":15,"key":"REST"},{"floor":23,"key":"REST"},{"floor":28,"key":"REST"},{"floor":32,"key":"REST"},{"floor":41,"key":"REST"},{"floor":44,"key":"REST"},{"data":"Footwork","floor":49,"key":"SMITH"}],"neow_cost":"PERCENT_DAMAGE","seed_source_timestamp":2138943825763298,"circlet_count":0,"master_deck":["Defend_G","Defend_G","Defend_G+1","Strike_G","Strike_G","Strike_G","Strike_G","Survivor+1","Neutralize+1","Adrenaline","Outmaneuver","Blur","Dagger Throw","Quick Slash","Well Laid Plans","Flying Knee","Terror","Footwork+1","Backstab+1","Quick Slash+1","Flying Knee+1","Caltrops","Adrenaline","Prepared+1","Backflip+1","Poisoned Stab+1","Noxious Fumes+1","Heel Hook+1","Poisoned Stab+1","Panache","Quick Slash+1"],"relics":["Ring of the Serpent","Pen Nib","War Paint","Tingsha","Meat on the Bone","Kunai","Pantograph","Molten Egg 2","Juzu Bracelet","Lizard Tail","WingedGreaves","Dream Catcher","Regal Pillow","Lantern","Pear","Bronze Scales","HandDrill"],"potions_floor_usage":[6,12,12,16,16,24,27,31,33,35,38,40,50],"damage_taken":[{"damage":3,"enemies":"Jaw Worm","floor":1,"turns":6},{"damage":0,"enemies":"Small Slimes","floor":5,"turns":3},{"damage":15,"enemies":"Gremlin Nob","floor":6,"turns":4},{"damage":24,"enemies":"3 Sentries","floor":8,"turns":13},{"damage":0,"enemies":"Cultist","floor":10,"turns":3},{"damage":0,"enemies":"Lagavulin","floor":12,"turns":5},{"damage":2,"enemies":"Looter","floor":13,"turns":3},{"damage":0,"enemies":"Gremlin Gang","floor":14,"turns":4},{"damage":34,"enemies":"Hexaghost","floor":16,"turns":14},{"damage":5,"enemies":"3 Byrds","floor":18,"turns":7},{"damage":11,"enemies":"2 Thieves","floor":21,"turns":5},{"damage":11,"enemies":"Shelled Parasite and Fungi","floor":24,"turns":5},{"damage":15,"enemies":"Snake Plant","floor":25,"turns":2},{"damage":24,"enemies":"Chosen and Byrds","floor":27,"turns":7},{"damage":27,"enemies":"Gremlin Leader","floor":30,"turns":5},{"damage":3,"enemies":"Centurion and Healer","floor":31,"turns":3},{"damage":67,"enemies":"Champ","floor":33,"turns":12},{"damage":37,"enemies":"3 Shapes","floor":35,"turns":5},{"damage":15,"enemies":"Orb Walker","floor":37,"turns":3},{"damage":0,"enemies":"Mind Bloom Boss Battle","floor":38,"turns":6},{"damage":32,"enemies":"Giant Head","floor":40,"turns":9},{"damage":36,"enemies":"Nemesis","floor":42,"turns":7},{"damage":0,"enemies":"Transient","floor":48,"turns":5},{"damage":118,"enemies":"Donu and Deca","floor":50,"turns":9}],"seed_played":"7497950295837769658","potions_obtained":[{"floor":5,"key":"Weak Potion"},{"floor":6,"key":"Ancient Potion"},{"floor":8,"key":"PowerPotion"},{"floor":13,"key":"Dexterity Potion"},{"floor":14,"key":"Fire Potion"},{"floor":18,"key":"Ancient Potion"},{"floor":20,"key":"SpeedPotion"},{"floor":20,"key":"Poison Potion"},{"floor":30,"key":"Energy Potion"},{"floor":31,"key":"Block Potion"},{"floor":33,"key":"Dexterity Potion"},{"floor":38,"key":"Block Potion"},{"floor":48,"key":"Strength Potion"}],"is_trial":false,"path_per_floor":["M","?","$","?","M","E","R","E","T","M","R","E","M","M","R","B",null,"M","$","?","M","?","R","M","M","T","M","R","?","E","M","R","B",null,"M","?","M","?","T","E","R","E","T","R","$","?","?","M","R","B"],"character_chosen":"THE_SILENT","items_purchased":["Pantograph","Footwork","Bronze Scales","Poisoned Stab+1","HandDrill"],"campfire_rested":8,"item_purchase_floors":[19,19,45,45,45],"current_hp_per_floor":[46,39,39,39,39,24,45,21,21,33,54,54,52,52,70,36,70,65,65,65,54,41,63,52,49,49,37,59,59,44,41,63,20,75,38,38,35,60,60,40,75,39,49,85,85,85,85,85,85,32],"gold":37,"neow_bonus":"THREE_RARE_CARDS","is_prod":false,"is_daily":false,"chose_seed":false,"campfire_upgraded":1,"win_rate":0,"timestamp":1539041086,"path_taken":["M","?","?","?","M","E","R","E","T","M","R","E","?","?","R","BOSS","M","$","?","M","?","R","M","?","T","M","R","?","E","M","R","BOSS","M","?","M","?","?","E","R","E","T","R","$","?","?","M","R","BOSS"],"build_version":"2018-10-04v2","purchased_purges":3,"victory":true,"max_hp_per_floor":[70,70,70,70,70,70,70,70,70,70,70,70,70,70,70,70,70,70,70,70,70,75,75,75,75,75,75,75,75,75,75,75,75,75,75,75,75,75,75,75,75,75,85,85,85,85,85,85,85,85],"card_choices":[{"not_picked":["Envenom","Bullet Time"],"picked":"Adrenaline","floor":0},{"not_picked":["Finisher","Acrobatics"],"picked":"Flying Knee","floor":1},{"not_picked":["Bane","Expertise"],"picked":"Outmaneuver","floor":5},{"not_picked":["Catalyst","Acrobatics"],"picked":"Blur","floor":6},{"not_picked":["Prepared","Glass Knife"],"picked":"Dagger Throw","floor":8},{"not_picked":["Bouncing Flask","Flechettes"],"picked":"Quick Slash","floor":10},{"not_picked":["Deflect","Blade Dance"],"picked":"Well Laid Plans","floor":12},{"not_picked":["Sucker Punch","Heel Hook"],"picked":"Flying Knee","floor":13},{"not_picked":["Eviscerate","Deflect","Blade Dance"],"picked":"SKIP","floor":14},{"not_picked":["Underhanded Strike","Dagger Throw"],"picked":"Terror","floor":18},{"not_picked":["Prepared","Sucker Punch"],"picked":"Backstab+1","floor":21},{"not_picked":["Slice","Flying Knee"],"picked":"Quick Slash+1","floor":24},{"not_picked":["Dagger Spray","Quick Slash","Blur"],"picked":"SKIP","floor":25},{"not_picked":["Blade Dance","Underhanded Strike+1"],"picked":"Flying Knee+1","floor":27},{"not_picked":["Bane+1","Slice+1"],"picked":"Caltrops","floor":30},{"not_picked":["Sucker Punch+1","Heel Hook+1"],"picked":"Adrenaline","floor":31},{"not_picked":["Leg Sweep+1","Caltrops"],"picked":"Prepared+1","floor":35},{"not_picked":["Accuracy+1","Infinite Blades","Endless Agony+1"],"picked":"SKIP","floor":37},{"not_picked":["Quick Slash+1","Tactician"],"picked":"Backflip+1","floor":38},{"not_picked":["Sucker Punch+1","Leg Sweep+1","Accuracy+1"],"picked":"SKIP","floor":40},{"not_picked":["Malaise","Heel Hook+1"],"picked":"Poisoned Stab+1","floor":41},{"not_picked":["Sucker Punch+1","Backflip+1"],"picked":"Noxious Fumes+1","floor":42},{"not_picked":["Flying Knee+1","Dagger Throw+1"],"picked":"Heel Hook+1","floor":44},{"not_picked":["Panacea","Secret Weapon"],"picked":"Panache","floor":46},{"not_picked":["Choke+1","Flechettes+1"],"picked":"Quick Slash+1","floor":48}],"player_experience":202419,"relics_obtained":[{"floor":6,"key":"War Paint"},{"floor":8,"key":"Tingsha"},{"floor":9,"key":"Meat on the Bone"},{"floor":12,"key":"Kunai"},{"floor":26,"key":"Molten Egg 2"},{"floor":30,"key":"Juzu Bracelet"},{"floor":38,"key":"WingedGreaves"},{"floor":39,"key":"Dream Catcher"},{"floor":40,"key":"Regal Pillow"},{"floor":42,"key":"Lantern"},{"floor":43,"key":"Pear"}],"event_choices":[{"event_name":"Scrap Ooze","player_choice":"success","floor":2,"damage_taken":7},{"event_name":"Golden Shrine","player_choice":"Pray","floor":4,"damage_taken":0},{"event_name":"The Woman in Blue","player_choice":"Bought 2 Potions","floor":20,"damage_taken":0},{"event_name":"Forgotten Altar","player_choice":"Shed Blood","floor":22,"damage_taken":0},{"event_name":"Golden Shrine","player_choice":"Pray","floor":29,"damage_taken":0},{"event_name":"Accursed Blacksmith","player_choice":"Forge","floor":36,"damage_taken":0},{"event_name":"MindBloom","player_choice":"Fight","floor":38,"damage_taken":0},{"event_name":"SensoryStone","player_choice":"Memory 1","floor":46,"damage_taken":0},{"event_name":"Falling","player_choice":"Removed Attack","floor":47,"damage_taken":0}],"is_beta":false,"boss_relics":[{"not_picked":["White Beast Statue","Snecko Eye"],"picked":"Ring of the Serpent"},{"not_picked":["Orrery","Busted Crown"],"picked":"Lizard Tail"}],"items_purged_floors":[3,19,45],"is_endless":false,"potions_floor_spawned":[5,6,8,13,14,18,30,31,33,38,48],"ascension_level":1}