{"gold_per_floor":[111,111,36,36,54,54,4,14,14,34,46,59,59,73,73,177,177,194,284,284,303,313,313,324,324,324,154,171,181,192,192,192,291,291,306,306,406,426,58,58,23,23,23,23,23,50,61,80,80,80],"floor_reached":51,"playtime":1955,"items_purged":["Regret"],"score":666,"play_id":"166b51cc-1b97-4414-9d46-b7ef215e1d1b","local_time":"20190106233342","is_ascension_mode":false,"campfire_choices":[{"data":"Zap","floor":6,"key":"SMITH"},{"data":"Sunder","floor":13,"key":"SMITH"},{"data":"Auto Shields","floor":15,"key":"SMITH"},{"floor":23,"key":"REST"},{"data":"Hologram","floor":32,"key":"SMITH"},{"data":"Creative AI","floor":40,"key":"SMITH"},{"data":"Reinforced Body","floor":45,"key":"SMITH"},{"data":"Reboot","floor":49,"key":"SMITH"}],"neow_cost":"PERCENT_DAMAGE","seed_source_timestamp":1750079442820571,"circlet_count":0,"master_deck":["Zap+1","Dualcast","Reboot+1","Sunder+1","Coolheaded","Rebound","Auto Shields+1","FTL","White Noise","Echo Form","All For One","Stack","Reinforced Body+1","Redo","Hologram+1","Gash","Turbo","Capacitor","Coolheaded","Conserve Battery","Reinforced Body+1","Self Repair+1","Gash","Creative AI+1","Conserve Battery+1","Madness","Madness","White Noise","BootSequence+1","Gash","Conserve Battery+1","Self Repair","Conserve Battery+1","Conserve Battery+1"],"relics":["Cracked Core","Happy Flower","Mummified Hand","Pandora\u0027s Box","Dream Catcher","Coffee Dripper","Gambling Chip","Toxic Egg 2","Bottled Flame","Potion Belt"],"potions_floor_usage":[14,16,21,21,33,50,50],"damage_taken":[{"damage":11,"enemies":"Jaw Worm","floor":1,"turns":2},{"damage":0,"enemies":"2 Louse","floor":5,"turns":2},{"damage":0,"enemies":"Cultist","floor":8,"turns":2},{"damage":7,"enemies":"Blue Slaver","floor":10,"turns":2},{"damage":19,"enemies":"Exordium Wildlife","floor":11,"turns":4},{"damage":3,"enemies":"Red Slaver","floor":12,"turns":2},{"damage":0,"enemies":"Looter","floor":14,"turns":2},{"damage":10,"enemies":"Hexaghost","floor":16,"turns":6},{"damage":8,"enemies":"Spheric Guardian","floor":18,"turns":4},{"damage":16,"enemies":"2 Thieves","floor":21,"turns":3},{"damage":21,"enemies":"Snake Plant","floor":22,"turns":5},{"damage":15,"enemies":"Cultist and Chosen","floor":24,"turns":6},{"damage":6,"enemies":"Shelled Parasite and Fungi","floor":28,"turns":6},{"damage":1,"enemies":"Snecko","floor":29,"turns":5},{"damage":10,"enemies":"3 Cultists","floor":30,"turns":4},{"damage":47,"enemies":"Collector","floor":33,"turns":8},{"damage":41,"enemies":"3 Darklings","floor":35,"turns":6},{"damage":0,"enemies":"Mind Bloom Boss Battle","floor":37,"turns":6},{"damage":5,"enemies":"3 Shapes","floor":38,"turns":5},{"damage":14,"enemies":"Maw","floor":47,"turns":7},{"damage":14,"enemies":"3 Darklings","floor":48,"turns":6},{"damage":43,"enemies":"Time Eater","floor":50,"turns":8}],"seed_played":"6126520444835745483","potions_obtained":[{"floor":1,"key":"Energy Potion"},{"floor":8,"key":"Regen Potion"},{"floor":10,"key":"SkillPotion"},{"floor":22,"key":"Dexterity Potion"},{"floor":24,"key":"Energy Potion"},{"floor":28,"key":"Swift Potion"},{"floor":33,"key":"FearPotion"},{"floor":37,"key":"Fire Potion"},{"floor":47,"key":"EssenceOfSteel"}],"is_trial":false,"path_per_floor":["M","?","$","?","M","R","?","M","T","M","M","M","R","M","R","B",null,"M","?","$","M","M","R","M","?","T","$","M","M","M","$","R","B",null,"M","?","?","M","$","R","$","?","T","$","R","T","M","M","R","B",null],"character_chosen":"DEFECT","items_purchased":["Capacitor","Coolheaded","Conserve Battery","Toxic Egg 2","Gash","Conserve Battery+1","Self Repair"],"campfire_rested":1,"item_purchase_floors":[27,27,27,39,39,39,41],"current_hp_per_floor":[43,43,43,43,43,43,43,43,43,36,17,14,14,14,14,19,75,67,46,46,30,9,31,16,75,75,75,69,68,68,68,68,31,75,54,45,55,60,60,60,60,60,60,60,60,60,60,70,70,37],"gold":80,"neow_bonus":"TRANSFORM_TWO_CARDS","is_prod":false,"is_daily":false,"chose_seed":false,"campfire_upgraded":7,"win_rate":0,"timestamp":1546785222,"path_taken":["M","?","$","?","?","R","?","M","T","M","M","M","R","M","R","BOSS","M","?","$","M","M","R","?","?","T","?","M","M","M","$","R","BOSS","M","?","?","M","$","R","$","?","T","?","R","?","M","M","R","BOSS"],"build_version":"2019-01-03v4","purchased_purges":1,"victory":true,"max_hp_per_floor":[75,75,75,75,75,75,75,75,75,75,75,75,75,75,75,75,75,75,75,75,75,75,75,75,75,75,75,75,75,75,75,75,75,75,75,75,75,75,75,75,75,75,75,75,75,75,75,75,75,75],"card_choices":[{"not_picked":["Sweeping Beam","Leap","Compile Driver"],"picked":"SKIP","floor":1},{"not_picked":["Barrage","Tempest"],"picked":"Coolheaded","floor":5},{"not_picked":["Force Field","Barrage"],"picked":"Rebound","floor":8},{"not_picked":["Steam","Go for the Eyes"],"picked":"Auto Shields","floor":10},{"not_picked":["Skim","Stack"],"picked":"FTL","floor":11},{"not_picked":["Chaos","Compile Driver"],"picked":"White Noise","floor":12},{"not_picked":["Self Repair","Sweeping Beam"],"picked":"Echo Form","floor":14},{"not_picked":["Biased Cognition","Thunder Strike"],"picked":"All For One","floor":16},{"not_picked":["Barrage","Leap"],"picked":"Hologram","floor":18},{"not_picked":["Beam Cell","Rip and Tear"],"picked":"Gash","floor":21},{"not_picked":["Ball Lightning","Sunder","Darkness"],"picked":"SKIP","floor":22},{"not_picked":["Leap","Aggregate+1"],"picked":"Turbo","floor":24},{"not_picked":["Coolheaded+1","Rainbow"],"picked":"Reinforced Body+1","floor":28},{"not_picked":["Aggregate+1","Static Discharge"],"picked":"Self Repair+1","floor":29},{"not_picked":["White Noise","Leap+1"],"picked":"Gash","floor":30},{"not_picked":["Core Surge","Seek"],"picked":"Creative AI","floor":33},{"not_picked":["Ball Lightning+1","Streamline"],"picked":"Conserve Battery+1","floor":35},{"not_picked":["Auto Shields+1","Fusion+1"],"picked":"White Noise","floor":37},{"not_picked":["Barrage+1","Compile Driver+1"],"picked":"BootSequence+1","floor":38},{"not_picked":["Streamline","BootSequence+1"],"picked":"Conserve Battery+1","floor":47},{"not_picked":["Undo+1","Cold Snap+1"],"picked":"Conserve Battery+1","floor":48}],"player_experience":777385,"relics_obtained":[{"floor":9,"key":"Mummified Hand"},{"floor":26,"key":"Dream Catcher"},{"floor":37,"key":"Gambling Chip"},{"floor":43,"key":"Bottled Flame"},{"floor":46,"key":"Potion Belt"}],"event_choices":[{"damage_healed":0,"gold_gain":0,"player_choice":"Box","damage_taken":0,"relics_obtained":["Happy Flower"],"max_hp_gain":0,"max_hp_loss":0,"event_name":"Big Fish","floor":2,"gold_loss":0,"cards_obtained":["Regret"]},{"cards_removed":["Defend_B"],"damage_healed":0,"gold_gain":0,"player_choice":"Purged","damage_taken":0,"max_hp_gain":0,"max_hp_loss":0,"event_name":"Purifier","floor":4,"gold_loss":0},{"cards_removed":["Defend_B"],"damage_healed":0,"gold_gain":0,"player_choice":"Card Removal","damage_taken":0,"max_hp_gain":0,"max_hp_loss":0,"event_name":"The Cleric","floor":7,"gold_loss":50},{"damage_healed":0,"gold_gain":90,"player_choice":"POTION GOLD ","damage_taken":21,"max_hp_gain":0,"max_hp_loss":0,"event_name":"Knowing Skull","floor":19,"potions_obtained":["Energy Potion"],"gold_loss":0,"cards_obtained":[]},{"damage_healed":59,"gold_gain":0,"player_choice":"Full Heal","damage_taken":0,"max_hp_gain":0,"max_hp_loss":0,"event_name":"Wheel of Change","floor":25,"gold_loss":0},{"damage_healed":0,"gold_gain":0,"player_choice":"Embrace Madness","damage_taken":9,"max_hp_gain":0,"max_hp_loss":0,"event_name":"Winding Halls","floor":36,"gold_loss":0,"cards_obtained":["Madness","Madness"]},{"damage_healed":0,"gold_gain":0,"player_choice":"Fight","damage_taken":0,"max_hp_gain":0,"max_hp_loss":0,"event_name":"MindBloom","floor":37,"gold_loss":0},{"cards_removed":["Melter"],"damage_healed":0,"gold_gain":0,"player_choice":"Removed Attack","damage_taken":0,"max_hp_gain":0,"max_hp_loss":0,"event_name":"Falling","floor":42,"gold_loss":0}],"is_beta":false,"boss_relics":[{"not_picked":["Eternal Feather","Nuclear Battery"],"picked":"Pandora\u0027s Box"},{"not_picked":["Velvet Choker","Black Star"],"picked":"Coffee Dripper"}],"items_purged_floors":[3],"is_endless":false,"potions_floor_spawned":[1,8,10,11,22,24,28,33,37,38,47],"ascension_level":0}