{"gold_per_floor":[361,217,230,244,104,104,104,123,123,139,168,186,186,61,61,61],"floor_reached":16,"playtime":554,"items_purged":["Strike_R","Strike_R","Strike_R"],"score":102,"play_id":"a5d08d62-e5f9-4fef-be7a-d2c99ee8d3a6","local_time":"20181212173455","is_ascension_mode":false,"campfire_choices":[{"data":"Whirlwind","floor":6,"key":"SMITH"},{"floor":15,"key":"RECALL"}],"neow_cost":"TEN_PERCENT_HP_LOSS","seed_source_timestamp":1131807089194236,"circlet_count":0,"master_deck":["Strike_R","Defend_R","Defend_R","Defend_R","Defend_R","Bash","Flame Barrier","Clothesline","Whirlwind+1","Ghostly Armor","Whirlwind","Impervious","Metallicize"],"relics":["Burning Blood","Darkstone Periapt","Mummified Hand"],"potions_floor_usage":[],"damage_taken":[{"damage":5,"enemies":"Small Slimes","floor":1,"turns":4},{"damage":2,"enemies":"Jaw Worm","floor":3,"turns":4},{"damage":13,"enemies":"Cultist","floor":4,"turns":5},{"damage":0,"enemies":"3 Louse","floor":8,"turns":1},{"damage":2,"enemies":"Red Slaver","floor":10,"turns":4},{"damage":29,"enemies":"Gremlin Nob","floor":11,"turns":5},{"damage":0,"enemies":"Gremlin Gang","floor":12,"turns":1},{"damage":40,"enemies":"The Guardian","floor":16,"turns":17}],"seed_played":"6741345087535641664","potions_obtained":[{"floor":1,"key":"SpeedPotion"},{"floor":11,"key":"SkillPotion"},{"floor":12,"key":"SteroidPotion"}],"is_trial":false,"path_per_floor":["M","$","M","M","$","R","?","M","T","M","E","M","?","$","R","B"],"character_chosen":"IRONCLAD","items_purchased":["Flame Barrier","Whirlwind"],"campfire_rested":0,"item_purchase_floors":[2,5],"current_hp_per_floor":[72,72,72,65,65,65,58,64,64,68,45,51,39,39,39,0],"gold":61,"neow_bonus":"TWO_FIFTY_GOLD","is_prod":false,"is_daily":false,"chose_seed":false,"campfire_upgraded":1,"win_rate":0,"timestamp":1544603695,"path_taken":["M","$","M","M","$","R","?","M","T","M","E","M","?","$","R","BOSS"],"build_version":"2018-12-06","purchased_purges":3,"victory":false,"max_hp_per_floor":[72,72,72,72,72,72,72,72,72,72,72,72,72,72,72,72],"card_choices":[{"not_picked":["Fire Breathing","Clash","Pommel Strike"],"picked":"SKIP","floor":1},{"not_picked":["Headbutt","Sword Boomerang","Anger"],"picked":"SKIP","floor":3},{"not_picked":["Heavy Blade","Second Wind"],"picked":"Clothesline","floor":4},{"not_picked":["Shrug It Off","Sword Boomerang"],"picked":"Ghostly Armor","floor":8},{"not_picked":["Dual Wield","Warcry"],"picked":"Whirlwind","floor":10},{"not_picked":["Sword Boomerang","Rage"],"picked":"Impervious","floor":11},{"not_picked":["Flex","Searing Blow"],"picked":"Metallicize","floor":12}],"player_experience":623604,"relics_obtained":[{"floor":11,"key":"Darkstone Periapt"}],"event_choices":[{"cards_removed":["Strike_R"],"damage_healed":0,"gold_gain":0,"player_choice":"Card Removal","damage_taken":7,"max_hp_gain":0,"max_hp_loss":0,"event_name":"Golden Wing","floor":7,"gold_loss":0},{"damage_healed":0,"gold_gain":0,"player_choice":"Success","damage_taken":12,"relics_obtained":["Mummified Hand"],"max_hp_gain":0,"max_hp_loss":0,"event_name":"Scrap Ooze","floor":13,"gold_loss":0}],"is_beta":false,"boss_relics":[],"items_purged_floors":[2,5,14],"is_endless":false,"potions_floor_spawned":[1,11,12],"killed_by":"The Guardian","ascension_level":0}