{"gold_per_floor":[366,41,54,67,80,111,11,11,11,11,31,31,45,70,70,70],"floor_reached":16,"playtime":856,"items_purged":["Defend_R","Defend_R"],"score":114,"play_id":"1e85d377-9b6b-4c67-986f-49713731797c","local_time":"20181010191546","is_ascension_mode":true,"campfire_choices":[{"data":"Armaments","floor":8,"key":"SMITH"},{"data":"Flame Barrier","floor":10,"key":"SMITH"},{"data":"Warcry","floor":15,"key":"SMITH"}],"neow_cost":"TEN_PERCENT_HP_LOSS","seed_source_timestamp":64395887407273,"circlet_count":0,"master_deck":["Strike_R","Strike_R","Strike_R","Strike_R","Strike_R","Defend_R","Defend_R","Bash","Armaments+1","Flame Barrier+1","Headbutt","Cleave","Warcry+1","Iron Wave","Thunderclap"],"relics":["Burning Blood","Letter Opener","Paper Frog","Darkstone Periapt","Golden Idol"],"potions_floor_usage":[3,11,16],"damage_taken":[{"damage":6,"enemies":"Cultist","floor":1,"turns":3},{"damage":7,"enemies":"Small Slimes","floor":3,"turns":3},{"damage":1,"enemies":"Jaw Worm","floor":4,"turns":5},{"damage":13,"enemies":"Large Slime","floor":5,"turns":7},{"damage":27,"enemies":"Gremlin Nob","floor":6,"turns":4},{"damage":9,"enemies":"Red Slaver","floor":11,"turns":4},{"damage":2,"enemies":"3 Louse","floor":13,"turns":3},{"damage":4,"enemies":"2 Fungi Beasts","floor":14,"turns":3},{"damage":30,"enemies":"Slime Boss","floor":16,"turns":8}],"seed_played":"-3848774126737527275","potions_obtained":[{"floor":1,"key":"Fire Potion"},{"floor":5,"key":"Ancient Potion"},{"floor":6,"key":"PowerPotion"}],"is_trial":false,"path_per_floor":["M","$","M","M","M","E","$","R","T","R","M","?","M","M","R"],"character_chosen":"IRONCLAD","items_purchased":["Letter Opener"],"campfire_rested":0,"item_purchase_floors":[2],"current_hp_per_floor":[72,72,71,72,65,44,44,44,44,44,41,23,27,29,29,0],"gold":70,"neow_bonus":"TWO_FIFTY_GOLD","is_prod":false,"is_daily":false,"chose_seed":false,"campfire_upgraded":3,"win_rate":0,"timestamp":1539213346,"path_taken":["M","$","M","M","M","E","$","R","T","R","?","?","?","M","R","BOSS"],"build_version":"2018-10-04v2","purchased_purges":2,"victory":false,"max_hp_per_floor":[72,72,72,72,72,72,72,72,72,72,72,72,72,72,72,72],"card_choices":[{"not_picked":["Rampage","Flex"],"picked":"Armaments","floor":1},{"not_picked":["Ghostly Armor","Feel No Pain"],"picked":"Flame Barrier","floor":3},{"not_picked":["Clothesline","Clash"],"picked":"Headbutt","floor":4},{"not_picked":["Hemokinesis","Havoc"],"picked":"Cleave","floor":5},{"not_picked":["Clothesline","Corruption"],"picked":"Warcry","floor":6},{"not_picked":["Limit Break","Clothesline"],"picked":"Iron Wave","floor":11},{"not_picked":["Disarm","Anger","Clothesline"],"picked":"SKIP","floor":13},{"not_picked":["Havoc","Warcry"],"picked":"Thunderclap","floor":14}],"player_experience":237776,"relics_obtained":[{"floor":6,"key":"Paper Frog"},{"floor":9,"key":"Darkstone Periapt"}],"event_choices":[{"event_name":"Golden Idol","player_choice":"Take Damage","floor":12,"damage_taken":0}],"is_beta":false,"boss_relics":[],"items_purged_floors":[2,7],"is_endless":false,"potions_floor_spawned":[1,5,6],"killed_by":"Slime Boss","ascension_level":2}