{"path_per_floor":["M","$","?","?","M","E","R","E","T","R","E","?","R","?","R","B",null,"M","M","M","$","?","R","?","R","T","?","M","M","M","M","R","B",null,"M","?","M","$","?","R","M","M","T","E","M","?","T","M","R"],"character_chosen":"DEFECT","items_purchased":["Matryoshka","Torii","Heatsinks"],"gold_per_floor":[110,110,285,285,303,332,332,395,395,395,426,426,426,426,426,547,547,565,590,614,71,71,71,71,71,71,71,87,105,118,133,133,228,228,246,246,265,195,0,0,11,26,26,61,72,72,97,109,109,109],"floor_reached":50,"campfire_rested":4,"playtime":3945,"item_purchase_floors":[21,21,38],"current_hp_per_floor":[75,75,75,75,75,75,75,61,61,61,33,33,55,55,69,59,69,56,44,22,22,22,42,42,42,42,42,22,19,17,28,48,29,69,32,60,56,56,56,56,57,60,60,53,57,57,60,60,60,0],"items_purged":[],"gold":109,"score":540,"play_id":"efd3b07c-d238-4a8b-8873-2bf0471bc3bf","local_time":"20180603115320","is_prod":false,"is_daily":false,"chose_seed":false,"is_ascension_mode":false,"campfire_upgraded":5,"win_rate":0.0,"timestamp":1528041200,"campfire_choices":[{"data":"White Noise","floor":7,"key":"SMITH"},{"data":"Zap","floor":10,"key":"SMITH"},{"floor":13,"key":"REST"},{"floor":15,"key":"REST"},{"floor":23,"key":"REST"},{"data":"Loop","floor":25,"key":"SMITH"},{"floor":32,"key":"REST"},{"data":"Creative AI","floor":40,"key":"SMITH"},{"data":"Echo Form","floor":49,"key":"SMITH"}],"path_taken":["M","$","?","?","M","E","R","E","T","R","E","?","R","?","R","BOSS","M","M","M","$","?","R","?","R","T","?","M","M","?","M","R","BOSS","M","?","M","$","?","R","M","M","T","E","M","?","?","M","R","BOSS"],"build_version":"2018-05-31","seed_source_timestamp":484842750882156,"purchased_purges":0,"victory":false,"master_deck":["Zap+1","Dualcast+1","White Noise+1","Doubt","Compile Driver+1","Compile Driver+1","Barrage+1","White Noise+1","Blizzard+1","Echo Form+1","Leap+1","Redo+1","Rebound+1","Barrage+1","Beam Cell+1","Compile Driver+1","Leap+1","Loop+1","Glacier+1","Coolheaded+1","Ball Lightning+1","Coolheaded+1","Self Repair","Self Repair+1","Creative AI+1","Clumsy","Capacitor+1","Consume+1","Heatsinks","White Noise+1","White Noise+1","Melter+1","Force Field+1","Darkness+1"],"max_hp_per_floor":[75,75,75,75,75,75,75,75,75,75,75,75,75,69,69,69,69,69,69,69,69,69,69,69,69,69,69,69,69,69,69,69,69,69,69,60,60,60,60,60,60,60,60,60,60,60,60,60,60,60],"relics":["Cracked Core","NeowsBlessing","Molten Egg 2","Oddly Smooth Stone","Tiny Chest","Toxic Egg 2","Omamori","Bloody Idol","Pandora\u0027s Box","Matryoshka","Torii","Mercury Hourglass","Gremlin Horn","Calling Bell","Gambling Chip","Dodecahedron","Lantern","Red Mask","Bottled Lightning","Pantograph","Sundial","War Paint"],"card_choices":[{"not_picked":["Leap","Coolheaded"],"picked":"White Noise","floor":1},{"not_picked":["Leap","Undo"],"picked":"Compile Driver+1","floor":5},{"not_picked":["Machine Learning","Undo"],"picked":"Compile Driver+1","floor":6},{"not_picked":["Cold Snap+1","Force Field"],"picked":"Barrage+1","floor":8},{"not_picked":["Coolheaded+1","Cold Snap+1"],"picked":"White Noise+1","floor":11},{"not_picked":["Buffer","Biased Cognition"],"picked":"Echo Form","floor":16},{"not_picked":["Doom and Gloom+1","Steam+1"],"picked":"Glacier+1","floor":18},{"not_picked":["Steam Power+1","Rebound+1"],"picked":"Coolheaded+1","floor":19},{"not_picked":["Capacitor","Cold Snap+1"],"picked":"Ball Lightning+1","floor":20},{"not_picked":["Buffer","Compile Driver+1"],"picked":"Coolheaded+1","floor":28},{"not_picked":["BootSequence+1","Streamline+1"],"picked":"Self Repair","floor":29},{"not_picked":["Steam+1","Cold Snap+1"],"picked":"Self Repair+1","floor":30},{"not_picked":["Barrage+1","Compile Driver+1"],"picked":"Beam Cell+1","floor":31},{"not_picked":["Electrodynamics","Buffer"],"picked":"Creative AI","floor":33},{"not_picked":["Skim+1","Fusion+1"],"picked":"Capacitor+1","floor":35},{"not_picked":["Coolheaded+1","Glacier+1"],"picked":"Consume+1","floor":37},{"not_picked":["Cold Snap+1","Loop+1"],"picked":"White Noise+1","floor":41},{"not_picked":["Hello World+1","Leap+1"],"picked":"White Noise+1","floor":42},{"not_picked":["Capacitor","Gash+1"],"picked":"Melter+1","floor":44},{"not_picked":["Conserve Battery+1","Hologram+1"],"picked":"Force Field+1","floor":45},{"not_picked":["Coolheaded+1","Redo+1"],"picked":"Darkness+1","floor":48}],"player_experience":106212,"potions_floor_usage":[16,19,28,33,37,44,48,50],"damage_taken":[{"damage":0,"enemies":"2 Louse","floor":1,"turns":1},{"damage":0,"enemies":"Small Slimes","floor":5,"turns":1},{"damage":0,"enemies":"3 Sentries","floor":6,"turns":1},{"damage":14,"enemies":"Lagavulin","floor":8,"turns":6},{"damage":28,"enemies":"Gremlin Nob","floor":11,"turns":5},{"damage":10,"enemies":"Slime Boss","floor":16,"turns":9},{"damage":13,"enemies":"Chosen","floor":18,"turns":5},{"damage":12,"enemies":"2 Thieves","floor":19,"turns":4},{"damage":22,"enemies":"Snake Plant","floor":20,"turns":4},{"damage":25,"enemies":"3 Cultists","floor":28,"turns":4},{"damage":8,"enemies":"Centurion and Healer","floor":29,"turns":5},{"damage":7,"enemies":"Chosen and Byrds","floor":30,"turns":3},{"damage":22,"enemies":"Slaver and Parasite","floor":31,"turns":6},{"damage":24,"enemies":"Automaton","floor":33,"turns":9},{"damage":59,"enemies":"3 Darklings","floor":35,"turns":5},{"damage":9,"enemies":"Orb Walker","floor":37,"turns":4},{"damage":21,"enemies":"Maw","floor":41,"turns":6},{"damage":11,"enemies":"4 Shapes","floor":42,"turns":2},{"damage":19,"enemies":"2 Orb Walkers","floor":44,"turns":5},{"damage":11,"enemies":"Sphere and 2 Shapes","floor":45,"turns":4},{"damage":19,"enemies":"Maw","floor":48,"turns":10},{"damage":81,"enemies":"Time Eater","floor":50,"turns":6}],"relics_obtained":[{"floor":6,"key":"Oddly Smooth Stone"},{"floor":8,"key":"Tiny Chest"},{"floor":9,"key":"Toxic Egg 2"},{"floor":11,"key":"Omamori"},{"floor":26,"key":"Mercury Hourglass"},{"floor":26,"key":"Gremlin Horn"},{"floor":34,"key":"Gambling Chip"},{"floor":34,"key":"Dodecahedron"},{"floor":34,"key":"Lantern"},{"floor":43,"key":"Bottled Lightning"},{"floor":43,"key":"Pantograph"},{"floor":44,"key":"Sundial"},{"floor":47,"key":"War Paint"}],"event_choices":[{"event_name":"Liars Game","player_choice":"agreed","floor":3,"damage_taken":0},{"event_name":"Accursed Blacksmith","player_choice":"Rummage","floor":4,"damage_taken":0},{"event_name":"Match and Keep!","player_choice":"1 cards matched","floor":12,"damage_taken":0},{"event_name":"Golden Idol","player_choice":"Lose Max HP","floor":14,"damage_taken":0},{"event_name":"Drug Dealer","player_choice":"Ignored","floor":22,"damage_taken":0},{"event_name":"The Lab","player_choice":"Got Potions","floor":24,"damage_taken":0},{"event_name":"Forgotten Altar","player_choice":"Gave Idol","floor":27,"damage_taken":0},{"event_name":"The Moai Head","player_choice":"Heal","floor":36,"damage_taken":0},{"event_name":"Tomb of Lord Red Mask","player_choice":"Paid","floor":39,"damage_taken":0}],"boss_relics":[{"not_picked":["Sozu","Runic Dome"],"picked":"Pandora\u0027s Box"},{"not_picked":["Astrolabe","Runic Pyramid"],"picked":"Calling Bell"}],"items_purged_floors":[],"potions_floor_spawned":[5,11,16,18,19,28,35,41,44,48],"seed_played":"-7483622082418287160","killed_by":"Time Eater","ascension_level":0,"potions_obtained":[{"floor":5,"key":"FairyPotion"},{"floor":11,"key":"Explosive Potion"},{"floor":16,"key":"LiquidBronze"},{"floor":18,"key":"Strength Potion"},{"floor":19,"key":"PowerPotion"},{"floor":24,"key":"FairyPotion"},{"floor":28,"key":"GamblersBrew"},{"floor":35,"key":"Energy Potion"},{"floor":41,"key":"Weak Potion"},{"floor":44,"key":"Fire Potion"},{"floor":48,"key":"PowerPotion"}],"is_trial":false}