{"path_per_floor":["M","?","M","M","?","E","M","E","T","R","?","T","M","?","R","B",null,"M","?","M","?","T","E","R","M","T","R","$","M","E","?","R"],"character_chosen":"IRONCLAD","items_purchased":["Iron Wave","Calipers","War Paint"],"gold_per_floor":[111,286,296,309,309,335,347,380,380,380,401,401,414,364,364,466,466,486,486,497,497,522,850,850,865,917,917,360,375,407,407,407,407],"floor_reached":33,"campfire_rested":2,"playtime":2613,"current_hp_per_floor":[72,72,72,72,72,63,61,62,62,62,60,60,69,69,69,72,72,72,72,72,72,72,24,45,52,52,52,52,60,49,49,70,0],"items_purged":["Normality"],"gold":407,"score":343,"play_id":"2ebc6c30-2993-4f7a-bd53-47dc794a0258","local_time":"20180328085659","is_prod":false,"is_daily":false,"is_ascension_mode":false,"campfire_upgraded":3,"timestamp":1522241819,"path_taken":["M","?","M","?","?","E","M","E","T","R","?","?","M","?","R","BOSS","M","?","M","?","?","E","R","?","T","R","$","M","E","?","R","BOSS"],"build_version":"2018-03-22v2","purchased_purges":1,"victory":false,"master_deck":["Strike_R","Strike_R","Defend_R","Defend_R","Defend_R","Defend_R","Bash","Rage+1","Clash","Rage+1","Shrug It Off","Bash","Cleave","Immolate","Flex+1","Spot Weakness","Juggernaut","Spot Weakness+1","Flame Barrier+1","Armaments+1","Heavy Blade","Ghostly Armor","Flex+1","Iron Wave","Inflame+1"],"max_hp_per_floor":[72,72,72,72,72,72,72,72,72,72,72,72,72,72,72,72,72,72,72,72,72,72,72,72,72,72,72,72,72,72,72,72,72],"relics":["Burning Blood","Thread and Needle","Anchor","Gremlin Horn","Magic Flower","Odd Mushroom","Red Skull","Astrolabe","Bag of Marbles","Bronze Scales","Old Coin","Blood Vial","Calipers","War Paint","Shovel"],"card_choices":[{"not_picked":["Reckless Charge","Pommel Strike"],"picked":"Rage","floor":1},{"not_picked":["Thunderclap","Combust"],"picked":"Clash","floor":3},{"not_picked":["Headbutt","Perfected Strike"],"picked":"Rage","floor":4},{"not_picked":["Clothesline","Perfected Strike"],"picked":"Cleave","floor":6},{"not_picked":["Sword Boomerang","Clothesline"],"picked":"Immolate","floor":7},{"not_picked":["Feel No Pain","Clothesline"],"picked":"Rupture","floor":8},{"not_picked":["Searing Blow","Clash"],"picked":"Flex","floor":11},{"not_picked":["Clash","Shrug It Off"],"picked":"Spot Weakness","floor":13},{"not_picked":["Bludgeon","Fiend Fire"],"picked":"Juggernaut","floor":16},{"not_picked":["Wild Strike","Reckless Charge"],"picked":"Heavy Blade","floor":20},{"not_picked":["Burning Pact","Havoc"],"picked":"Ghostly Armor","floor":23},{"not_picked":["Havoc","Headbutt"],"picked":"Flex","floor":25},{"not_picked":["Body Slam","Perfected Strike"],"picked":"Inflame","floor":29}],"player_experience":40093,"potions_floor_usage":[6,16,18,23,23,30,30],"damage_taken":[{"damage":0,"enemies":"Jaw Worm","floor":1,"turns":4},{"damage":0,"enemies":"Small Slimes","floor":3,"turns":3},{"damage":0,"enemies":"Cultist","floor":4,"turns":5},{"damage":15,"enemies":"Lagavulin","floor":6,"turns":10},{"damage":8,"enemies":"Lots of Slimes","floor":7,"turns":4},{"damage":5,"enemies":"3 Sentries","floor":8,"turns":8},{"damage":11,"enemies":"The Mushroom Lair","floor":11,"turns":5},{"damage":0,"enemies":"2 Fungi Beasts","floor":13,"turns":3},{"damage":0,"enemies":"Slime Boss","floor":16,"turns":9},{"damage":7,"enemies":"2 Thieves","floor":18,"turns":4},{"damage":3,"enemies":"Spheric Guardian","floor":20,"turns":6},{"damage":57,"enemies":"Book of Stabbing","floor":23,"turns":6},{"damage":2,"enemies":"Centurion and Healer","floor":25,"turns":8},{"damage":4,"enemies":"Snake Plant","floor":29,"turns":3},{"damage":42,"enemies":"Slavers","floor":30,"turns":6},{"damage":95,"enemies":"Collector","floor":33,"turns":10}],"event_choices":[{"event_name":"Liars Game","player_choice":"agreed","floor":2,"damage_taken":0},{"event_name":"Match and Keep!","player_choice":"2 cards matched","floor":5,"damage_taken":0},{"event_name":"Mushrooms","player_choice":"Fought Mushrooms","floor":11,"damage_taken":0},{"event_name":"The Cleric","player_choice":"Card Removal","floor":14,"damage_taken":0},{"event_name":"Drug Dealer","player_choice":"Ignored","floor":19,"damage_taken":0},{"event_name":"Accursed Blacksmith","player_choice":"Rummage","floor":21,"damage_taken":0},{"event_name":"Purifier","player_choice":"One Purge","floor":31,"damage_taken":0}],"boss_relics":[{"not_picked":["Question Card","Mark of Pain"],"picked":"Astrolabe"}],"potions_floor_spawned":[1,6,8,16,18,25,29],"seed_played":"6415782010044849019","killed_by":"Collector","ascension_level":0,"is_trial":false}