{"gold_per_floor":[110,126,144,158,333,333,398,427,427,441,441,441,472,485,485,615,615,605,605,629,25,41,74,74,115,115,128,141,66,110,122,134,146],"floor_reached":33,"playtime":1887,"items_purged":["Doubt"],"score":460,"play_id":"5edcfbb9-983c-4bbe-b273-ac9484689600","local_time":"20190130220852","is_ascension_mode":true,"campfire_choices":[{"data":"Zap","floor":6.0,"key":"SMITH"},{"floor":12.0,"key":"REST"},{"floor":15.0,"key":"REST"},{"floor":24.0,"key":"REST"},{"floor":32.0,"key":"REST"}],"neow_cost":"NONE","seed_source_timestamp":2360939788021679,"circlet_count":0,"master_deck":["Defend_B","Defend_B","Defend_B","Defend_B","Zap+1","Dualcast","Forethought","Glacier","Ball Lightning","BootSequence","Defragment","Tempest","Leap","Cold Snap","Loop","Machine Learning","Coolheaded","Capacitor","Electrodynamics","Aggregate","Bite","Bite","Bite","Bite","Bite","Seek","White Noise","Static Discharge","Stack+1","Rainbow","Heatsinks","Redo+1","Doom and Gloom+1","Glacier","Double Energy+1"],"special_seed":0,"relics":["Cracked Core","Question Card","FossilizedHelix","Prayer Wheel","Golden Idol","Meat on the Bone","Fusion Hammer","Darkstone Periapt","Blue Candle","Strawberry","Ornamental Fan","Pantograph","MawBank","Centennial Puzzle"],"potions_floor_usage":[],"damage_taken":[{"damage":0.0,"enemies":"Small Slimes","floor":1.0,"turns":3.0},{"damage":9.0,"enemies":"2 Louse","floor":2.0,"turns":2.0},{"damage":7.0,"enemies":"Jaw Worm","floor":3.0,"turns":3.0},{"damage":3.0,"enemies":"2 Fungi Beasts","floor":4.0,"turns":3.0},{"damage":17.0,"enemies":"Gremlin Nob","floor":7.0,"turns":5.0},{"damage":31.0,"enemies":"Lagavulin","floor":8.0,"turns":6.0},{"damage":0.0,"enemies":"Large Slime","floor":10.0,"turns":4.0},{"damage":0.0,"enemies":"Gremlin Nob","floor":13.0,"turns":4.0},{"damage":8.0,"enemies":"Gremlin Gang","floor":14.0,"turns":4.0},{"damage":7.0,"enemies":"The Guardian","floor":16.0,"turns":13.0},{"damage":11.0,"enemies":"2 Thieves","floor":18.0,"turns":5.0},{"damage":0.0,"enemies":"Chosen","floor":20.0,"turns":4.0},{"damage":8.0,"enemies":"Snake Plant","floor":22.0,"turns":4.0},{"damage":37.0,"enemies":"Gremlin Leader","floor":23.0,"turns":7.0},{"damage":21.0,"enemies":"Slavers","floor":25.0,"turns":4.0},{"damage":22.0,"enemies":"Centurion and Healer","floor":27.0,"turns":5.0},{"damage":25.0,"enemies":"Chosen and Byrds","floor":28.0,"turns":6.0},{"damage":10.0,"enemies":"Book of Stabbing","floor":30.0,"turns":7.0},{"damage":57,"enemies":"Collector","floor":33,"turns":6}],"seed_played":"-7193192256298217658","potions_obtained":[{"floor":2.0,"key":"FearPotion"},{"floor":8.0,"key":"Poison Potion"},{"floor":10.0,"key":"Energy Potion"},{"floor":20.0,"key":"PowerPotion"},{"floor":25.0,"key":"Fire Potion"},{"floor":28.0,"key":"Ancient Potion"}],"is_trial":false,"path_per_floor":["M","M","M","M","?","R","?","E","T","M","?","R","E","M","R","B",null,"M","?","M","$","M","E","R","E","T","M","M","$","E","?","R","B"],"character_chosen":"DEFECT","items_purchased":["White Noise","Darkstone Periapt","Blue Candle","Static Discharge"],"campfire_rested":4,"item_purchase_floors":[21,21,21,21],"current_hp_per_floor":[75,66,59,56,56,56,39,8,8,8,8,28,28,32,52,45,69,58,48,48,48,42,38,54,34,34,32,25,25,37,37,53,0],"gold":146,"neow_bonus":"RANDOM_COLORLESS","is_prod":false,"is_daily":false,"chose_seed":false,"campfire_upgraded":1,"win_rate":0,"timestamp":1548882532,"path_taken":["M","M","M","M","?","R","?","E","T","M","?","R","E","M","R","BOSS","M","?","M","$","M","E","R","E","T","M","M","$","E","?","R","BOSS"],"build_version":"2019-01-23","purchased_purges":1,"victory":false,"max_hp_per_floor":[75,75,75,75,75,75,75,75,75,75,69,69,69,69,69,69,69,69,48,48,48,48,55,55,55,55,55,55,55,55,55,55,55],"card_choices":[{"not_picked":["Force Field","Sweeping Beam"],"picked":"Glacier","floor":1.0},{"not_picked":["Undo","Stack"],"picked":"Ball Lightning","floor":2.0},{"not_picked":["Barrage","Genetic Algorithm"],"picked":"BootSequence","floor":3.0},{"not_picked":["Doom and Gloom","Echo Form"],"picked":"Defragment","floor":4.0},{"not_picked":["Sweeping Beam","Auto Shields"],"picked":"Tempest","floor":7.0},{"not_picked":["Recycle","Compile Driver","Undo"],"picked":"Leap","floor":8.0},{"not_picked":["Rebound","Stack","Conserve Battery"],"picked":"Cold Snap","floor":10.0},{"not_picked":["Coolheaded","Sweeping Beam","Leap"],"picked":"Loop","floor":10.0},{"not_picked":["White Noise","Doom and Gloom","Glacier"],"picked":"Machine Learning","floor":13.0},{"not_picked":["BootSequence","Barrage","Compile Driver"],"picked":"Coolheaded","floor":14.0},{"not_picked":["Coolheaded","Cold Snap","White Noise"],"picked":"Capacitor","floor":14.0},{"not_picked":["Rainbow","Core Surge","Thunder Strike"],"picked":"Electrodynamics","floor":16.0},{"not_picked":["Conserve Battery","Reinforced Body","Coolheaded"],"picked":"Aggregate","floor":18.0},{"not_picked":["Cold Snap","Coolheaded","Turbo","Double Energy+1"],"picked":"SKIP","floor":18.0},{"not_picked":["Genetic Algorithm+1","Stack","Go for the Eyes"],"picked":"Seek","floor":20.0},{"not_picked":["BootSequence+1","Streamline","Beam Cell","Hello World"],"picked":"SKIP","floor":20.0},{"not_picked":["Undo","Streamline+1","Steam+1"],"picked":"Stack+1","floor":22.0},{"not_picked":["Conserve Battery","Aggregate","Redo","Turbo"],"picked":"SKIP","floor":22.0},{"not_picked":["Hologram","Conserve Battery","Sweeping Beam"],"picked":"Rainbow","floor":23.0},{"not_picked":["Electrodynamics","Static Discharge+1","Barrage"],"picked":"Heatsinks","floor":25.0},{"not_picked":["Glacier+1","Hologram","Rip and Tear"],"picked":"Redo+1","floor":27.0},{"not_picked":["Go for the Eyes","Compile Driver","Force Field"],"picked":"Doom and Gloom+1","floor":27.0},{"not_picked":["Gash+1","Undo","Reinforced Body"],"picked":"Glacier","floor":28.0},{"not_picked":["Turbo","Doom and Gloom","Beam Cell"],"picked":"Double Energy+1","floor":28.0},{"not_picked":["Force Field","Electrodynamics","Reinforced Body","Rebound+1"],"picked":"SKIP","floor":30.0}],"player_experience":279217,"relics_obtained":[{"floor":7.0,"key":"Question Card"},{"floor":8.0,"key":"FossilizedHelix"},{"floor":9.0,"key":"Prayer Wheel"},{"floor":13.0,"key":"Meat on the Bone"},{"floor":23.0,"key":"Strawberry"},{"floor":25.0,"key":"Ornamental Fan"},{"floor":26.0,"key":"Pantograph"},{"floor":30.0,"key":"MawBank"}],"event_choices":[{"damage_healed":0.0,"max_hp_gain":0.0,"max_hp_loss":0.0,"gold_gain":175.0,"event_name":"Liars Game","player_choice":"AGREE","floor":5.0,"gold_loss":0.0,"damage_taken":0.0,"cards_obtained":["Doubt"]},{"damage_healed":0.0,"max_hp_gain":0.0,"max_hp_loss":0.0,"gold_gain":0.0,"event_name":"Dead Adventurer","player_choice":"Searched \u00271\u0027 times","floor":7.0,"gold_loss":0.0,"damage_taken":0.0},{"damage_healed":0.0,"max_hp_gain":0.0,"max_hp_loss":6.0,"gold_gain":0.0,"event_name":"Golden Idol","player_choice":"Lose Max HP","floor":11.0,"gold_loss":0.0,"damage_taken":0.0,"relics_obtained":["Golden Idol"]},{"damage_healed":0.0,"max_hp_gain":0.0,"max_hp_loss":21.0,"gold_gain":0.0,"event_name":"Vampires","player_choice":"Became a vampire","floor":19.0,"gold_loss":0.0,"damage_taken":0.0,"cards_obtained":["Bite","Bite","Bite","Bite","Bite"]},{"damage_healed":0.0,"max_hp_gain":0.0,"max_hp_loss":0.0,"gold_gain":0.0,"event_name":"The Mausoleum","player_choice":"Opened","floor":31.0,"gold_loss":0.0,"damage_taken":0.0,"relics_obtained":["Centennial Puzzle"]}],"is_beta":false,"boss_relics":[{"not_picked":["Astrolabe","Eternal Feather"],"picked":"Fusion Hammer"}],"items_purged_floors":[29],"is_endless":false,"potions_floor_spawned":[2,8,10,13,20,22,25,28],"killed_by":"Collector","ascension_level":4}