{"gold_per_floor":[119,42,42,55,72,72,97,110,110,129,129,54,77,117,117,117],"floor_reached":16,"playtime":599,"items_purged":["Injury"],"score":176,"play_id":"435ac50e-be3f-4cfe-960f-cae89d165716","local_time":"20181227180852","is_ascension_mode":true,"campfire_choices":[{"data":"Zap","floor":6,"key":"SMITH"},{"data":"Defragment","floor":15,"key":"SMITH"}],"neow_cost":"NONE","seed_source_timestamp":1341435412815,"circlet_count":0,"master_deck":["AscendersBane","Strike_B","Strike_B","Strike_B","Strike_B","Defend_B","Defend_B","Defend_B","Defend_B","Zap+1","Dualcast","BootSequence","Defragment+1","Genetic Algorithm","Conserve Battery","Chill","Cold Snap","Buffer+1","Coolheaded+1"],"relics":["Cracked Core","Frozen Egg 2","Toxic Egg 2","Golden Idol","Regal Pillow"],"potions_floor_usage":[14,14],"damage_taken":[{"damage":0,"enemies":"Jaw Worm","floor":1,"turns":3},{"damage":13,"enemies":"2 Louse","floor":4,"turns":4},{"damage":1,"enemies":"Cultist","floor":5,"turns":4},{"damage":37,"enemies":"Lagavulin","floor":7,"turns":7},{"damage":4,"enemies":"Looter","floor":8,"turns":4},{"damage":0,"enemies":"Lots of Slimes","floor":10,"turns":7},{"damage":3,"enemies":"3 Sentries","floor":14,"turns":11},{"damage":26,"enemies":"Hexaghost","floor":16,"turns":11}],"seed_played":"-854296496136701653","potions_obtained":[{"floor":5,"key":"PowerPotion"},{"floor":8,"key":"Regen Potion"}],"is_trial":false,"path_per_floor":["M","$","?","M","M","R","E","M","T","M","?","$","T","E","R","B"],"character_chosen":"DEFECT","items_purchased":["Genetic Algorithm"],"campfire_rested":0,"item_purchase_floors":[2],"current_hp_per_floor":[68,68,68,55,54,54,17,13,13,13,13,13,13,25,25,0],"gold":117,"neow_bonus":"THREE_CARDS","is_prod":false,"is_daily":false,"chose_seed":false,"campfire_upgraded":2,"win_rate":0,"timestamp":1545952132,"path_taken":["M","$","?","M","M","R","E","M","T","M","?","$","?","E","R","BOSS"],"build_version":"2018-12-20","purchased_purges":1,"victory":false,"max_hp_per_floor":[75,75,75,75,75,75,75,75,75,75,75,75,75,75,75,75],"card_choices":[{"not_picked":["Barrage","Redo"],"picked":"BootSequence","floor":0},{"not_picked":["Cold Snap","Heatsinks"],"picked":"Defragment","floor":1},{"not_picked":["Reprogram","Beam Cell","Leap"],"picked":"SKIP","floor":4},{"not_picked":["Redo","Barrage"],"picked":"Conserve Battery","floor":5},{"not_picked":["Static Discharge","Go for the Eyes"],"picked":"Chill","floor":7},{"not_picked":["Steam","Turbo"],"picked":"Cold Snap","floor":8},{"not_picked":["Beam Cell","Undo+1"],"picked":"Buffer+1","floor":10},{"not_picked":["Lockon","Barrage"],"picked":"Coolheaded+1","floor":14}],"player_experience":411554,"relics_obtained":[{"floor":7,"key":"Frozen Egg 2"},{"floor":9,"key":"Toxic Egg 2"},{"floor":14,"key":"Regal Pillow"}],"event_choices":[{"damage_healed":0,"gold_gain":0,"player_choice":"Leave","damage_taken":0,"max_hp_gain":0,"max_hp_loss":0,"event_name":"The Cleric","floor":3,"gold_loss":0},{"damage_healed":0,"gold_gain":0,"player_choice":"Take Wound","damage_taken":0,"relics_obtained":["Golden Idol"],"max_hp_gain":0,"max_hp_loss":0,"event_name":"Golden Idol","floor":11,"gold_loss":0,"cards_obtained":["Injury"]}],"is_beta":false,"boss_relics":[],"items_purged_floors":[12],"is_endless":false,"potions_floor_spawned":[5,8],"killed_by":"Hexaghost","ascension_level":12}