{"gold_per_floor":[115,134,134,59,73,99,114,114,114,114,114,14,14,29,29,134,134,147,164,39,52,52],"floor_reached":22,"playtime":1541,"items_purged":["Defend_G","Defend_G","Defend_G"],"score":214,"play_id":"2c376d95-1c45-46dd-9738-810f2f1d524e","local_time":"20181019223552","is_ascension_mode":true,"campfire_choices":[{"floor":8,"key":"REST"},{"data":"Flying Knee","floor":11,"key":"SMITH"},{"data":"Night Terror","floor":13,"key":"SMITH"},{"data":"Neutralize","floor":15,"key":"SMITH"}],"neow_cost":"NONE","seed_source_timestamp":853325615692186,"circlet_count":0,"master_deck":["Defend_G","Defend_G","Strike_G","Survivor","Neutralize+1","Noxious Fumes+1","Setup+1","Bullet Time+1","Flying Knee+1","Dodge and Roll","Night Terror+1","After Image","Bouncing Flask"],"relics":["Astrolabe","Lantern","Centennial Puzzle","Snecko Eye"],"potions_floor_usage":[6,6,6,16,22,22],"damage_taken":[{"damage":0,"enemies":"Small Slimes","floor":1,"turns":6},{"damage":4,"enemies":"Cultist","floor":2,"turns":6},{"damage":4,"enemies":"Jaw Worm","floor":5,"turns":5},{"damage":18,"enemies":"3 Sentries","floor":6,"turns":8},{"damage":5,"enemies":"Looter","floor":7,"turns":5},{"damage":6,"enemies":"2 Fungi Beasts","floor":14,"turns":4},{"damage":12,"enemies":"Hexaghost","floor":16,"turns":11},{"damage":0,"enemies":"Spheric Guardian","floor":18,"turns":5},{"damage":0,"enemies":"Chosen","floor":19,"turns":4},{"damage":14,"enemies":"Centurion and Healer","floor":21,"turns":5},{"damage":15,"enemies":"Colosseum Slavers","floor":22,"turns":4},{"damage":68,"enemies":"Colosseum Nobs","floor":22,"turns":3}],"seed_played":"-5607421446289919243","potions_obtained":[{"floor":2,"key":"EntropicBrew"},{"floor":5,"key":"Strength Potion"},{"floor":21,"key":"AttackPotion"}],"is_trial":false,"path_per_floor":["M","M","?","$","M","E","M","R","T","?","R","$","R","M","R","B",null,"M","M","$","M"],"character_chosen":"THE_SILENT","items_purchased":[],"campfire_rested":1,"item_purchase_floors":[],"current_hp_per_floor":[70,66,66,66,62,44,39,60,60,65,65,65,65,59,59,47,75,75,75,75,61,0],"gold":52,"neow_bonus":"BOSS_RELIC","is_prod":false,"is_daily":false,"chose_seed":false,"campfire_upgraded":3,"win_rate":0,"timestamp":1540002952,"path_taken":["M","M","?","$","M","E","M","R","T","?","R","$","R","M","R","BOSS","M","M","$","M","?"],"build_version":"2018-10-18","purchased_purges":3,"victory":false,"max_hp_per_floor":[70,70,70,70,70,70,70,70,70,75,75,75,75,75,75,75,75,75,75,75,75,75],"card_choices":[{"not_picked":["Bane","Blade Dance","Underhanded Strike"],"picked":"SKIP","floor":1},{"not_picked":["Infinite Blades","Cloak And Dagger"],"picked":"Flying Knee","floor":2},{"not_picked":["Slice","Eviscerate"],"picked":"Dodge and Roll","floor":5},{"not_picked":["Sucker Punch","Cloak And Dagger"],"picked":"Night Terror","floor":6},{"not_picked":["PiercingWail","Accuracy","Slice"],"picked":"SKIP","floor":7},{"not_picked":["Deflect","Bane","Sucker Punch"],"picked":"SKIP","floor":14},{"not_picked":["Bullet Time","Doppelganger"],"picked":"After Image","floor":16},{"not_picked":["Predator","Distraction"],"picked":"Bouncing Flask","floor":18},{"not_picked":["Well Laid Plans","Dagger Throw","Outmaneuver"],"picked":"SKIP","floor":19},{"not_picked":["Bane","Dodge and Roll","Reflex"],"picked":"SKIP","floor":21}],"player_experience":329760,"relics_obtained":[{"floor":6,"key":"Lantern"},{"floor":9,"key":"Centennial Puzzle"}],"event_choices":[{"cards_removed":["Strike_G"],"damage_healed":0,"gold_gain":0,"player_choice":"Forget","damage_taken":0,"max_hp_gain":0,"max_hp_loss":0,"event_name":"Living Wall","floor":3,"gold_loss":0},{"damage_healed":0,"gold_gain":0,"player_choice":"Donut","damage_taken":0,"max_hp_gain":5,"max_hp_loss":0,"event_name":"Big Fish","floor":10,"gold_loss":0},{"damage_healed":0,"gold_gain":0,"player_choice":"Fight","damage_taken":0,"max_hp_gain":0,"max_hp_loss":0,"event_name":"Colosseum","floor":22,"gold_loss":0},{"damage_healed":0,"gold_gain":0,"player_choice":"Fought Nobs","damage_taken":0,"max_hp_gain":0,"max_hp_loss":0,"event_name":"Colosseum","floor":22,"gold_loss":0}],"is_beta":false,"boss_relics":[{"not_picked":["Lizard Tail","WristBlade"],"picked":"Snecko Eye"}],"items_purged_floors":[4,12,20],"is_endless":false,"potions_floor_spawned":[2,5,21],"killed_by":"Colosseum Nobs","ascension_level":3}