{"gold_per_floor":[118,118,10,26,26,60,71,71,119,119,129,129,129,129,129,232,232,242,276,287,301,301,301,329,342,369,382,412,412,447,464,464,565,565,575,196,215,229,229,229,252,252,331,259,259,259,284,295,295,295],"floor_reached":51,"playtime":5485,"items_purged":[],"score":758,"play_id":"78b1b4d6-f762-4312-8fcf-95c37b073b44","local_time":"20190107010723","is_ascension_mode":false,"campfire_choices":[{"data":"Storm","floor":10,"key":"SMITH"},{"data":"Coolheaded","floor":13,"key":"SMITH"},{"data":"Self Repair","floor":15,"key":"SMITH"},{"data":"Biased Cognition","floor":23,"key":"SMITH"},{"data":"Loop","floor":29,"key":"SMITH"},{"floor":32,"key":"REST"},{"data":"Echo Form","floor":40,"key":"SMITH"},{"data":"Go for the Eyes","floor":42,"key":"SMITH"},{"data":"Capacitor","floor":45,"key":"SMITH"},{"data":"Ball Lightning","floor":49,"key":"SMITH"}],"neow_cost":"NONE","seed_source_timestamp":1353185843065707,"circlet_count":0,"master_deck":["Strike_B","Defend_B","Defend_B","Defend_B","Defend_B","Zap+1","Dualcast+1","Storm+1","Coolheaded+1","Self Repair+1","Darkness+1","Reinforced Body+1","Redo+1","Parasite","Biased Cognition","Aggregate+1","BootSequence+1","Sweeping Beam+1","Ball Lightning+1","Glacier+1","Ball Lightning+1","Hologram+1","Biased Cognition+1","White Noise+1","Glacier+1","Loop+1","Coolheaded+1","Go for the Eyes+1","Chill+1","Echo Form+1","FTL+1","Redo+1","Capacitor+1","Cold Snap+1","Master of Strategy+1","White Noise+1","Go for the Eyes+1","Cold Snap+1"],"relics":["Cracked Core","NeowsBlessing","Juzu Bracelet","Gremlin Horn","Toxic Egg 2","Vajra","Astrolabe","Red Mask","Strawberry","Boot","Dodecahedron","Dream Catcher","Runic Pyramid","Happy Flower","Tiny Chest","Bronze Scales","Bottled Lightning","Nunchaku"],"potions_floor_usage":[16,24,24,47],"damage_taken":[{"damage":0,"enemies":"Small Slimes","floor":1,"turns":1},{"damage":0,"enemies":"Jaw Worm","floor":4,"turns":1},{"damage":0,"enemies":"3 Sentries","floor":6,"turns":1},{"damage":0,"enemies":"Cultist","floor":7,"turns":4},{"damage":4,"enemies":"3 Louse","floor":11,"turns":3},{"damage":20,"enemies":"The Guardian","floor":16,"turns":9},{"damage":10,"enemies":"2 Thieves","floor":18,"turns":4},{"damage":39,"enemies":"Masked Bandits","floor":19,"turns":5},{"damage":0,"enemies":"3 Byrds","floor":20,"turns":4},{"damage":0,"enemies":"Snake Plant","floor":21,"turns":3},{"damage":22,"enemies":"Slavers","floor":24,"turns":3},{"damage":16,"enemies":"Shelled Parasite and Fungi","floor":25,"turns":4},{"damage":0,"enemies":"Snecko","floor":27,"turns":4},{"damage":11,"enemies":"Book of Stabbing","floor":28,"turns":4},{"damage":3,"enemies":"Gremlin Leader","floor":30,"turns":3},{"damage":0,"enemies":"Snake Plant","floor":31,"turns":2},{"damage":31,"enemies":"Collector","floor":33,"turns":10},{"damage":0,"enemies":"3 Shapes","floor":35,"turns":4},{"damage":0,"enemies":"3 Darklings","floor":37,"turns":3},{"damage":0,"enemies":"4 Shapes","floor":38,"turns":2},{"damage":0,"enemies":"Nemesis","floor":47,"turns":5},{"damage":0,"enemies":"Sphere and 2 Shapes","floor":48,"turns":4},{"damage":32,"enemies":"Awakened One","floor":50,"turns":9}],"seed_played":"-5514031035362809598","potions_obtained":[{"floor":7,"key":"AttackPotion"},{"floor":11,"key":"Weak Potion"},{"floor":18,"key":"Dexterity Potion"},{"floor":20,"key":"Energy Potion"},{"floor":24,"key":"Dexterity Potion"},{"floor":25,"key":"Energy Potion"},{"floor":35,"key":"EssenceOfSteel"},{"floor":37,"key":"SkillPotion"},{"floor":48,"key":"PowerPotion"}],"is_trial":false,"path_per_floor":["M","?","$","M","T","E","M","?","T","R","M","?","R","?","R","B",null,"M","?","M","M","?","R","E","M","T","M","E","R","E","M","R","B",null,"M","$","M","M","?","R","T","R","T","$","R","$","E","M","R","B",null],"character_chosen":"DEFECT","items_purchased":["Coolheaded","Self Repair","Redo+1","Capacitor","Happy Flower","Tiny Chest","White Noise+1"],"campfire_rested":1,"item_purchase_floors":[3,3,36,36,36,36,44],"current_hp_per_floor":[75,57,57,57,57,57,64,49,49,49,52,52,52,70,70,60,75,75,46,56,56,56,56,51,45,45,55,44,44,41,51,75,54,82,82,82,82,82,82,82,82,82,82,82,82,82,82,82,82,60],"gold":295,"neow_bonus":"THREE_ENEMY_KILL","is_prod":false,"is_daily":false,"chose_seed":false,"campfire_upgraded":9,"win_rate":0.0,"timestamp":1546841243,"path_taken":["M","?","$","M","?","E","M","?","T","R","M","?","R","?","R","BOSS","M","?","M","M","?","R","E","M","T","M","E","R","E","M","R","BOSS","M","$","M","M","?","R","?","R","T","$","R","$","E","M","R","BOSS"],"build_version":"2019-01-03v4","purchased_purges":0,"victory":true,"max_hp_per_floor":[75,75,75,75,75,75,75,75,75,75,75,75,75,75,75,75,75,75,75,75,75,75,75,82,82,82,82,82,82,82,82,82,82,82,82,82,82,82,82,82,82,82,82,82,82,82,82,82,82,82],"card_choices":[{"not_picked":["Rebound","Reprogram"],"picked":"Storm","floor":1},{"not_picked":["Chaos","Compile Driver","Skim"],"picked":"SKIP","floor":4},{"not_picked":["Storm","Gash"],"picked":"Darkness","floor":6},{"not_picked":["Sweeping Beam","Steam+1"],"picked":"Reinforced Body+1","floor":7},{"not_picked":["Leap+1","Sweeping Beam"],"picked":"Redo+1","floor":11},{"not_picked":["Reboot+1","All For One"],"picked":"Biased Cognition","floor":16},{"not_picked":["Skim+1","Scrape"],"picked":"Ball Lightning+1","floor":18},{"not_picked":["Redo+1","Go for the Eyes"],"picked":"Glacier+1","floor":19},{"not_picked":["Stack+1","Rebound"],"picked":"Ball Lightning","floor":20},{"not_picked":["Go for the Eyes","Steam+1"],"picked":"Hologram+1","floor":21},{"not_picked":["Doom and Gloom","Rebound"],"picked":"White Noise+1","floor":24},{"not_picked":["Steam+1","Redo+1"],"picked":"Glacier+1","floor":25},{"not_picked":["Compile Driver","Double Energy+1","Rainbow+1"],"picked":"SKIP","floor":27},{"not_picked":["Heatsinks","Hello World"],"picked":"Loop","floor":28},{"not_picked":["Steam Power+1","Auto Shields+1"],"picked":"Coolheaded+1","floor":30},{"not_picked":["Gash+1","Skim+1"],"picked":"Go for the Eyes","floor":31},{"not_picked":["Double Energy+1","Lockon+1"],"picked":"Chill+1","floor":32},{"not_picked":["Amplify+1","Reboot+1"],"picked":"Echo Form","floor":33},{"not_picked":["Go for the Eyes+1","BootSequence+1"],"picked":"FTL+1","floor":35},{"not_picked":["Beam Cell+1","Tempest+1","Rebound+1"],"picked":"SKIP","floor":37},{"not_picked":["Darkness+1","Blizzard+1"],"picked":"Cold Snap+1","floor":38},{"not_picked":["Bandage Up+1","Deep Breath+1"],"picked":"Master of Strategy+1","floor":39},{"not_picked":["Redo+1","Ball Lightning"],"picked":"Go for the Eyes+1","floor":47},{"not_picked":["Multi-Cast+1","Tempest+1"],"picked":"Cold Snap+1","floor":48}],"player_experience":44337,"relics_obtained":[{"floor":5,"key":"Gremlin Horn"},{"floor":6,"key":"Toxic Egg 2"},{"floor":9,"key":"Vajra"},{"floor":19,"key":"Red Mask"},{"floor":24,"key":"Strawberry"},{"floor":26,"key":"Boot"},{"floor":28,"key":"Dodecahedron"},{"floor":30,"key":"Dream Catcher"},{"floor":41,"key":"Bronze Scales"},{"floor":43,"key":"Bottled Lightning"},{"floor":47,"key":"Nunchaku"}],"event_choices":[{"damage_healed":0,"gold_gain":0,"player_choice":"Success","damage_taken":18,"relics_obtained":["Juzu Bracelet"],"max_hp_gain":0,"max_hp_loss":0,"event_name":"Scrap Ooze","floor":2,"gold_loss":0},{"damage_healed":0,"gold_gain":0,"player_choice":"Entered Light","damage_taken":15,"max_hp_gain":0,"max_hp_loss":0,"event_name":"Shining Light","floor":8,"gold_loss":0,"cards_upgraded":["Strike_B","Zap"]},{"damage_healed":0,"gold_gain":0,"player_choice":"Grow","damage_taken":0,"max_hp_gain":0,"max_hp_loss":0,"event_name":"Living Wall","floor":12,"gold_loss":0,"cards_upgraded":["Dualcast"]},{"damage_healed":18,"gold_gain":0,"player_choice":"Healed and dodged fight","damage_taken":0,"max_hp_gain":0,"max_hp_loss":0,"event_name":"Mushrooms","floor":14,"gold_loss":0,"cards_obtained":["Parasite"]},{"damage_healed":0,"gold_gain":0,"player_choice":"Fought Bandits","damage_taken":0,"max_hp_gain":0,"max_hp_loss":0,"event_name":"Masked Bandits","floor":19,"gold_loss":0},{"damage_healed":0,"gold_gain":0,"player_choice":"Read","damage_taken":0,"max_hp_gain":0,"max_hp_loss":0,"event_name":"The Library","floor":22,"gold_loss":0,"cards_obtained":["Biased Cognition"]},{"damage_healed":0,"gold_gain":0,"player_choice":"Memory 1","damage_taken":0,"max_hp_gain":0,"max_hp_loss":0,"event_name":"SensoryStone","floor":39,"gold_loss":0}],"is_beta":false,"boss_relics":[{"not_picked":["Cursed Key","Fusion Hammer"],"picked":"Astrolabe"},{"not_picked":["Coffee Dripper","Lizard Tail"],"picked":"Runic Pyramid"}],"items_purged_floors":[],"is_endless":false,"potions_floor_spawned":[7,11,18,20,24,25,27,35,37,48],"ascension_level":0}