{"path_per_floor":["M","?","M","M","T","R","M","?","T","R","M","M","R","M","R","B",null,"M","M","$"],"character_chosen":"THE_SILENT","items_purchased":["Dream Catcher","After Image","Leg Sweep","Backflip"],"gold_per_floor":[117,117,131,146,172,172,185,285,310,310,327,346,346,358,358,462,462,479,491,82,82],"floor_reached":21,"campfire_rested":2,"playtime":3481,"item_purchase_floors":[20,20,20,20],"current_hp_per_floor":[65,65,65,59,59,70,66,66,66,66,60,59,59,54,70,49,70,59,41,41,0],"items_purged":[],"gold":82,"score":173,"play_id":"5c3f7d44-070d-478c-ba44-76cf0313ec2d","local_time":"20180622001658","is_prod":false,"is_daily":false,"chose_seed":false,"is_ascension_mode":false,"campfire_upgraded":2,"win_rate":0.0,"timestamp":1529651818,"campfire_choices":[{"floor":6,"key":"REST"},{"data":"Caltrops","floor":10,"key":"SMITH"},{"data":"Neutralize","floor":13,"key":"SMITH"},{"floor":15,"key":"REST"}],"path_taken":["M","?","?","M","?","R","M","?","T","R","M","M","R","M","R","BOSS","M","M","$","M"],"build_version":"2018-06-21","seed_source_timestamp":10853745836556,"purchased_purges":0,"circlet_count":0,"victory":false,"master_deck":["Defend_G","Defend_G","Defend_G","Defend_G","Defend_G","Strike_G","Strike_G","Strike_G","Strike_G","Strike_G","Survivor","Neutralize+1","Caltrops+1","Underhanded Strike","Dagger Spray","Dodge and Roll","Deadly Poison","Deflect","Dagger Spray","A Thousand Cuts","Terror","Quick Slash","Riddle With Holes","Leg Sweep","Choke","Dagger Throw+1","Well Laid Plans+1","After Image","Leg Sweep","Backflip"],"max_hp_per_floor":[70,70,70,70,70,70,70,70,70,70,70,70,70,70,70,70,70,70,70,70,70],"relics":["Ring of the Snake","Bag of Marbles","Lantern","Orrery","Dream Catcher"],"card_choices":[{"not_picked":["Dagger Spray","Malaise"],"picked":"Caltrops","floor":1},{"not_picked":["Predator","Caltrops"],"picked":"Underhanded Strike","floor":3},{"not_picked":["Underhanded Strike","Poisoned Stab"],"picked":"Dagger Spray","floor":4},{"not_picked":["Masterful Stab","Crippling Poison"],"picked":"Dodge and Roll","floor":7},{"not_picked":["PiercingWail","Underhanded Strike"],"picked":"Deadly Poison","floor":11},{"not_picked":["Dagger Throw","Finisher"],"picked":"Deflect","floor":12},{"not_picked":["Caltrops","Sucker Punch"],"picked":"Dagger Spray","floor":14},{"not_picked":["Glass Knife","Die Die Die"],"picked":"A Thousand Cuts","floor":16},{"not_picked":["Dodge and Roll","Slice"],"picked":"Terror","floor":17},{"not_picked":["Caltrops","Prepared"],"picked":"Quick Slash","floor":17},{"not_picked":["Poisoned Stab","Sucker Punch"],"picked":"Riddle With Holes","floor":17},{"not_picked":["Reflex","Poisoned Stab"],"picked":"Leg Sweep","floor":17},{"not_picked":["Deadly Poison","Caltrops"],"picked":"Choke","floor":17},{"not_picked":["Flechettes+1","Flying Knee"],"picked":"Dagger Throw+1","floor":18},{"not_picked":["Underhanded Strike+1","Terror"],"picked":"Well Laid Plans+1","floor":19}],"player_experience":1996,"potions_floor_usage":[16,16,19,21],"damage_taken":[{"damage":5,"enemies":"Small Slimes","floor":1,"turns":5},{"damage":0,"enemies":"Jaw Worm","floor":3,"turns":4},{"damage":6,"enemies":"Cultist","floor":4,"turns":4},{"damage":4,"enemies":"Exordium Thugs","floor":7,"turns":5},{"damage":6,"enemies":"Large Slime","floor":11,"turns":6},{"damage":1,"enemies":"2 Fungi Beasts","floor":12,"turns":3},{"damage":5,"enemies":"Blue Slaver","floor":14,"turns":3},{"damage":21,"enemies":"Hexaghost","floor":16,"turns":11},{"damage":11,"enemies":"Chosen","floor":18,"turns":5},{"damage":18,"enemies":"Spheric Guardian","floor":19,"turns":5},{"damage":47,"enemies":"3 Cultists","floor":21,"turns":4}],"relics_obtained":[{"floor":5,"key":"Bag of Marbles"},{"floor":9,"key":"Lantern"}],"event_choices":[{"event_name":"Liars Game","player_choice":"disagreed","floor":2,"damage_taken":0},{"event_name":"Golden Shrine","player_choice":"Pray","floor":8,"damage_taken":0}],"boss_relics":[{"not_picked":["Astrolabe","Snecko Eye"],"picked":"Orrery"}],"items_purged_floors":[],"is_endless":false,"potions_floor_spawned":[3,4,11,19],"seed_played":"7285554339674529557","killed_by":"3 Cultists","ascension_level":0,"potions_obtained":[{"floor":3,"key":"Weak Potion"},{"floor":4,"key":"Fire Potion"},{"floor":11,"key":"GamblersBrew"},{"floor":19,"key":"EssenceOfSteel"}],"is_trial":false}