{"gold_per_floor":[110,110,130,280,280,280,297,297,324,249,278,301,301,318,318,397,397,409,409,299,270,289,289,111,128,201,201,214,214,226,276,276,350,350,367,367,380,400,400],"floor_reached":39,"playtime":1838,"items_purged":["Regret","Strike_B"],"score":705,"play_id":"3a449c77-682e-4ed7-9dec-d03042c8a4ad","local_time":"20190110124653","is_ascension_mode":true,"campfire_choices":[{"data":"Zap","floor":6,"key":"SMITH"},{"data":"Dualcast","floor":13,"key":"SMITH"},{"data":"Defragment","floor":15,"key":"SMITH"},{"data":"Defragment","floor":23,"key":"SMITH"},{"data":"Defragment","floor":27,"key":"SMITH"},{"data":"Fission","floor":29,"key":"SMITH"},{"floor":32,"key":"REST"}],"neow_cost":"NONE","seed_source_timestamp":2056999817479212,"circlet_count":0,"master_deck":["AscendersBane","Strike_B","Strike_B","Defend_B","Defend_B","Defend_B+1","Zap+1","Dualcast+1","Go for the Eyes","Coolheaded","BootSequence","Tempest","Chill","Coolheaded","Defragment+1","Fission+1","Defragment+1","Glacier","Conserve Battery","Defragment+1","Loop+1","Creative AI","Hello World"],"relics":["Cracked Core","Gremlin Horn","Happy Flower","Odd Mushroom","Regal Pillow","Sozu","Shuriken","Inserter"],"potions_floor_usage":[],"damage_taken":[{"damage":9,"enemies":"Small Slimes","floor":1,"turns":2},{"damage":0,"enemies":"2 Louse","floor":3,"turns":2},{"damage":3,"enemies":"Jaw Worm","floor":7,"turns":4},{"damage":14,"enemies":"The Mushroom Lair","floor":11,"turns":5},{"damage":0,"enemies":"Blue Slaver","floor":14,"turns":3},{"damage":32,"enemies":"Hexaghost","floor":16,"turns":13},{"damage":1,"enemies":"Spheric Guardian","floor":18,"turns":4},{"damage":13,"enemies":"2 Thieves","floor":21,"turns":5},{"damage":4,"enemies":"Snecko","floor":22,"turns":6},{"damage":11,"enemies":"Snake Plant","floor":25,"turns":7},{"damage":3,"enemies":"Shelled Parasite and Fungi","floor":28,"turns":6},{"damage":0,"enemies":"Centurion and Healer","floor":30,"turns":9},{"damage":33,"enemies":"Automaton","floor":33,"turns":23},{"damage":36,"enemies":"3 Shapes","floor":35,"turns":6},{"damage":4,"enemies":"Orb Walker","floor":37,"turns":3},{"damage":16,"enemies":"Spire Growth","floor":38,"turns":4},{"damage":19,"enemies":"Writhing Mass","floor":39,"turns":2}],"seed_played":"6330536570398131781","potions_obtained":[{"floor":3,"key":"Energy Potion"},{"floor":11,"key":"SteroidPotion"}],"is_trial":false,"path_per_floor":["M","?","M","?","?","R","M","?","T","$","?","T","R","M","R","B",null,"M","?","?","M","M","R","$","M","T","R","M","R","M","?","R","B",null,"M","?","M","M","M"],"character_chosen":"DEFECT","items_purchased":["Defragment"],"campfire_rested":1,"item_purchase_floors":[24],"current_hp_per_floor":[55,55,55,55,55,55,52,52,52,52,38,38,38,38,38,6,55,54,54,54,41,37,37,37,26,26,26,23,23,23,23,59,26,60,24,24,20,4,0],"gold":400,"neow_bonus":"THREE_CARDS","is_prod":false,"is_daily":false,"chose_seed":false,"campfire_upgraded":6,"win_rate":0,"timestamp":1547092013,"path_taken":["M","?","M","?","?","R","M","?","T","$","?","?","R","M","R","BOSS","M","?","?","M","?","R","?","M","T","R","M","R","M","?","R","BOSS","M","?","M","?","M"],"build_version":"2019-01-03v4","purchased_purges":2,"victory":false,"max_hp_per_floor":[71,71,71,71,71,71,71,71,71,71,71,71,71,71,71,71,71,71,71,71,71,71,71,71,71,71,71,71,71,71,71,71,71,71,71,71,71,71,71],"card_choices":[{"not_picked":["Stack","Tempest"],"picked":"Go for the Eyes","floor":0},{"not_picked":["Steam","Stack"],"picked":"Coolheaded","floor":1},{"not_picked":["Streamline","Redo"],"picked":"Tempest","floor":3},{"not_picked":["Rebound","Sweeping Beam"],"picked":"Chill","floor":7},{"not_picked":["Go for the Eyes","Beam Cell"],"picked":"Coolheaded","floor":11},{"not_picked":["Force Field","Sunder"],"picked":"Defragment","floor":14},{"not_picked":["Meteor Strike","Hyperbeam"],"picked":"Fission","floor":16},{"not_picked":["Force Field+1","Cold Snap"],"picked":"Defragment","floor":18},{"not_picked":["Stack","Coolheaded"],"picked":"Glacier","floor":21},{"not_picked":["Barrage","Streamline+1"],"picked":"Conserve Battery","floor":22},{"not_picked":["Conserve Battery","Turbo"],"picked":"Loop+1","floor":25},{"not_picked":["Steam","Steam Power+1","Darkness"],"picked":"SKIP","floor":28},{"not_picked":["Genetic Algorithm+1","Leap","Reprogram+1"],"picked":"SKIP","floor":30},{"not_picked":["All For One","Machine Learning"],"picked":"Creative AI","floor":33},{"not_picked":["Streamline","Leap","Redo+1"],"picked":"SKIP","floor":35},{"not_picked":["Steam","Hologram"],"picked":"Hello World","floor":37},{"not_picked":["Gash","Reprogram","Force Field"],"picked":"SKIP","floor":38}],"player_experience":811736,"relics_obtained":[{"floor":9,"key":"Happy Flower"},{"floor":11,"key":"Odd Mushroom"},{"floor":12,"key":"Regal Pillow"},{"floor":26,"key":"Shuriken"}],"event_choices":[{"damage_healed":0,"gold_gain":0,"cards_transformed":["Strike_B"],"player_choice":"Change","damage_taken":0,"max_hp_gain":0,"max_hp_loss":0,"event_name":"Living Wall","floor":2,"gold_loss":0,"cards_obtained":["BootSequence"]},{"damage_healed":0,"gold_gain":150,"player_choice":"AGREE","damage_taken":0,"max_hp_gain":0,"max_hp_loss":0,"event_name":"Liars Game","floor":4,"gold_loss":0,"cards_obtained":["Doubt"]},{"damage_healed":0,"gold_gain":0,"player_choice":"Box","damage_taken":0,"relics_obtained":["Gremlin Horn"],"max_hp_gain":0,"max_hp_loss":0,"event_name":"Big Fish","floor":5,"gold_loss":0,"cards_obtained":["Regret"]},{"damage_healed":0,"gold_gain":0,"player_choice":"Fled","damage_taken":0,"max_hp_gain":0,"max_hp_loss":0,"event_name":"Scrap Ooze","floor":8,"gold_loss":0},{"damage_healed":0,"gold_gain":0,"player_choice":"Fought Mushrooms","damage_taken":0,"max_hp_gain":0,"max_hp_loss":0,"event_name":"Mushrooms","floor":11,"gold_loss":0},{"damage_healed":0,"gold_gain":0,"player_choice":"Ignored","damage_taken":0,"max_hp_gain":0,"max_hp_loss":0,"event_name":"Cursed Tome","floor":19,"gold_loss":0},{"cards_removed":["Doubt"],"damage_healed":0,"gold_gain":0,"player_choice":"Upgrade and Remove","damage_taken":0,"max_hp_gain":0,"max_hp_loss":0,"event_name":"Designer","floor":20,"gold_loss":110,"cards_upgraded":["Defend_B"]},{"damage_healed":0,"gold_gain":50,"player_choice":"Stole From Cult","damage_taken":0,"max_hp_gain":0,"max_hp_loss":0,"event_name":"Nest","floor":31,"gold_loss":0},{"cards_removed":["Defend_B"],"damage_healed":0,"gold_gain":0,"player_choice":"Purged","damage_taken":0,"max_hp_gain":0,"max_hp_loss":0,"event_name":"Purifier","floor":36,"gold_loss":0}],"is_beta":false,"boss_relics":[{"not_picked":["Empty Cage","Pandora\u0027s Box"],"picked":"Sozu"},{"not_picked":["Fusion Hammer","Cursed Key"],"picked":"Inserter"}],"items_purged_floors":[10,24],"is_endless":false,"potions_floor_spawned":[3,11,16,25,30,38],"killed_by":"Writhing Mass","ascension_level":18}