{"gold_per_floor":[16,16,34,49,60,60,80,98,98,98,122,47,47,59,59,155,155,172,172,187,201,212,239,251,251,251,264,283,310,310,210,210,311,361,378,104,179,191,41,58,58,68,68,86,96,96,96,96,96,96,96,96,44,77,77],"floor_reached":55,"playtime":4086,"items_purged":["Strike_R","Defend_R","Strike_R","Defend_R"],"score":762,"play_id":"f4b3b056-35c1-4fed-9070-bdeec1db1a08","local_time":"20181224171928","is_ascension_mode":false,"campfire_choices":[{"data":"True Grit","floor":6,"key":"SMITH"},{"data":"Shockwave","floor":13,"key":"SMITH"},{"floor":15,"key":"RECALL"},{"data":"Berserk","floor":25,"key":"SMITH"},{"data":"Uppercut","floor":30,"key":"SMITH"},{"data":"Cleave","floor":32,"key":"SMITH"},{"data":"Limit Break","floor":41,"key":"SMITH"},{"floor":49,"key":"DIG"},{"floor":52,"key":"DIG"}],"neow_cost":"NO_GOLD","seed_source_timestamp":602301889417032,"circlet_count":0,"master_deck":["Strike_R+1","Defend_R+1","Bash","Bludgeon+1","Spot Weakness","Shrug It Off","Shockwave+1","True Grit+1","Cleave+1","Metallicize","Shrug It Off","Impervious","Uppercut+1","Berserk+1","Metallicize+1","True Grit+1","Limit Break+1","Shrug It Off+1","Shrug It Off","Evolve+1","Battle Trance"],"relics":["Burning Blood","Singing Bowl","Odd Mushroom","Velvet Choker","Gremlin Horn","Champion Belt","Tiny House","PreservedInsect","Shovel","Shuriken","Bottled Lightning","Letter Opener"],"potions_floor_usage":[23,33,33,33,33,33,47,50],"damage_taken":[{"damage":1,"enemies":"Cultist","floor":1,"turns":3},{"damage":6,"enemies":"2 Louse","floor":3,"turns":3},{"damage":8,"enemies":"Jaw Worm","floor":4,"turns":3},{"damage":8,"enemies":"Exordium Thugs","floor":5,"turns":5},{"damage":1,"enemies":"Red Slaver","floor":7,"turns":4},{"damage":11,"enemies":"Large Slime","floor":8,"turns":3},{"damage":18,"enemies":"The Mushroom Lair","floor":11,"turns":7},{"damage":0,"enemies":"2 Fungi Beasts","floor":14,"turns":3},{"damage":41,"enemies":"The Guardian","floor":16,"turns":11},{"damage":2,"enemies":"2 Thieves","floor":18,"turns":4},{"damage":2,"enemies":"Chosen","floor":20,"turns":5},{"damage":0,"enemies":"Snecko","floor":21,"turns":5},{"damage":18,"enemies":"Centurion and Healer","floor":22,"turns":6},{"damage":12,"enemies":"Book of Stabbing","floor":23,"turns":5},{"damage":17,"enemies":"Chosen and Byrds","floor":24,"turns":7},{"damage":29,"enemies":"Snake Plant","floor":27,"turns":6},{"damage":8,"enemies":"3 Cultists","floor":28,"turns":7},{"damage":15,"enemies":"Slavers","floor":29,"turns":10},{"damage":25,"enemies":"Automaton","floor":33,"turns":15},{"damage":8,"enemies":"Orb Walker","floor":35,"turns":3},{"damage":0,"enemies":"3 Shapes","floor":38,"turns":5},{"damage":15,"enemies":"Writhing Mass","floor":40,"turns":8},{"damage":31,"enemies":"Jaw Worm Horde","floor":42,"turns":8},{"damage":1,"enemies":"Maw","floor":44,"turns":9},{"damage":42,"enemies":"3 Darklings","floor":45,"turns":6},{"damage":0,"enemies":"Transient","floor":47,"turns":2},{"damage":15,"enemies":"Time Eater","floor":50,"turns":12},{"damage":36,"enemies":"Shield and Spear","floor":54,"turns":8},{"damage":79,"enemies":"The Heart","floor":55,"turns":9}],"seed_played":"8222861848460865700","potions_obtained":[{"floor":2,"key":"LiquidBronze"},{"floor":2,"key":"EntropicBrew"},{"floor":2,"key":"SteroidPotion"},{"floor":23,"key":"Strength Potion"},{"floor":33,"key":"PowerPotion"},{"floor":34,"key":"SkillPotion"},{"floor":35,"key":"Fire Potion"},{"floor":44,"key":"SmokeBomb"}],"is_trial":false,"path_per_floor":["M","?","M","M","M","R","M","M","T","?","?","$","R","M","R","B",null,"M","?","M","M","M","E","M","R","T","M","M","E","R","$","R","B",null,"M","$","?","M","$","M","R","M","T","M","M","?","M","?","R","B",null,"R","$","E","B"],"character_chosen":"IRONCLAD","items_purchased":["PreservedInsect","SpeedPotion"],"campfire_rested":0,"item_purchase_floors":[36,53],"current_hp_per_floor":[80,80,80,78,76,76,80,75,75,59,47,47,47,53,53,18,80,82,82,84,86,76,70,59,59,59,36,36,29,29,29,29,10,99,99,99,89,97,97,88,88,63,63,68,32,34,40,40,40,31,105,105,105,77,0],"gold":77,"neow_bonus":"TRANSFORM_TWO_CARDS","is_prod":false,"is_daily":false,"chose_seed":false,"campfire_upgraded":6,"win_rate":0,"timestamp":1545639568,"path_taken":["M","?","M","M","M","R","M","?","T","?","?","?","R","M","R","BOSS","M","?","M","M","M","E","M","R","T","M","M","E","R","$","R","BOSS","M","$","?","M","$","M","R","?","T","M","M","?","M","?","R","BOSS","R","$","E","BOSS"],"build_version":"2018-12-20","purchased_purges":4,"victory":false,"max_hp_per_floor":[80,80,80,80,80,80,80,80,80,80,80,80,80,80,80,80,80,82,82,84,86,88,88,88,88,88,88,90,92,92,92,92,92,99,101,101,101,103,103,103,103,103,103,103,103,105,105,105,105,105,105,105,105,107,107],"card_choices":[{"not_picked":["Perfected Strike","Rage"],"picked":"Shrug It Off","floor":1},{"not_picked":["Anger","Dual Wield","Spot Weakness"],"picked":"SKIP","floor":3},{"not_picked":["Sever Soul","Sword Boomerang"],"picked":"Shockwave","floor":4},{"not_picked":["Wild Strike","Second Wind"],"picked":"True Grit","floor":5},{"not_picked":["Anger","Headbutt"],"picked":"Cleave","floor":7},{"not_picked":["Carnage","Fire Breathing","Flex"],"picked":"SKIP","floor":8},{"not_picked":["Battle Trance","Shrug It Off"],"picked":"Metallicize","floor":11},{"not_picked":["Shockwave","Rupture"],"picked":"Shrug It Off","floor":14},{"not_picked":["Feed","Dark Embrace"],"picked":"Impervious","floor":16},{"not_picked":["Sentinel","Thunderclap","Clash"],"picked":"Singing Bowl","floor":18},{"not_picked":["Wild Strike","Clothesline","Heavy Blade+1"],"picked":"Singing Bowl","floor":20},{"not_picked":["Iron Wave","Rampage","Pummel"],"picked":"Singing Bowl","floor":21},{"not_picked":["Ghostly Armor","Twin Strike","Havoc+1"],"picked":"Singing Bowl","floor":22},{"not_picked":["Pommel Strike","Perfected Strike"],"picked":"Berserk","floor":23},{"not_picked":["Shrug It Off+1","True Grit"],"picked":"Metallicize+1","floor":24},{"not_picked":["Clothesline+1","Twin Strike"],"picked":"True Grit+1","floor":27},{"not_picked":["Shrug It Off","Sentinel+1","Havoc"],"picked":"Singing Bowl","floor":28},{"not_picked":["Intimidate","Flex","True Grit"],"picked":"Singing Bowl","floor":29},{"not_picked":["Demon Form","Offering"],"picked":"Limit Break","floor":33},{"not_picked":["Ghostly Armor","Pommel Strike+1","True Grit"],"picked":"Singing Bowl","floor":34},{"not_picked":["Body Slam+1","Thunderclap","Flex"],"picked":"Singing Bowl","floor":35},{"not_picked":["Burning Pact+1","Searing Blow","Demon Form"],"picked":"Singing Bowl","floor":38},{"not_picked":["Twin Strike+1","Corruption+1"],"picked":"Shrug It Off+1","floor":40},{"not_picked":["Clothesline","True Grit"],"picked":"Shrug It Off","floor":42},{"not_picked":["Wild Strike+1","Flex+1"],"picked":"Evolve+1","floor":44},{"not_picked":["Perfected Strike","Thunderclap"],"picked":"Battle Trance","floor":45},{"not_picked":["Bandage Up","Trip","Swift Strike"],"picked":"Singing Bowl","floor":46},{"not_picked":["True Grit+1","Rampage","Dark Embrace"],"picked":"Singing Bowl","floor":54}],"player_experience":665094,"relics_obtained":[{"floor":9,"key":"Singing Bowl"},{"floor":11,"key":"Odd Mushroom"},{"floor":23,"key":"Gremlin Horn"},{"floor":29,"key":"Champion Belt"},{"floor":43,"key":"Shovel"},{"floor":49,"key":"Shuriken"},{"floor":52,"key":"Bottled Lightning"},{"floor":54,"key":"Letter Opener"}],"event_choices":[{"damage_healed":0,"gold_gain":0,"player_choice":"Got Potions","damage_taken":0,"max_hp_gain":0,"max_hp_loss":0,"event_name":"Lab","floor":2,"gold_loss":0},{"damage_healed":0,"gold_gain":0,"player_choice":"Entered Light","damage_taken":16,"max_hp_gain":0,"max_hp_loss":0,"event_name":"Shining Light","floor":10,"gold_loss":0,"cards_upgraded":["Defend_R","Bludgeon"]},{"damage_healed":0,"gold_gain":0,"player_choice":"Fought Mushrooms","damage_taken":0,"max_hp_gain":0,"max_hp_loss":0,"event_name":"Mushrooms","floor":11,"gold_loss":0},{"damage_healed":0,"gold_gain":0,"player_choice":"Read","damage_taken":0,"max_hp_gain":0,"max_hp_loss":0,"event_name":"The Library","floor":19,"gold_loss":0,"cards_obtained":["Uppercut"]},{"damage_healed":0,"gold_gain":75,"player_choice":"Touch","damage_taken":10,"max_hp_gain":0,"max_hp_loss":0,"event_name":"FaceTrader","floor":37,"gold_loss":0},{"damage_healed":0,"gold_gain":0,"player_choice":"Memory 1","damage_taken":0,"max_hp_gain":0,"max_hp_loss":0,"event_name":"SensoryStone","floor":46,"gold_loss":0},{"cards_removed":["Defend_R"],"damage_healed":0,"gold_gain":0,"player_choice":"Purged","damage_taken":0,"max_hp_gain":0,"max_hp_loss":0,"event_name":"Purifier","floor":48,"gold_loss":0}],"is_beta":false,"boss_relics":[{"not_picked":["Runic Cube","Mark of Pain"],"picked":"Velvet Choker"},{"not_picked":["Fusion Hammer","Runic Dome"],"picked":"Tiny House"}],"items_purged_floors":[12,31,36,39],"is_endless":false,"potions_floor_spawned":[7,11,14,20,21,23,29,33,35,38,44,45],"killed_by":"The Heart","ascension_level":0}