{"path_per_floor":["M","M","?","?","M","E","R","$","T","R","M","E","?","$","R","B",null,"M","?","?","$","M","R"],"character_chosen":"THE_SILENT","items_purchased":["Backflip"],"gold_per_floor":[116,126,126,126,144,175,175,100,100,100,118,152,102,2,2,97,97,112,27,27,5,22,22,22],"floor_reached":24,"campfire_rested":1,"playtime":1580,"current_hp_per_floor":[69,69,69,69,69,51,51,51,51,51,51,37,37,37,58,30,70,55,55,39,39,32,32,0],"items_purged":["Strike_G","Strike_G"],"gold":22,"score":201,"play_id":"26b4c46b-01db-4a42-98bd-2dc4cdc97121","local_time":"20180414134333","is_prod":false,"is_daily":false,"chose_seed":false,"is_ascension_mode":false,"campfire_upgraded":3,"timestamp":1523681013,"path_taken":["M","M","?","?","M","E","R","$","T","R","M","E","?","?","R","BOSS","M","?","?","?","?","R","E"],"build_version":"2018-04-12","seed_source_timestamp":276356259796913,"purchased_purges":2,"victory":false,"master_deck":["Defend_G","Defend_G","Defend_G","Defend_G","Defend_G","Strike_G","Strike_G","Survivor","Neutralize","Accuracy+1","Cloak And Dagger+1","Flying Knee","Blade Dance","Distraction","Night Terror","Necronomicurse","Backflip","Well Laid Plans+1"],"max_hp_per_floor":[70,70,70,70,70,70,70,70,70,70,70,70,70,70,70,70,70,70,70,70,70,70,70,70],"relics":["Ring of the Snake","Oddly Smooth Stone","Spirit Poop","Sundial","Unceasing Top","Ginger","Runic Dome","Torii","Necronomicon"],"card_choices":[{"not_picked":["Prepared","Flying Knee"],"picked":"Accuracy","floor":1},{"not_picked":["Infinite Blades","Escape Plan"],"picked":"Cloak And Dagger","floor":2},{"not_picked":["Sucker Punch","Dodge and Roll"],"picked":"Flying Knee","floor":5},{"not_picked":["Outmaneuver","Dash"],"picked":"Blade Dance","floor":6},{"not_picked":["Poisoned Stab","Masterful Stab"],"picked":"Distraction","floor":11},{"not_picked":["Corpse Explosion","Unload"],"picked":"Night Terror","floor":16},{"not_picked":["Caltrops","Poisoned Stab"],"picked":"Well Laid Plans","floor":22}],"player_experience":44028,"potions_floor_usage":[],"damage_taken":[{"damage":1,"enemies":"Cultist","floor":1,"turns":5},{"damage":0,"enemies":"2 Louse","floor":2,"turns":3},{"damage":0,"enemies":"Jaw Worm","floor":5,"turns":5},{"damage":18,"enemies":"Gremlin Nob","floor":6,"turns":5},{"damage":0,"enemies":"2 Fungi Beasts","floor":11,"turns":3},{"damage":14,"enemies":"3 Sentries","floor":12,"turns":8},{"damage":28,"enemies":"The Guardian","floor":16,"turns":10},{"damage":15,"enemies":"Spheric Guardian","floor":18,"turns":4},{"damage":7,"enemies":"3 Byrds","floor":22,"turns":8},{"damage":49,"enemies":"Slavers","floor":24,"turns":3}],"event_choices":[{"event_name":"Accursed Blacksmith","player_choice":"Rummage","floor":3,"damage_taken":0},{"event_name":"Bonfire Elementals","player_choice":"CURSE","floor":4,"damage_taken":0},{"event_name":"The Cleric","player_choice":"Card Removal","floor":13,"damage_taken":0},{"event_name":"Addict","player_choice":"Obtained Relic","floor":19,"damage_taken":0},{"event_name":"Cursed Tome","player_choice":"Obtained Book","floor":20,"damage_taken":0}],"boss_relics":[{"not_picked":["Calling Bell","White Beast Statue"],"picked":"Runic Dome"}],"potions_floor_spawned":[5,6],"seed_played":"1036563406724713079","killed_by":"Slavers","ascension_level":0,"is_trial":false}