{"gold_per_floor":[119,119,132,148,77,110,120,132,158,158,175,98,98,98,98,197,247,236,250,268,113,113,177,177,34,60,75,75,174,193,193,193,289,289,302,251,251,266,266,266,266,266,321,337,352,352,452,462,462,462],"floor_reached":51,"playtime":2691,"items_purged":[],"score":742,"play_id":"a506e368-5910-4159-b0a4-8cd7ca632cff","local_time":"20190203143501","is_ascension_mode":false,"campfire_choices":[{"data":"Footwork","floor":10,"key":"SMITH"},{"data":"Caltrops","floor":13,"key":"SMITH"},{"data":"Cloak And Dagger","floor":15,"key":"SMITH"},{"floor":24,"key":"REST"},{"data":"Adrenaline","floor":28,"key":"SMITH"},{"floor":32,"key":"REST"},{"data":"After Image","floor":40,"key":"SMITH"},{"data":"Blur","floor":42,"key":"SMITH"},{"floor":46,"key":"REST"},{"floor":49,"key":"REST"}],"neow_cost":"NONE","seed_source_timestamp":280486497032662,"circlet_count":0,"master_deck":["Defend_G","Defend_G","Defend_G","Defend_G","Strike_G","Strike_G+1","Strike_G","Survivor","Neutralize","Slice+1","Bouncing Flask+1","Sucker Punch+1","Caltrops+1","Blur+1","Footwork+1","Quick Slash+1","Cloak And Dagger+1","Caltrops","Adrenaline+1","Flying Knee+1","Tools of the Trade","Necronomicurse","Poisoned Stab","Corpse Explosion","Dash","After Image+1","Footwork+1","Deadly Poison","Noxious Fumes+1","Clumsy","Deflect+1"],"relics":["Astrolabe","Strawberry","Anchor","Whetstone","Tiny House","Necronomicon","Tiny Chest","Snake Skull","Cursed Key","Centennial Puzzle","Turnip"],"potions_floor_usage":[6,6,16,17,19,23,23,23,27,27,44,45,47,50],"damage_taken":[{"damage":0,"enemies":"Small Slimes","floor":1,"turns":2},{"damage":3,"enemies":"Jaw Worm","floor":3,"turns":2},{"damage":0,"enemies":"Cultist","floor":4,"turns":2},{"damage":0,"enemies":"Lagavulin","floor":6,"turns":6},{"damage":1,"enemies":"Large Slime","floor":7,"turns":9},{"damage":4,"enemies":"Exordium Thugs","floor":8,"turns":6},{"damage":0,"enemies":"Looter","floor":11,"turns":2},{"damage":25,"enemies":"Slime Boss","floor":16,"turns":11},{"damage":6,"enemies":"2 Thieves","floor":18,"turns":4},{"damage":14,"enemies":"Spheric Guardian","floor":19,"turns":5},{"damage":6,"enemies":"Centurion and Healer","floor":20,"turns":7},{"damage":0,"enemies":"Gremlin Leader","floor":23,"turns":7},{"damage":7,"enemies":"3 Cultists","floor":27,"turns":4},{"damage":17,"enemies":"Snecko","floor":30,"turns":5},{"damage":75,"enemies":"Champ","floor":33,"turns":13},{"damage":1,"enemies":"3 Shapes","floor":35,"turns":5},{"damage":8,"enemies":"3 Darklings","floor":38,"turns":6},{"damage":4,"enemies":"Transient","floor":44,"turns":5},{"damage":29,"enemies":"Jaw Worm Horde","floor":45,"turns":3},{"damage":7,"enemies":"Mind Bloom Boss Battle","floor":47,"turns":6},{"damage":7,"enemies":"4 Shapes","floor":48,"turns":5},{"damage":72,"enemies":"Time Eater","floor":50,"turns":13}],"seed_played":"-4204481227347863966","potions_obtained":[{"floor":3,"key":"Regen Potion"},{"floor":4,"key":"Poison Potion"},{"floor":6,"key":"Energy Potion"},{"floor":11,"key":"GhostInAJar"},{"floor":14,"key":"Regen Potion"},{"floor":17,"key":"Fruit Juice"},{"floor":18,"key":"Swift Potion"},{"floor":20,"key":"Block Potion"},{"floor":23,"key":"Fire Potion"},{"floor":27,"key":"Fruit Juice"},{"floor":33,"key":"Weak Potion"},{"floor":35,"key":"GamblersBrew"},{"floor":45,"key":"EssenceOfSteel"},{"floor":47,"key":"Swift Potion"}],"is_trial":false,"path_per_floor":["M","?","M","M","$","E","M","M","T","R","M","$","R","?","R","B",null,"M","M","M","$","?","E","R","$","T","M","R","?","M","?","R","B",null,"M","$","?","M","?","R","?","R","T","M","M","R","?","M","R","B",null],"character_chosen":"THE_SILENT","items_purchased":["Footwork","Caltrops","Tools of the Trade","Corpse Explosion","Deadly Poison"],"campfire_rested":4,"item_purchase_floors":[5,12,21,25,36],"current_hp_per_floor":[70,65,62,62,62,74,73,69,69,69,69,69,69,69,69,44,87,81,79,73,73,57,57,83,83,83,81,81,81,64,64,91,16,92,91,91,91,83,83,83,83,83,83,79,50,76,69,62,87,15],"gold":462,"neow_bonus":"BOSS_RELIC","is_prod":false,"is_daily":false,"chose_seed":false,"campfire_upgraded":6,"win_rate":0,"timestamp":1549222501,"path_taken":["M","?","M","M","$","E","M","M","T","R","M","$","R","?","R","BOSS","M","M","?","$","?","E","R","?","T","M","R","?","M","?","R","BOSS","M","$","?","M","?","R","?","R","T","?","M","R","?","M","R","BOSS"],"build_version":"2019-01-23","purchased_purges":0,"victory":true,"max_hp_per_floor":[70,77,77,77,77,77,77,77,77,77,77,77,77,77,77,77,87,87,87,87,87,87,87,87,87,87,92,92,92,92,92,92,92,92,92,92,92,92,87,87,87,87,87,87,87,87,87,87,87,87],"card_choices":[{"not_picked":["Underhanded Strike","Accuracy"],"picked":"Sucker Punch","floor":1},{"not_picked":["Blade Dance","Calculated Gamble"],"picked":"Caltrops","floor":3},{"not_picked":["Bane","Masterful Stab"],"picked":"Blur","floor":4},{"not_picked":["Doppelganger","Slice","Endless Agony"],"picked":"SKIP","floor":6},{"not_picked":["Prepared","Dagger Spray"],"picked":"Quick Slash","floor":7},{"not_picked":["Deflect","Dagger Throw"],"picked":"Cloak And Dagger","floor":8},{"not_picked":["Backstab","Deadly Poison","Reflex"],"picked":"SKIP","floor":11},{"not_picked":["Doppelganger","Wraith Form v2"],"picked":"Adrenaline","floor":16},{"not_picked":["Choke","Flechettes","Backflip"],"picked":"SKIP","floor":18},{"not_picked":["Dagger Throw","Reflex+1"],"picked":"Flying Knee+1","floor":19},{"not_picked":["Bouncing Flask","Slice","Backstab"],"picked":"SKIP","floor":20},{"not_picked":["Quick Slash","Storm of Steel"],"picked":"Poisoned Stab","floor":23},{"not_picked":["Poisoned Stab","Masterful Stab+1","Dagger Throw"],"picked":"SKIP","floor":27},{"not_picked":["Riddle With Holes+1","Crippling Poison"],"picked":"Dash","floor":30},{"not_picked":["A Thousand Cuts","Tools of the Trade"],"picked":"After Image","floor":33},{"not_picked":["Distraction","Cloak And Dagger"],"picked":"Footwork+1","floor":35},{"not_picked":["All Out Attack","Sucker Punch"],"picked":"Noxious Fumes+1","floor":38},{"not_picked":["Well Laid Plans","Dagger Spray","Bouncing Flask+1"],"picked":"SKIP","floor":44},{"not_picked":["Crippling Poison","Dash","Choke"],"picked":"SKIP","floor":45},{"not_picked":["PiercingWail","Prepared"],"picked":"Deflect+1","floor":48}],"player_experience":141192,"relics_obtained":[{"floor":6,"key":"Anchor"},{"floor":9,"key":"Whetstone"},{"floor":22,"key":"Necronomicon"},{"floor":23,"key":"Tiny Chest"},{"floor":26,"key":"Snake Skull"},{"floor":43,"key":"Centennial Puzzle"},{"floor":47,"key":"Turnip"}],"event_choices":[{"damage_healed":0,"gold_gain":0,"player_choice":"Success","damage_taken":12,"relics_obtained":["Strawberry"],"max_hp_gain":0,"max_hp_loss":0,"event_name":"Scrap Ooze","floor":2,"gold_loss":0},{"damage_healed":0,"gold_gain":0,"player_choice":"Got Potions","damage_taken":0,"max_hp_gain":0,"max_hp_loss":0,"event_name":"Lab","floor":14,"gold_loss":0},{"damage_healed":0,"gold_gain":0,"player_choice":"Obtained Book","damage_taken":16,"max_hp_gain":0,"max_hp_loss":0,"event_name":"Cursed Tome","floor":22,"gold_loss":0},{"damage_healed":0,"gold_gain":99,"player_choice":"Stole From Cult","damage_taken":0,"max_hp_gain":0,"max_hp_loss":0,"event_name":"Nest","floor":29,"gold_loss":0},{"damage_healed":0,"gold_gain":0,"player_choice":"Smashed Altar","damage_taken":0,"max_hp_gain":0,"max_hp_loss":0,"event_name":"Forgotten Altar","floor":31,"gold_loss":0,"cards_obtained":["Decay"]},{"cards_removed":["Backstab"],"damage_healed":0,"gold_gain":0,"player_choice":"Removed Attack","damage_taken":0,"max_hp_gain":0,"max_hp_loss":0,"event_name":"Falling","floor":37,"gold_loss":0},{"damage_healed":0,"gold_gain":0,"player_choice":"Max HP","damage_taken":0,"max_hp_gain":0,"max_hp_loss":5,"event_name":"Winding Halls","floor":39,"gold_loss":0},{"cards_removed":["Decay"],"damage_healed":0,"gold_gain":0,"player_choice":"Purged","damage_taken":0,"max_hp_gain":0,"max_hp_loss":0,"event_name":"Purifier","floor":41,"gold_loss":0},{"damage_healed":0,"gold_gain":0,"player_choice":"Fight","damage_taken":0,"max_hp_gain":0,"max_hp_loss":0,"event_name":"MindBloom","floor":47,"gold_loss":0}],"is_beta":false,"boss_relics":[{"not_picked":["Calling Bell","Ectoplasm"],"picked":"Tiny House"},{"not_picked":["Snecko Eye","Black Star"],"picked":"Cursed Key"}],"items_purged_floors":[],"is_endless":false,"potions_floor_spawned":[3,4,6,11,18,20,23,27,33,35,45,47],"ascension_level":0}