{"gold_per_floor":[116,116,266,341,366,366,391,391,469,495,495,40,54,74,74,74],"floor_reached":16,"playtime":285,"items_purged":["Doubt"],"score":312,"play_id":"0d717094-c6a3-4633-a932-45b9223b7161","local_time":"20190116165551","is_ascension_mode":true,"campfire_choices":[{"data":"Zap","floor":6,"key":"SMITH"},{"data":"Go for the Eyes","floor":8,"key":"SMITH"},{"data":"Dualcast","floor":11,"key":"SMITH"},{"data":"Reinforced Body","floor":15,"key":"SMITH"}],"neow_cost":"NONE","seed_source_timestamp":190794986247755,"circlet_count":0,"master_deck":["AscendersBane","Strike_B+1","Strike_B","Strike_B","Strike_B","Defend_B","Defend_B","Defend_B+1","Defend_B","Zap+1","Dualcast+1","Go for the Eyes+1","Melter","Reinforced Body+1","Conserve Battery"],"relics":["Cracked Core","NeowsBlessing","Potion Belt","Mango","Sundial","PreservedInsect","Turnip"],"potions_floor_usage":[16,16],"damage_taken":[{"damage":0,"enemies":"2 Louse","floor":1,"turns":1},{"damage":0,"enemies":"Gremlin Nob","floor":7,"turns":1},{"damage":0,"enemies":"Lagavulin","floor":10,"turns":1},{"damage":0,"enemies":"Small Slimes","floor":13,"turns":2},{"damage":4,"enemies":"Jaw Worm","floor":14,"turns":2},{"damage":43,"enemies":"Slime Boss","floor":16,"turns":11}],"seed_played":"9200286554945936878","potions_obtained":[{"floor":7,"key":"SpeedPotion"},{"floor":10,"key":"FocusPotion"},{"floor":13,"key":"EssenceOfSteel"}],"is_trial":false,"path_per_floor":["M","?","?","?","T","R","E","R","T","E","R","$","M","M","R","B"],"character_chosen":"DEFECT","items_purchased":["Turnip","Reinforced Body"],"campfire_rested":0,"item_purchase_floors":[12,12],"current_hp_per_floor":[64,43,43,32,32,32,46,46,46,46,46,46,46,42,42,0],"gold":74,"neow_bonus":"THREE_ENEMY_KILL","is_prod":false,"is_daily":false,"chose_seed":false,"campfire_upgraded":4,"win_rate":0,"timestamp":1547625351,"path_taken":["M","?","?","?","?","R","E","R","T","E","R","$","?","?","R","BOSS"],"build_version":"2019-01-10","purchased_purges":1,"victory":false,"max_hp_per_floor":[71,71,71,71,71,71,85,85,85,85,85,85,85,85,85,85],"card_choices":[{"not_picked":["Steam","Storm"],"picked":"Go for the Eyes","floor":1},{"not_picked":["Compile Driver","Rebound"],"picked":"Melter","floor":7},{"not_picked":["Redo","Gash","Turbo"],"picked":"SKIP","floor":10},{"not_picked":["Loop","Doom and Gloom"],"picked":"Conserve Battery","floor":13},{"not_picked":["Aggregate","Doom and Gloom","Steam"],"picked":"SKIP","floor":14}],"player_experience":834033,"relics_obtained":[{"floor":5,"key":"Potion Belt"},{"floor":7,"key":"Mango"},{"floor":9,"key":"Sundial"},{"floor":10,"key":"PreservedInsect"}],"event_choices":[{"damage_healed":0,"gold_gain":0,"player_choice":"Entered Light","damage_taken":21,"max_hp_gain":0,"max_hp_loss":0,"event_name":"Shining Light","floor":2,"gold_loss":0,"cards_upgraded":["Strike_B","Defend_B"]},{"damage_healed":0,"gold_gain":150,"player_choice":"AGREE","damage_taken":0,"max_hp_gain":0,"max_hp_loss":0,"event_name":"Liars Game","floor":3,"gold_loss":0,"cards_obtained":["Doubt"]},{"damage_healed":0,"gold_gain":75,"player_choice":"Gather Gold","damage_taken":11,"max_hp_gain":0,"max_hp_loss":0,"event_name":"World of Goop","floor":4,"gold_loss":0}],"is_beta":false,"boss_relics":[],"items_purged_floors":[12],"is_endless":false,"potions_floor_spawned":[7,10,13],"killed_by":"Slime Boss","ascension_level":20}