{"gold_per_floor":[113,126,126,76,1,1,36,47,73,73,104,104,122,92,92,192,192,203,203,214,129,4,4,104,104,104,104,31,42,57,73,73,73],"floor_reached":33,"playtime":1877,"items_purged":["Strike_B","Strike_B"],"score":291,"play_id":"d31c9004-f900-4c45-a709-1a43e6704f1d","local_time":"20190113175208","is_ascension_mode":true,"campfire_choices":[{"floor":6,"key":"REST"},{"floor":10,"key":"REST"},{"floor":15,"key":"REST"},{"floor":23,"key":"REST"},{"floor":25,"key":"REST"},{"data":"Zap","floor":27,"key":"SMITH"},{"floor":32,"key":"REST"}],"neow_cost":"PERCENT_DAMAGE","seed_source_timestamp":415704405720814,"circlet_count":0,"master_deck":["Defend_B","Defend_B","Defend_B","Zap+1","Dualcast","Echo Form","Sweeping Beam","FTL","Static Discharge","Beam Cell","Defragment","Leap","Seek","Auto Shields+1","Conserve Battery+1","Gash","Defragment","Rebound+1","Steam"],"relics":["Cracked Core","Centennial Puzzle","Bag of Marbles","Juzu Bracelet","Boot","Empty Cage","Potion Belt","Smiling Mask"],"potions_floor_usage":[11,16,18,31,33],"damage_taken":[{"damage":3,"enemies":"Jaw Worm","floor":1,"turns":4},{"damage":0,"enemies":"Small Slimes","floor":2,"turns":3},{"damage":38,"enemies":"Gremlin Nob","floor":7,"turns":4},{"damage":6,"enemies":"Cultist","floor":8,"turns":3},{"damage":20,"enemies":"3 Sentries","floor":11,"turns":5},{"damage":14,"enemies":"3 Louse","floor":13,"turns":3},{"damage":30,"enemies":"Slime Boss","floor":16,"turns":5},{"damage":50,"enemies":"2 Thieves","floor":18,"turns":4},{"damage":21,"enemies":"Spheric Guardian","floor":20,"turns":6},{"damage":21,"enemies":"Cultist and Chosen","floor":29,"turns":7},{"damage":0,"enemies":"Centurion and Healer","floor":30,"turns":6},{"damage":24,"enemies":"Snake Plant","floor":31,"turns":4},{"damage":58,"enemies":"Automaton","floor":33,"turns":10}],"seed_played":"-60897955482719103","potions_obtained":[{"floor":7,"key":"AttackPotion"},{"floor":8,"key":"Swift Potion"},{"floor":16,"key":"Block Potion"},{"floor":18,"key":"FairyPotion"},{"floor":30,"key":"Regen Potion"},{"floor":31,"key":"GamblersBrew"}],"is_trial":false,"path_per_floor":["M","M","?","?","$","R","E","M","T","R","E","?","M","?","R","B",null,"M","?","M","?","$","R","?","R","T","R","$","M","M","M","R","B"],"character_chosen":"DEFECT","items_purchased":["Gash","Defragment"],"campfire_rested":6,"item_purchase_floors":[22,28],"current_hp_per_floor":[51,51,51,51,51,73,35,29,29,51,31,24,10,10,32,2,75,25,11,8,8,8,32,32,56,56,56,56,35,35,23,47,0],"gold":73,"neow_bonus":"THREE_RARE_CARDS","is_prod":false,"is_daily":false,"chose_seed":false,"campfire_upgraded":1,"win_rate":0,"timestamp":1547419928,"path_taken":["M","M","?","?","?","R","E","M","T","R","E","?","M","?","R","BOSS","M","?","M","?","$","R","?","R","T","R","$","M","M","M","R","BOSS"],"build_version":"2019-01-10","purchased_purges":2,"victory":false,"max_hp_per_floor":[75,75,75,75,75,75,75,75,75,75,75,75,75,75,75,75,75,75,80,80,80,80,80,80,80,80,80,80,80,80,80,80,80],"card_choices":[{"not_picked":["Seek","Meteor Strike"],"picked":"Echo Form","floor":0},{"not_picked":["Conserve Battery","Force Field"],"picked":"Sweeping Beam","floor":1},{"not_picked":["Sweeping Beam","Chill"],"picked":"FTL","floor":2},{"not_picked":["Compile Driver","Rebound"],"picked":"Static Discharge","floor":7},{"not_picked":["Skim","Chaos"],"picked":"Beam Cell","floor":8},{"not_picked":["Compile Driver","Go for the Eyes"],"picked":"Defragment","floor":11},{"not_picked":["Coolheaded","Fusion"],"picked":"Leap","floor":13},{"not_picked":["Meteor Strike","All For One"],"picked":"Seek","floor":16},{"not_picked":["Lockon","Ball Lightning+1"],"picked":"Auto Shields+1","floor":18},{"not_picked":["Genetic Algorithm","Skim"],"picked":"Conserve Battery+1","floor":20},{"not_picked":["Leap","Compile Driver"],"picked":"Rebound+1","floor":29},{"not_picked":["Chaos","Compile Driver+1","Sweeping Beam"],"picked":"SKIP","floor":30},{"not_picked":["Go for the Eyes","Multi-Cast"],"picked":"Steam","floor":31}],"player_experience":210358,"relics_obtained":[{"floor":7,"key":"Bag of Marbles"},{"floor":9,"key":"Juzu Bracelet"},{"floor":11,"key":"Boot"},{"floor":26,"key":"Smiling Mask"}],"event_choices":[{"damage_healed":0,"gold_gain":0,"player_choice":"Box","damage_taken":0,"relics_obtained":["Centennial Puzzle"],"max_hp_gain":0,"max_hp_loss":0,"event_name":"Big Fish","floor":3,"gold_loss":0,"cards_obtained":["Regret"]},{"cards_removed":["Regret"],"damage_healed":0,"gold_gain":0,"player_choice":"Card Removal","damage_taken":0,"max_hp_gain":0,"max_hp_loss":0,"event_name":"The Cleric","floor":4,"gold_loss":50},{"cards_removed":["Defend_B"],"damage_healed":0,"gold_gain":0,"player_choice":"Card Removal","damage_taken":7,"max_hp_gain":0,"max_hp_loss":0,"event_name":"Golden Wing","floor":12,"gold_loss":0},{"damage_healed":0,"gold_gain":0,"player_choice":"Left Gold","damage_taken":0,"max_hp_gain":0,"max_hp_loss":0,"event_name":"World of Goop","floor":14,"gold_loss":30},{"damage_healed":0,"gold_gain":0,"player_choice":"Shed Blood","damage_taken":19,"max_hp_gain":5,"max_hp_loss":0,"event_name":"Forgotten Altar","floor":19,"gold_loss":0},{"damage_healed":0,"gold_gain":0,"player_choice":"Obtained Relic","damage_taken":0,"relics_obtained":["Potion Belt"],"max_hp_gain":0,"max_hp_loss":0,"event_name":"Addict","floor":21,"gold_loss":85},{"damage_healed":0,"gold_gain":100,"player_choice":"Pray","damage_taken":0,"max_hp_gain":0,"max_hp_loss":0,"event_name":"Golden Shrine","floor":24,"gold_loss":0}],"is_beta":false,"boss_relics":[{"not_picked":["Black Star","Pandora\u0027s Box"],"picked":"Empty Cage"}],"items_purged_floors":[5,22],"is_endless":false,"potions_floor_spawned":[7,8,16,18,30,31],"killed_by":"Automaton","ascension_level":3}