{"gold_per_floor":[112,123,141,60,60,60,72,100,160,172,195,240,202,214,226,333,345,370,382,405,430,357,369,381,393,430,290,290,306,306,306,306,403,403,416,416,431,431,431,431,431,441,441,246,262,262,262,279,279,279],"floor_reached":51,"playtime":1402,"items_purged":["Scrape"],"score":693,"play_id":"e3fbc88d-ee2a-4466-8a3a-75b9401674b8","local_time":"20181012001153","is_ascension_mode":false,"campfire_choices":[{"data":"Defragment","floor":7,"key":"SMITH"},{"data":"Defragment","floor":15,"key":"SMITH"},{"data":"Chaos","floor":23,"key":"SMITH"},{"floor":24,"key":"REST"},{"floor":25,"key":"REST"},{"data":"Zap","floor":32,"key":"SMITH"},{"floor":40,"key":"REST"},{"floor":41,"key":"REST"},{"floor":47,"key":"REST"},{"floor":49,"key":"REST"}],"neow_cost":"TEN_PERCENT_HP_LOSS","seed_source_timestamp":88244826767779,"circlet_count":0,"master_deck":["Zap+1","Dualcast","Ball Lightning","Coolheaded","Barrage+1","Ball Lightning","Go for the Eyes","Defragment+1","Coolheaded","Core Surge","Defragment+1","Hyperbeam","FTL","Steam","Turbo","Chaos+1","Ball Lightning","Stack","Defragment+1","Cold Snap+1","Seek","Coolheaded","Madness","Loop+1","Stack+1","Go for the Eyes","Ball Lightning+1","Double Energy"],"relics":["Cracked Core","MawBank","Juzu Bracelet","WingedGreaves","Pandora\u0027s Box","Girya","Bag of Marbles","Bronze Scales","Sozu","Regal Pillow","Lantern"],"potions_floor_usage":[42,50,50],"damage_taken":[{"damage":0,"enemies":"Cultist","floor":1,"turns":3},{"damage":2,"enemies":"2 Louse","floor":2,"turns":2},{"damage":0,"enemies":"Jaw Worm","floor":3,"turns":3},{"damage":2,"enemies":"2 Fungi Beasts","floor":8,"turns":2},{"damage":6,"enemies":"Blue Slaver","floor":11,"turns":3},{"damage":12,"enemies":"Gremlin Nob","floor":12,"turns":4},{"damage":7,"enemies":"The Guardian","floor":16,"turns":9},{"damage":10,"enemies":"Chosen","floor":18,"turns":3},{"damage":0,"enemies":"Spheric Guardian","floor":20,"turns":3},{"damage":27,"enemies":"Snake Plant","floor":21,"turns":4},{"damage":6,"enemies":"Cultist and Chosen","floor":29,"turns":4},{"damage":18,"enemies":"Collector","floor":33,"turns":8},{"damage":10,"enemies":"Orb Walker","floor":35,"turns":2},{"damage":42,"enemies":"3 Darklings","floor":37,"turns":5},{"damage":16,"enemies":"Jaw Worm Horde","floor":42,"turns":3},{"damage":14,"enemies":"Sphere and 2 Shapes","floor":45,"turns":6},{"damage":15,"enemies":"4 Shapes","floor":48,"turns":5},{"damage":47,"enemies":"Awakened One","floor":50,"turns":12}],"seed_played":"-1609221342344409539","potions_obtained":[{"floor":2,"key":"Poison Potion"},{"floor":8,"key":"Fire Potion"},{"floor":12,"key":"FocusPotion"},{"floor":16,"key":"PowerPotion"},{"floor":33,"key":"Block Potion"}],"is_trial":false,"path_per_floor":["M","M","M","$","?","?","R","M","T","?","M","E","?","?","R","B",null,"M","?","M","M","?","R","R","R","T","$","?","M","?","?","R","B",null,"M","?","M","?","?","R","R","M","T","$","M","?","R","M","R","B"],"character_chosen":"DEFECT","items_purchased":["Defragment","Defragment","Go for the Eyes","Lantern"],"campfire_rested":6,"item_purchase_floors":[4,27,44,44],"current_hp_per_floor":[68,66,66,66,52,52,52,50,50,43,37,25,25,25,25,18,68,58,46,46,19,19,19,40,61,61,61,61,55,55,48,48,30,73,63,54,12,12,12,33,54,38,38,38,24,24,60,45,73,26],"gold":279,"neow_bonus":"TRANSFORM_TWO_CARDS","is_prod":false,"is_daily":false,"chose_seed":false,"campfire_upgraded":4,"win_rate":0,"timestamp":1539270713,"path_taken":["M","M","?","$","?","?","R","M","T","?","M","E","?","?","R","BOSS","M","?","M","M","?","R","R","R","T","$","?","M","?","?","R","BOSS","M","?","M","?","?","R","R","M","T","$","M","?","R","M","R","BOSS"],"build_version":"2018-10-10","purchased_purges":1,"victory":true,"max_hp_per_floor":[68,68,68,68,68,68,68,68,68,68,68,68,68,68,68,68,68,68,73,73,73,73,73,73,73,73,73,73,73,73,73,73,73,73,73,73,73,73,73,73,73,73,73,73,73,73,73,73,73,73],"card_choices":[{"not_picked":["Steam","Sweeping Beam"],"picked":"Barrage","floor":1},{"not_picked":["Gash","Compile Driver"],"picked":"Ball Lightning","floor":2},{"not_picked":["Redo","Blizzard"],"picked":"Go for the Eyes","floor":3},{"not_picked":["Turbo","Darkness"],"picked":"Coolheaded","floor":8},{"not_picked":["Chill","Rebound"],"picked":"Core Surge","floor":11},{"not_picked":["Turbo","Compile Driver"],"picked":"Defragment","floor":12},{"not_picked":["Amplify","Creative AI"],"picked":"Hyperbeam","floor":16},{"not_picked":["Chill","Coolheaded"],"picked":"Ball Lightning","floor":18},{"not_picked":["Gash","Hologram"],"picked":"Stack","floor":20},{"not_picked":["Aggregate","Turbo","Reprogram+1"],"picked":"SKIP","floor":21},{"not_picked":["Coolheaded","Sweeping Beam"],"picked":"Cold Snap+1","floor":29},{"not_picked":["Amplify","Hyperbeam"],"picked":"Seek","floor":33},{"not_picked":["Leap","Redo"],"picked":"Coolheaded","floor":35},{"not_picked":["Sunder","Rebound+1"],"picked":"Loop+1","floor":37},{"not_picked":["Coolheaded","Darkness+1"],"picked":"Stack+1","floor":42},{"not_picked":["Gash","Sweeping Beam"],"picked":"Ball Lightning+1","floor":45},{"not_picked":["Stack+1","Streamline"],"picked":"Double Energy","floor":48}],"player_experience":493030,"relics_obtained":[{"floor":9,"key":"Juzu Bracelet"},{"floor":12,"key":"WingedGreaves"},{"floor":26,"key":"Bag of Marbles"},{"floor":43,"key":"Regal Pillow"}],"event_choices":[{"event_name":"Shining Light","player_choice":"Entered Light","floor":5,"damage_taken":0},{"event_name":"Big Fish","player_choice":"Box","floor":6,"damage_taken":0},{"event_name":"Golden Wing","player_choice":"Card Removal","floor":10,"damage_taken":0},{"event_name":"The Cleric","player_choice":"Card Removal","floor":13,"damage_taken":0},{"event_name":"Liars Game","player_choice":"disagreed","floor":14,"damage_taken":0},{"event_name":"Forgotten Altar","player_choice":"Shed Blood","floor":19,"damage_taken":0},{"event_name":"Addict","player_choice":"Obtained Relic","floor":22,"damage_taken":0},{"event_name":"WeMeetAgain","player_choice":"Potion","floor":28,"damage_taken":0},{"event_name":"Accursed Blacksmith","player_choice":"Forge","floor":30,"damage_taken":0},{"event_name":"Knowing Skull","player_choice":"","floor":31,"damage_taken":0},{"event_name":"Winding Halls","player_choice":"Embrace Madness","floor":36,"damage_taken":0},{"event_name":"Falling","player_choice":"Removed Skill","floor":38,"damage_taken":0},{"event_name":"Mysterious Sphere","player_choice":"Ignore","floor":39,"damage_taken":0},{"event_name":"The Woman in Blue","player_choice":"Bought 0 Potions","floor":46,"damage_taken":0}],"is_beta":true,"boss_relics":[{"not_picked":["Runic Dome","Fusion Hammer"],"picked":"Pandora\u0027s Box"},{"not_picked":["Astrolabe","Black Star"],"picked":"Sozu"}],"items_purged_floors":[27],"is_endless":false,"potions_floor_spawned":[2,8,12,16,18,33,37],"ascension_level":0}