{"gold_per_floor":[115,129,140,61,75,103,114,129,153,153,118,118,118,128,128,236,248,275,212,212,229,242,242,275,275,275,275],"floor_reached":27,"playtime":1034,"items_purged":["Impatience"],"score":285,"play_id":"e5714cbe-2c76-4324-953c-c2a70808d24b","local_time":"20181204122916","is_ascension_mode":false,"campfire_choices":[{"floor":10,"key":"DIG"},{"data":"Armaments","floor":12,"key":"SMITH"},{"floor":15,"key":"DIG"},{"data":"Demon Form","floor":23,"key":"SMITH"}],"neow_cost":"NONE","seed_source_timestamp":158045145411376,"circlet_count":0,"master_deck":["Strike_R+1","Strike_R+1","Strike_R+1","Strike_R+1","Defend_R+1","Defend_R+1","Defend_R+1","Defend_R+1","Bash","Iron Wave","Twin Strike","Anger","Inflame","Heavy Blade","Spot Weakness","Armaments+1","Spot Weakness","Rampage","Armaments","Demon Form+1"],"relics":["Burning Blood","Shovel","Orichalcum","Incense Burner","Regal Pillow","MawBank","Dead Branch","Gambling Chip"],"potions_floor_usage":[24,24,27],"damage_taken":[{"damage":1,"enemies":"Cultist","floor":1,"turns":3},{"damage":4,"enemies":"Small Slimes","floor":2,"turns":4},{"damage":0,"enemies":"2 Louse","floor":3,"turns":3},{"damage":2,"enemies":"Large Slime","floor":5,"turns":6},{"damage":26,"enemies":"Lagavulin","floor":6,"turns":6},{"damage":11,"enemies":"Red Slaver","floor":7,"turns":3},{"damage":16,"enemies":"Blue Slaver","floor":8,"turns":4},{"damage":5,"enemies":"Exordium Wildlife","floor":14,"turns":2},{"damage":0,"enemies":"Slime Boss","floor":16,"turns":8},{"damage":14,"enemies":"2 Thieves","floor":18,"turns":4},{"damage":4,"enemies":"Shell Parasite","floor":21,"turns":3},{"damage":18,"enemies":"Chosen and Byrds","floor":22,"turns":6},{"damage":30,"enemies":"Gremlin Leader","floor":24,"turns":5},{"damage":47,"enemies":"Slavers","floor":27,"turns":4}],"seed_played":"3769801292976742182","potions_obtained":[{"floor":1,"key":"Poison Potion"},{"floor":16,"key":"Regen Potion"},{"floor":18,"key":"Ancient Potion"},{"floor":24,"key":"Explosive Potion"}],"is_trial":false,"path_per_floor":["M","M","M","$","M","E","M","M","T","R","?","R","?","M","R","B",null,"M","$","?","M","M","R","E","?","T","E"],"character_chosen":"IRONCLAD","items_purchased":["Inflame"],"campfire_rested":0,"item_purchase_floors":[4],"current_hp_per_floor":[80,80,80,80,80,60,55,45,45,45,65,65,62,63,63,69,80,72,72,72,74,62,62,47,47,47,0],"gold":275,"neow_bonus":"RANDOM_COLORLESS","is_prod":false,"is_daily":false,"chose_seed":false,"campfire_upgraded":2,"win_rate":0,"timestamp":1543944556,"path_taken":["M","M","M","$","M","E","M","M","T","R","?","R","?","M","R","BOSS","M","$","?","?","M","R","E","?","T","E"],"build_version":"2018-11-15","purchased_purges":1,"victory":false,"max_hp_per_floor":[80,80,80,80,80,80,80,80,80,80,80,80,80,80,80,80,80,80,80,80,80,80,80,80,80,80,80],"card_choices":[{"not_picked":["Sword Boomerang","Havoc"],"picked":"Iron Wave","floor":1},{"not_picked":["True Grit","Wild Strike"],"picked":"Twin Strike","floor":2},{"not_picked":["Cleave","True Grit"],"picked":"Anger","floor":3},{"not_picked":["Havoc","Searing Blow"],"picked":"Heavy Blade","floor":5},{"not_picked":["Berserk","Havoc","Wild Strike"],"picked":"SKIP","floor":6},{"not_picked":["Bloodletting","Body Slam"],"picked":"Spot Weakness","floor":7},{"not_picked":["Havoc","Reckless Charge"],"picked":"Armaments","floor":8},{"not_picked":["Havoc","Twin Strike"],"picked":"Spot Weakness","floor":14},{"not_picked":["Clothesline","Flame Barrier","Second Wind"],"picked":"SKIP","floor":18},{"not_picked":["Pommel Strike+1","Entrench"],"picked":"Armaments","floor":21},{"not_picked":["Havoc+1","Hemokinesis"],"picked":"Demon Form","floor":22},{"not_picked":["Pommel Strike","Sword Boomerang+1","Headbutt"],"picked":"SKIP","floor":24}],"player_experience":86510,"relics_obtained":[{"floor":6,"key":"Shovel"},{"floor":9,"key":"Orichalcum"},{"floor":10,"key":"Incense Burner"},{"floor":15,"key":"MawBank"},{"floor":24,"key":"Dead Branch"},{"floor":26,"key":"Gambling Chip"}],"event_choices":[{"damage_healed":20,"gold_gain":0,"player_choice":"Healed","damage_taken":0,"max_hp_gain":0,"max_hp_loss":0,"event_name":"The Cleric","floor":11,"gold_loss":35},{"damage_healed":0,"gold_gain":0,"player_choice":"Success","damage_taken":3,"relics_obtained":["Regal Pillow"],"max_hp_gain":0,"max_hp_loss":0,"event_name":"Scrap Ooze","floor":13,"gold_loss":0},{"damage_healed":0,"gold_gain":0,"cards_transformed":["Strike_R"],"player_choice":"Transformed","damage_taken":0,"max_hp_gain":0,"max_hp_loss":0,"event_name":"Transmorgrifier","floor":20,"gold_loss":0,"cards_obtained":["Rampage"]},{"damage_healed":0,"gold_gain":0,"player_choice":"Simplicity","damage_taken":0,"max_hp_gain":0,"max_hp_loss":0,"event_name":"Back to Basics","floor":25,"gold_loss":0,"cards_upgraded":["Strike_R","Strike_R","Strike_R","Strike_R","Defend_R","Defend_R","Defend_R","Defend_R"]}],"is_beta":false,"boss_relics":[{"not_picked":["Coffee Dripper","Runic Cube","Busted Crown"]}],"items_purged_floors":[19],"is_endless":false,"potions_floor_spawned":[1,16,18,24],"killed_by":"Slavers","ascension_level":0}