{"gold_per_floor":[118,118,118,138,155,184,184,184,238,281,305,317,329,354,366,483,495,525,551,563,675,3,3],"floor_reached":23,"playtime":1451,"items_purged":["Decay"],"score":254,"play_id":"91190377-890b-418c-961c-019e009d10b9","local_time":"20190109171149","is_ascension_mode":true,"campfire_choices":[{"floor":8,"key":"REST"},{"floor":12,"key":"REST"},{"floor":15,"key":"DIG"}],"neow_cost":"NONE","seed_source_timestamp":67493515153732,"circlet_count":0,"master_deck":["Defend_G","Defend_G","Defend_G+1","Defend_G","Defend_G","Strike_G","Strike_G","Strike_G+1","Strike_G","Strike_G","Survivor","Neutralize","Blade Dance","Cloak And Dagger","Cloak And Dagger","Blur","Backflip","Dagger Spray","After Image","Doubt","Parasite","Pain","Infinite Blades"],"relics":["Ring of the Snake","NeowsBlessing","Bronze Scales","CultistMask","Pear","MawBank","Shovel","The Courier","Calling Bell","Nunchaku","Strawberry","Pantograph","WingedGreaves","TwistedFunnel","Blood Vial"],"potions_floor_usage":[6,6,16,19,23],"damage_taken":[{"damage":0,"enemies":"Small Slimes","floor":1,"turns":1},{"damage":0,"enemies":"Cultist","floor":4,"turns":1},{"damage":0,"enemies":"Jaw Worm","floor":5,"turns":1},{"damage":24,"enemies":"Gremlin Nob","floor":6,"turns":5},{"damage":24,"enemies":"3 Sentries","floor":10,"turns":10},{"damage":1,"enemies":"Lots of Slimes","floor":11,"turns":4},{"damage":0,"enemies":"2 Fungi Beasts","floor":14,"turns":4},{"damage":34,"enemies":"Hexaghost","floor":16,"turns":14},{"damage":64,"enemies":"Chosen","floor":18,"turns":9},{"damage":18,"enemies":"Spheric Guardian","floor":19,"turns":8},{"damage":21,"enemies":"Book of Stabbing","floor":23,"turns":4}],"seed_played":"-4856400976567180163","potions_obtained":[{"floor":1,"key":"Poison Potion"},{"floor":5,"key":"Block Potion"},{"floor":10,"key":"SteroidPotion"},{"floor":18,"key":"GamblersBrew"}],"is_trial":false,"path_per_floor":["M","?","?","M","M","E","?","R","T","E","M","R","$","M","R","B",null,"M","M","?","?","$","E"],"character_chosen":"THE_SILENT","items_purchased":["WingedGreaves","TwistedFunnel","Blood Vial","Infinite Blades","GhostInAJar"],"campfire_rested":2,"item_purchase_floors":[22,22,22,22,22],"current_hp_per_floor":[70,63,63,63,63,49,33,57,57,33,32,56,56,56,56,22,87,23,5,5,5,5,0],"gold":3,"neow_bonus":"THREE_ENEMY_KILL","is_prod":false,"is_daily":false,"chose_seed":false,"campfire_upgraded":0,"win_rate":0,"timestamp":1547071909,"path_taken":["M","?","?","M","?","E","?","R","T","E","M","R","?","M","R","BOSS","M","?","?","?","$","E"],"build_version":"2019-01-03v4","purchased_purges":1,"victory":false,"max_hp_per_floor":[70,70,70,70,70,80,80,80,80,80,80,80,80,80,80,80,87,87,87,87,87,87,87],"card_choices":[{"not_picked":["Riddle With Holes","Backflip"],"picked":"Blade Dance","floor":1},{"not_picked":["Distraction","Blade Dance"],"picked":"Cloak And Dagger","floor":4},{"not_picked":["Bane","Deadly Poison"],"picked":"Cloak And Dagger","floor":5},{"not_picked":["Dodge and Roll","Flying Knee"],"picked":"Blur","floor":6},{"not_picked":["Doppelganger","Crippling Poison"],"picked":"Backflip","floor":10},{"not_picked":["Blade Dance","Endless Agony"],"picked":"Dagger Spray","floor":11},{"not_picked":["Outmaneuver","Caltrops","Eviscerate"],"picked":"SKIP","floor":14},{"not_picked":["Grand Finale","Doppelganger"],"picked":"After Image","floor":16},{"not_picked":["Quick Slash","Prepared","All Out Attack"],"picked":"SKIP","floor":18},{"not_picked":["Poisoned Stab+1","Slice","Prepared"],"picked":"SKIP","floor":19}],"player_experience":195954,"relics_obtained":[{"floor":6,"key":"Pear"},{"floor":9,"key":"MawBank"},{"floor":10,"key":"Shovel"},{"floor":15,"key":"The Courier"},{"floor":17,"key":"Nunchaku"},{"floor":17,"key":"Strawberry"},{"floor":17,"key":"Pantograph"}],"event_choices":[{"damage_healed":0,"gold_gain":0,"player_choice":"Success","damage_taken":7,"relics_obtained":["Bronze Scales"],"max_hp_gain":0,"max_hp_loss":0,"event_name":"Scrap Ooze","floor":2,"gold_loss":0},{"damage_healed":0,"gold_gain":0,"player_choice":"Trade","damage_taken":0,"relics_obtained":["CultistMask"],"max_hp_gain":0,"max_hp_loss":0,"event_name":"FaceTrader","floor":3,"gold_loss":0},{"damage_healed":0,"gold_gain":0,"player_choice":"Entered Light","damage_taken":16,"max_hp_gain":0,"max_hp_loss":0,"event_name":"Shining Light","floor":7,"gold_loss":0,"cards_upgraded":["Strike_G","Defend_G"]},{"damage_healed":0,"gold_gain":0,"player_choice":"Smashed Altar","damage_taken":0,"max_hp_gain":0,"max_hp_loss":0,"event_name":"Forgotten Altar","floor":20,"gold_loss":0,"cards_obtained":["Decay"]},{"damage_healed":0,"gold_gain":100,"player_choice":"Pray","damage_taken":0,"max_hp_gain":0,"max_hp_loss":0,"event_name":"Golden Shrine","floor":21,"gold_loss":0}],"is_beta":false,"boss_relics":[{"not_picked":["Tiny House","Lizard Tail"],"picked":"Calling Bell"}],"items_purged_floors":[22],"is_endless":false,"potions_floor_spawned":[1,5,10,18],"killed_by":"Book of Stabbing","ascension_level":3}