{"gold_per_floor":[167,167,181,201,38,38,70,85,161,171,171,206,183,213,225,314,326,350,287,299,311,333,345,367,379,391,417,429],"floor_reached":28,"playtime":1634,"items_purged":[],"score":560,"play_id":"a5ddd8b4-ecc4-497d-9457-e31b7f895fda","local_time":"20181101170334","is_ascension_mode":true,"campfire_choices":[{"data":"Deadly Poison","floor":6,"key":"SMITH"},{"floor":11,"key":"REST"},{"data":"Footwork","floor":15,"key":"SMITH"},{"floor":23,"key":"REST"},{"floor":25,"key":"REST"}],"neow_cost":"NONE","seed_source_timestamp":84094659573800,"circlet_count":0,"master_deck":["AscendersBane","Defend_G","Defend_G","Defend_G+1","Defend_G","Defend_G","Strike_G","Strike_G","Strike_G","Survivor","Neutralize","Leg Sweep","Deadly Poison+1","Crippling Poison","Backflip","Quick Slash","Dagger Spray","Footwork+1","Glass Knife","Well Laid Plans","Backstab","Prepared","After Image","Outmaneuver+1","Backflip","Deflect"],"relics":["Tiny House","Tingsha","Sundial","MawBank","Black Star","Pen Nib","Omamori"],"potions_floor_usage":[7,7,7,8,12,24,27,28],"damage_taken":[{"damage":1,"enemies":"Small Slimes","floor":1,"turns":5},{"damage":2,"enemies":"Jaw Worm","floor":3,"turns":6},{"damage":0,"enemies":"Cultist","floor":4,"turns":5},{"damage":52,"enemies":"Gremlin Nob","floor":7,"turns":5},{"damage":0,"enemies":"Gremlin Gang","floor":8,"turns":5},{"damage":0,"enemies":"Exordium Wildlife","floor":10,"turns":3},{"damage":8,"enemies":"Lagavulin","floor":12,"turns":8},{"damage":2,"enemies":"Looter","floor":14,"turns":3},{"damage":0,"enemies":"The Guardian","floor":16,"turns":12},{"damage":9,"enemies":"Shell Parasite","floor":18,"turns":8},{"damage":36,"enemies":"Chosen","floor":22,"turns":7},{"damage":19,"enemies":"Centurion and Healer","floor":24,"turns":10},{"damage":45,"enemies":"Cultist and Chosen","floor":27,"turns":12},{"damage":10,"enemies":"Gremlin Leader","floor":28,"turns":3}],"seed_played":"606704270169759685","potions_obtained":[{"floor":0,"key":"EntropicBrew"},{"floor":3,"key":"Energy Potion"},{"floor":7,"key":"AttackPotion"},{"floor":12,"key":"SteroidPotion"},{"floor":16,"key":"LiquidBronze"},{"floor":22,"key":"Regen Potion"},{"floor":24,"key":"SkillPotion"}],"is_trial":false,"path_per_floor":["M","?","M","M","$","R","E","M","T","M","R","E","?","M","R","B",null,"M","?","?","$","M","R","M","R","T","M","E"],"character_chosen":"THE_SILENT","items_purchased":["Quick Slash","Dagger Spray","Footwork"],"campfire_rested":3,"item_purchase_floors":[5,5,5],"current_hp_per_floor":[63,56,54,54,54,54,2,2,2,2,23,15,32,30,30,30,61,52,52,52,52,16,37,33,54,54,9,0],"gold":429,"neow_bonus":"BOSS_RELIC","is_prod":false,"is_daily":false,"chose_seed":false,"campfire_upgraded":2,"win_rate":0,"timestamp":1541106214,"path_taken":["M","?","M","M","$","R","E","M","T","M","R","E","?","M","R","BOSS","M","?","?","$","?","R","?","R","T","M","E"],"build_version":"2018-11-01","purchased_purges":0,"victory":false,"max_hp_per_floor":[71,71,71,71,71,71,71,71,71,71,71,71,71,71,71,71,71,71,71,71,71,71,71,71,71,71,71,71],"card_choices":[{"not_picked":["Slice","Dagger Throw"],"picked":"Leg Sweep","floor":0},{"not_picked":["Quick Slash","Blur"],"picked":"Deadly Poison","floor":1},{"not_picked":["Backflip","Acrobatics"],"picked":"Crippling Poison","floor":3},{"not_picked":["PiercingWail","Leg Sweep"],"picked":"Backflip","floor":4},{"not_picked":["Dash","Underhanded Strike"],"picked":"Glass Knife","floor":7},{"not_picked":["Dodge and Roll","Acrobatics"],"picked":"Well Laid Plans","floor":8},{"not_picked":["Sucker Punch","Poisoned Stab"],"picked":"Backstab","floor":10},{"not_picked":["Infinite Blades","Riddle With Holes","Slice"],"picked":"SKIP","floor":12},{"not_picked":["Phantasmal Killer","Choke"],"picked":"Prepared","floor":14},{"not_picked":["Doppelganger","Glass Knife"],"picked":"After Image","floor":16},{"not_picked":["Dagger Spray","Quick Slash"],"picked":"Outmaneuver+1","floor":18},{"not_picked":["Sucker Punch","Finisher","Expertise"],"picked":"SKIP","floor":22},{"not_picked":["Dagger Throw","Underhanded Strike+1"],"picked":"Backflip","floor":24},{"not_picked":["Reflex","Eviscerate"],"picked":"Deflect","floor":27}],"player_experience":1581608,"relics_obtained":[{"floor":7,"key":"Tingsha"},{"floor":9,"key":"Sundial"},{"floor":12,"key":"MawBank"},{"floor":20,"key":"Pen Nib"},{"floor":26,"key":"Omamori"}],"event_choices":[{"cards_removed":["Strike_G"],"damage_healed":0,"gold_gain":0,"player_choice":"Card Removal","damage_taken":7,"max_hp_gain":0,"max_hp_loss":0,"event_name":"Golden Wing","floor":2,"gold_loss":0},{"damage_healed":17,"gold_gain":0,"player_choice":"Healed","damage_taken":0,"max_hp_gain":0,"max_hp_loss":0,"event_name":"The Cleric","floor":13,"gold_loss":35},{"cards_removed":["Strike_G"],"damage_healed":0,"gold_gain":0,"player_choice":"Gave Gold","damage_taken":0,"max_hp_gain":0,"max_hp_loss":0,"event_name":"Beggar","floor":19,"gold_loss":75},{"damage_healed":0,"gold_gain":0,"player_choice":"Relic","damage_taken":0,"max_hp_gain":0,"max_hp_loss":0,"event_name":"Wheel of Change","floor":20,"gold_loss":0}],"is_beta":true,"boss_relics":[{"not_picked":["Pandora\u0027s Box","Coffee Dripper"],"picked":"Black Star"}],"items_purged_floors":[],"is_endless":false,"potions_floor_spawned":[3,4,7,12,16,22,24],"killed_by":"Gremlin Leader","ascension_level":20}