{"gold_per_floor":[114,114,129,57,57,87,87,102,102,102,177,192,192,207,207,307,307,322,322,105,120,45,45,75,75,75,90,40,55,55,70,70,170,170,185,200,0,0,100,100,115,39,114,64,64,64,77,107,107,107],"floor_reached":51,"playtime":2644,"items_purged":["Strike_B","Strike_B","Strike_B"],"score":741,"play_id":"3b503706-bdde-4b4c-a095-1bc34b3ee4f2","local_time":"20181207090000","daily_mods":["Allstar","ControlledChaos","Lethality"],"is_ascension_mode":false,"campfire_choices":[{"data":"Dualcast","floor":7,"key":"SMITH"},{"floor":15,"key":"REST"},{"floor":23,"key":"REST"},{"floor":25,"key":"REST"},{"data":"Mayhem","floor":30,"key":"SMITH"},{"floor":32,"key":"REST"},{"floor":40,"key":"REST"},{"data":"Panacea","floor":49,"key":"SMITH"}],"neow_cost":"","seed_source_timestamp":0,"circlet_count":0,"master_deck":["Defend_B","Zap+1","Dualcast+1","Violence","Impatience","Mayhem+1","Panacea+1","Enlightenment","Cold Snap","Defragment","Consume","Reinforced Body","Parasite","Reprogram","Chill","Seek","Hologram","Capacitor","Deep Breath","BootSequence","Skim+1","Coolheaded","Compile Driver+1","Machine Learning","White Noise+1","Multi-Cast+1","Coolheaded+1","Dark Shackles","White Noise+1","Compile Driver+1","Storm","Storm+1","Chaos+1"],"special_seed":17872,"relics":["Cracked Core","Frozen Eye","Pear","Mummified Hand","Smiling Mask","Turnip","Sozu","Regal Pillow","Juzu Bracelet","Astrolabe","Red Mask","StoneCalendar","Letter Opener","FossilizedHelix","Ancient Tea Set"],"potions_floor_usage":[16,16,18],"damage_taken":[{"damage":8,"enemies":"Small Slimes","floor":1,"turns":2},{"damage":0,"enemies":"Cultist","floor":3,"turns":2},{"damage":12,"enemies":"3 Sentries","floor":6,"turns":3},{"damage":9,"enemies":"2 Louse","floor":8,"turns":2},{"damage":0,"enemies":"2 Fungi Beasts","floor":12,"turns":2},{"damage":11,"enemies":"Exordium Wildlife","floor":14,"turns":3},{"damage":6,"enemies":"Slime Boss","floor":16,"turns":5},{"damage":32,"enemies":"3 Byrds","floor":18,"turns":4},{"damage":11,"enemies":"Shell Parasite","floor":21,"turns":3},{"damage":15,"enemies":"Gremlin Leader","floor":24,"turns":5},{"damage":13,"enemies":"Snecko","floor":27,"turns":4},{"damage":0,"enemies":"Snake Plant","floor":29,"turns":4},{"damage":6,"enemies":"Sentry and Sphere","floor":31,"turns":3},{"damage":40,"enemies":"Collector","floor":33,"turns":11},{"damage":13,"enemies":"3 Shapes","floor":35,"turns":5},{"damage":9,"enemies":"Orb Walker","floor":36,"turns":3},{"damage":5,"enemies":"Mind Bloom Boss Battle","floor":39,"turns":6},{"damage":0,"enemies":"Jaw Worm Horde","floor":41,"turns":4},{"damage":0,"enemies":"2 Orb Walkers","floor":47,"turns":4},{"damage":0,"enemies":"Reptomancer","floor":48,"turns":4},{"damage":16,"enemies":"Donu and Deca","floor":50,"turns":4}],"seed_played":"-1452955457845597649","potions_obtained":[{"floor":8,"key":"Ancient Potion"},{"floor":12,"key":"LiquidBronze"},{"floor":14,"key":"Dexterity Potion"}],"is_trial":false,"path_per_floor":["M","?","M","$","T","E","R","M","T","?","?","M","?","M","R","B",null,"M","?","$","M","?","R","E","R","T","M","$","M","R","M","R","B",null,"M","M","?","?","?","R","M","$","T","$","?","?","?","E","R","B",null],"character_chosen":"DEFECT","items_purchased":["Defragment","Capacitor","Deep Breath","Storm"],"campfire_rested":5,"item_purchase_floors":[4,20,20,42],"current_hp_per_floor":[67,67,67,67,77,65,65,56,56,77,66,66,48,37,62,56,85,53,53,53,42,42,67,52,85,85,72,72,72,72,66,85,45,85,72,63,63,63,58,85,85,85,85,85,81,81,81,81,81,65],"gold":107,"neow_bonus":"","is_prod":false,"is_daily":true,"chose_seed":false,"campfire_upgraded":3,"win_rate":0,"timestamp":1544191200,"path_taken":["M","?","M","$","?","E","R","M","T","?","?","?","?","M","R","BOSS","M","?","$","M","?","R","E","R","T","M","?","M","R","M","R","BOSS","M","M","?","?","?","R","M","$","T","$","?","?","?","E","R","BOSS"],"build_version":"2018-12-06","purchased_purges":3,"victory":true,"max_hp_per_floor":[75,75,75,75,85,85,85,85,85,85,85,85,85,85,85,85,85,85,85,85,85,85,85,85,85,85,85,85,85,85,85,85,85,85,85,85,85,85,85,85,85,85,85,85,81,81,81,81,81,81],"card_choices":[{"not_picked":["Redo","Gash"],"picked":"Cold Snap","floor":1},{"not_picked":["Sweeping Beam","Compile Driver","Force Field"],"picked":"SKIP","floor":3},{"not_picked":["Double Energy","Steam"],"picked":"Consume","floor":6},{"not_picked":["Thunder Strike","Leap"],"picked":"Reinforced Body","floor":8},{"not_picked":["Cold Snap","Recycle"],"picked":"Reprogram","floor":12},{"not_picked":["Stack","Gash"],"picked":"Chill","floor":14},{"not_picked":["Buffer","All For One"],"picked":"Seek","floor":16},{"not_picked":["Gash","Leap+1"],"picked":"Hologram","floor":18},{"not_picked":["Steam+1","Gash"],"picked":"BootSequence","floor":21},{"not_picked":["Stack","Streamline+1"],"picked":"Skim+1","floor":24},{"not_picked":["Gash","Go for the Eyes"],"picked":"Coolheaded","floor":27},{"not_picked":["Rebound","Static Discharge"],"picked":"Compile Driver+1","floor":29},{"not_picked":["Compile Driver","Streamline","Double Energy"],"picked":"SKIP","floor":31},{"not_picked":["Amplify","Echo Form"],"picked":"Machine Learning","floor":33},{"not_picked":["Barrage+1","Stack"],"picked":"Coolheaded+1","floor":35},{"not_picked":["Redo","Hello World","Fusion"],"picked":"SKIP","floor":36},{"not_picked":["Good Instincts","Swift Strike"],"picked":"Dark Shackles","floor":38},{"not_picked":["Stack+1","Rebound+1"],"picked":"White Noise+1","floor":39},{"not_picked":["Heatsinks+1","Melter"],"picked":"Compile Driver+1","floor":41},{"not_picked":["Redo+1","Barrage+1"],"picked":"Storm+1","floor":47},{"not_picked":["White Noise","Conserve Battery+1"],"picked":"Chaos+1","floor":48}],"player_experience":683653,"relics_obtained":[{"floor":5,"key":"Pear"},{"floor":6,"key":"Mummified Hand"},{"floor":9,"key":"Smiling Mask"},{"floor":24,"key":"Regal Pillow"},{"floor":26,"key":"Juzu Bracelet"},{"floor":39,"key":"StoneCalendar"},{"floor":43,"key":"Letter Opener"},{"floor":47,"key":"FossilizedHelix"},{"floor":48,"key":"Ancient Tea Set"}],"event_choices":[{"damage_healed":0,"gold_gain":0,"player_choice":"Upgraded","damage_taken":0,"max_hp_gain":0,"max_hp_loss":0,"event_name":"Upgrade Shrine","floor":2,"gold_loss":0,"cards_upgraded":["Zap"]},{"damage_healed":21,"gold_gain":0,"player_choice":"Healed and dodged fight","damage_taken":0,"max_hp_gain":0,"max_hp_loss":0,"event_name":"Mushrooms","floor":10,"gold_loss":0,"cards_obtained":["Parasite"]},{"damage_healed":0,"gold_gain":75,"player_choice":"Gather Gold","damage_taken":11,"max_hp_gain":0,"max_hp_loss":0,"event_name":"World of Goop","floor":11,"gold_loss":0},{"damage_healed":0,"gold_gain":0,"player_choice":"Success","damage_taken":18,"relics_obtained":["Turnip"],"max_hp_gain":0,"max_hp_loss":0,"event_name":"Scrap Ooze","floor":13,"gold_loss":0},{"damage_healed":0,"gold_gain":0,"player_choice":"Ignored","damage_taken":0,"max_hp_gain":0,"max_hp_loss":0,"event_name":"Ghosts","floor":19,"gold_loss":0},{"cards_removed":["Defend_B"],"damage_healed":0,"gold_gain":0,"player_choice":"Gave Gold","damage_taken":0,"max_hp_gain":0,"max_hp_loss":0,"event_name":"Beggar","floor":22,"gold_loss":75},{"damage_healed":0,"gold_gain":0,"player_choice":"Paid","damage_taken":0,"relics_obtained":["Red Mask"],"max_hp_gain":0,"max_hp_loss":0,"event_name":"Tomb of Lord Red Mask","floor":37,"gold_loss":200},{"damage_healed":0,"gold_gain":0,"player_choice":"Memory 1","damage_taken":0,"max_hp_gain":0,"max_hp_loss":0,"event_name":"SensoryStone","floor":38,"gold_loss":0},{"damage_healed":0,"gold_gain":0,"player_choice":"Fight","damage_taken":0,"max_hp_gain":0,"max_hp_loss":0,"event_name":"MindBloom","floor":39,"gold_loss":0},{"damage_healed":0,"gold_gain":0,"player_choice":"Max HP","damage_taken":0,"max_hp_gain":0,"max_hp_loss":4,"event_name":"Winding Halls","floor":45,"gold_loss":0},{"cards_removed":["Cold Snap"],"damage_healed":0,"gold_gain":0,"player_choice":"Removed Attack","damage_taken":0,"max_hp_gain":0,"max_hp_loss":0,"event_name":"Falling","floor":46,"gold_loss":0},{"damage_healed":0,"gold_gain":0,"player_choice":"Fight","damage_taken":0,"max_hp_gain":0,"max_hp_loss":0,"event_name":"Mysterious Sphere","floor":47,"gold_loss":0}],"is_beta":false,"boss_relics":[{"not_picked":["Coffee Dripper","Black Star"],"picked":"Sozu"},{"not_picked":["Snecko Eye","Lizard Tail"],"picked":"Astrolabe"}],"items_purged_floors":[20,28,44],"is_endless":false,"potions_floor_spawned":[8,12,14,18,24,27,29,33,36,39,47],"ascension_level":0}