{"gold_per_floor":[113,38,38,48,65,65,83,96,119,119,119,136,151,151,151,228,228,244,244,244],"floor_reached":20,"playtime":937,"items_purged":["Strike_B"],"score":332,"play_id":"5d8ba2ae-3f30-4916-9264-2b1177b9a7d0","local_time":"20190109200203","is_ascension_mode":true,"campfire_choices":[{"data":"Zap","floor":6,"key":"SMITH"},{"floor":11,"key":"REST"},{"floor":15,"key":"REST"}],"neow_cost":"TEN_PERCENT_HP_LOSS","seed_source_timestamp":1997606278877683,"circlet_count":0,"master_deck":["AscendersBane","Defend_B","Defend_B","Defend_B+1","Defend_B","Zap+1","Dualcast+1","Rebound+1","Ball Lightning","Conserve Battery","Cold Snap","Hologram","Conserve Battery+1","Electrodynamics","Go for the Eyes","Bite","Bite","Bite","Bite","Bite"],"relics":["Cracked Core","Girya","War Paint","Eternal Feather"],"potions_floor_usage":[16],"damage_taken":[{"damage":6,"enemies":"Cultist","floor":1,"turns":3},{"damage":9,"enemies":"Jaw Worm","floor":4,"turns":4},{"damage":5,"enemies":"2 Louse","floor":5,"turns":3},{"damage":11,"enemies":"Blue Slaver","floor":7,"turns":3},{"damage":16,"enemies":"Lots of Slimes","floor":8,"turns":5},{"damage":8,"enemies":"Gremlin Gang","floor":12,"turns":4},{"damage":0,"enemies":"3 Louse","floor":13,"turns":3},{"damage":16,"enemies":"Hexaghost","floor":16,"turns":12},{"damage":28,"enemies":"Shell Parasite","floor":18,"turns":9},{"damage":32,"enemies":"3 Byrds","floor":20,"turns":2}],"seed_played":"4897872227593215158","potions_obtained":[{"floor":7,"key":"FearPotion"},{"floor":8,"key":"SneckoOil"},{"floor":12,"key":"Block Potion"}],"is_trial":false,"path_per_floor":["M","$","?","M","M","R","M","M","T","?","R","M","M","?","R","B",null,"M","?","M"],"character_chosen":"DEFECT","items_purchased":[],"campfire_rested":2,"item_purchase_floors":[],"current_hp_per_floor":[58,58,58,49,44,44,33,17,17,17,36,28,28,9,28,12,51,23,23,0],"gold":244,"neow_bonus":"ONE_RARE_RELIC","is_prod":false,"is_daily":false,"chose_seed":false,"campfire_upgraded":1,"win_rate":0,"timestamp":1547031723,"path_taken":["M","$","?","M","M","R","?","M","T","?","R","M","M","?","R","BOSS","M","?","M"],"build_version":"2019-01-03v4","purchased_purges":1,"victory":false,"max_hp_per_floor":[64,64,64,64,64,64,64,64,64,64,64,64,64,64,64,64,64,64,44,44],"card_choices":[{"not_picked":["Streamline","Steam"],"picked":"Rebound","floor":1},{"not_picked":["Go for the Eyes","Storm"],"picked":"Ball Lightning","floor":4},{"not_picked":["Rebound","Leap","Redo"],"picked":"SKIP","floor":5},{"not_picked":["Redo","Stack"],"picked":"Conserve Battery","floor":7},{"not_picked":["Lockon","Turbo"],"picked":"Cold Snap","floor":8},{"not_picked":["Reprogram","Skim"],"picked":"Hologram","floor":12},{"not_picked":["Hyperbeam","Darkness"],"picked":"Conserve Battery","floor":13},{"not_picked":["Creative AI","Multi-Cast"],"picked":"Electrodynamics","floor":16},{"not_picked":["Gash","Turbo+1"],"picked":"Go for the Eyes","floor":18}],"player_experience":798208,"relics_obtained":[{"floor":9,"key":"War Paint"}],"event_choices":[{"cards_removed":["Strike_B"],"damage_healed":0,"gold_gain":0,"player_choice":"Offered Basic","damage_taken":0,"max_hp_gain":0,"max_hp_loss":0,"event_name":"Bonfire Elementals","floor":3,"gold_loss":0},{"damage_healed":0,"gold_gain":0,"player_choice":"Ignored","damage_taken":0,"max_hp_gain":0,"max_hp_loss":0,"event_name":"Golden Idol","floor":10,"gold_loss":0},{"damage_healed":0,"gold_gain":0,"player_choice":"Entered Light","damage_taken":19,"max_hp_gain":0,"max_hp_loss":0,"event_name":"Shining Light","floor":14,"gold_loss":0,"cards_upgraded":["Conserve Battery","Rebound"]},{"damage_healed":0,"gold_gain":0,"player_choice":"Became a vampire","damage_taken":0,"max_hp_gain":0,"max_hp_loss":20,"event_name":"Vampires","floor":19,"gold_loss":0,"cards_obtained":["Bite","Bite","Bite","Bite","Bite"]}],"is_beta":false,"boss_relics":[{"not_picked":["Ectoplasm","FrozenCore"],"picked":"Eternal Feather"}],"items_purged_floors":[2],"is_endless":false,"potions_floor_spawned":[7,8,12,13],"killed_by":"3 Byrds","ascension_level":17}