{"gold_per_floor":[115,37,51,64,82,82,108,108,108,123,123,157,157,172,172,273,273,292,310,310,54,153,153],"floor_reached":23,"playtime":1196,"items_purged":[],"score":221,"play_id":"9c273f3b-a803-4e8a-aad7-fd7e0a40b8f0","local_time":"20190113180651","is_ascension_mode":true,"campfire_choices":[{"data":"Chaos","floor":6,"key":"SMITH"},{"floor":11,"key":"REST"},{"data":"Coolheaded","floor":13,"key":"SMITH"},{"floor":15,"key":"REST"}],"neow_cost":"NONE","seed_source_timestamp":1009595300773794,"circlet_count":0,"master_deck":["Strike_B","Strike_B","Strike_B","Defend_B","Defend_B","Defend_B","Defend_B","Zap","Dualcast","Electrodynamics","Chill","FTL","Capacitor","Coolheaded+1","Chaos+1","Stack","Cold Snap","Echo Form","White Noise","Conserve Battery+1"],"relics":["Cracked Core","Juzu Bracelet","Bottled Lightning","Unceasing Top","Snecko Eye","Matryoshka"],"potions_floor_usage":[],"damage_taken":[{"damage":7,"enemies":"2 Louse","floor":1,"turns":3},{"damage":4,"enemies":"Cultist","floor":3,"turns":3},{"damage":0,"enemies":"Small Slimes","floor":4,"turns":2},{"damage":10,"enemies":"Exordium Wildlife","floor":5,"turns":4},{"damage":20,"enemies":"Gremlin Nob","floor":7,"turns":4},{"damage":9,"enemies":"Looter","floor":10,"turns":3},{"damage":6,"enemies":"3 Sentries","floor":12,"turns":4},{"damage":9,"enemies":"2 Fungi Beasts","floor":14,"turns":3},{"damage":29,"enemies":"Hexaghost","floor":16,"turns":13},{"damage":14,"enemies":"Shell Parasite","floor":18,"turns":6},{"damage":28,"enemies":"2 Thieves","floor":19,"turns":3},{"damage":14,"enemies":"Colosseum Slavers","floor":20,"turns":5},{"damage":23,"enemies":"Book of Stabbing","floor":23,"turns":2}],"seed_played":"6424525141593031111","potions_obtained":[{"floor":4,"key":"SneckoOil"},{"floor":14,"key":"Dexterity Potion"},{"floor":16,"key":"Explosive Potion"}],"is_trial":false,"path_per_floor":["M","$","M","M","M","R","E","?","T","M","R","E","R","M","R","B",null,"M","M","?","$","?","E"],"character_chosen":"DEFECT","items_purchased":["FTL","Matryoshka"],"campfire_rested":2,"item_purchase_floors":[2,21],"current_hp_per_floor":[68,68,64,64,54,54,34,34,34,25,47,41,41,32,54,25,75,61,33,19,19,19,0],"gold":153,"neow_bonus":"ONE_RANDOM_RARE_CARD","is_prod":false,"is_daily":false,"chose_seed":false,"campfire_upgraded":2,"win_rate":0,"timestamp":1547399211,"path_taken":["M","$","M","M","M","R","E","?","T","M","R","E","R","M","R","BOSS","M","M","?","$","?","E"],"build_version":"2019-01-10","purchased_purges":0,"victory":false,"max_hp_per_floor":[75,75,75,75,75,75,75,75,75,75,75,75,75,75,75,75,75,75,75,75,75,75,75],"card_choices":[{"not_picked":["Streamline","Gash"],"picked":"Chill","floor":1},{"not_picked":["Auto Shields","Hello World"],"picked":"Capacitor","floor":3},{"not_picked":["Aggregate","Streamline"],"picked":"Coolheaded","floor":4},{"not_picked":["Steam","Undo"],"picked":"Chaos","floor":5},{"not_picked":["Coolheaded","Steam"],"picked":"Stack","floor":7},{"not_picked":["Go for the Eyes","Lockon"],"picked":"Cold Snap","floor":10},{"not_picked":["FTL","Coolheaded","Steam"],"picked":"SKIP","floor":12},{"not_picked":["Steam Power","Barrage","Chill"],"picked":"SKIP","floor":14},{"not_picked":["Seek","Rainbow"],"picked":"Echo Form","floor":16},{"not_picked":["Cold Snap+1","Redo"],"picked":"White Noise","floor":18},{"not_picked":["Redo","Rebound"],"picked":"Conserve Battery+1","floor":19}],"player_experience":169169,"relics_obtained":[{"floor":7,"key":"Juzu Bracelet"},{"floor":9,"key":"Bottled Lightning"},{"floor":12,"key":"Unceasing Top"}],"event_choices":[{"cards_removed":["Strike_B"],"damage_healed":0,"gold_gain":0,"player_choice":"Offered Basic","damage_taken":0,"max_hp_gain":0,"max_hp_loss":0,"event_name":"Bonfire Elementals","floor":8,"gold_loss":0},{"damage_healed":0,"gold_gain":0,"player_choice":"Fight","damage_taken":0,"max_hp_gain":0,"max_hp_loss":0,"event_name":"Colosseum","floor":20,"gold_loss":0},{"damage_healed":0,"gold_gain":0,"player_choice":"Fled From Nobs","damage_taken":0,"max_hp_gain":0,"max_hp_loss":0,"event_name":"Colosseum","floor":20,"gold_loss":0},{"damage_healed":0,"gold_gain":99,"player_choice":"Stole From Cult","damage_taken":0,"max_hp_gain":0,"max_hp_loss":0,"event_name":"Nest","floor":22,"gold_loss":0}],"is_beta":false,"boss_relics":[{"not_picked":["Tiny House","Busted Crown"],"picked":"Snecko Eye"}],"items_purged_floors":[],"is_endless":false,"potions_floor_spawned":[4,14,16],"killed_by":"Book of Stabbing","ascension_level":2}