{"gold_per_floor":[99,99,99,99,99,99,99,99,99,99,59,59,19,19,19,19,19,19,19,0,0,0,0,0,0,0,0,0,0,0,0,0,0,0,0,0,0,0,0,0,0,0,0,0,0,0,0,0,0,0,0],"floor_reached":52,"playtime":3673,"items_purged":[],"score":2103,"play_id":"c9d452f1-a98c-43f2-9b84-9bcee6439db3","local_time":"20181222231748","is_ascension_mode":true,"campfire_choices":[{"floor":6,"key":"REST"},{"data":"Burst","floor":8,"key":"SMITH"},{"floor":10,"key":"REST"},{"floor":15,"key":"REST"},{"floor":23,"key":"REST"},{"floor":28,"key":"REST"},{"floor":32,"key":"REST"},{"floor":40,"key":"REST"},{"floor":49,"key":"REST"}],"neow_cost":"NONE","seed_source_timestamp":224159367894000,"circlet_count":0,"master_deck":["AscendersBane","Defend_G+1","Defend_G+1","Defend_G+1","Defend_G+1","Defend_G+1","Strike_G+1","Strike_G+1","Strike_G+1","Strike_G+1","Survivor+1","Neutralize+1","Leg Sweep","Underhanded Strike","Backstab","Burst+1","Deadly Poison","Cloak And Dagger","Bouncing Flask","Die Die Die","Footwork","Dodge and Roll","Riddle With Holes","Leg Sweep+1","Cloak And Dagger","PiercingWail","Envenom","Doppelganger","Blur","Terror","Master of Strategy","Apotheosis","Master of Strategy","Dash","Calculated Gamble","Footwork+1","PiercingWail","Riddle With Holes","Blur+1","Corpse Explosion"],"relics":["Ectoplasm","MawBank","Omamori","Torii","Snecko Eye","Mercury Hourglass","Bottled Tornado","Regal Pillow","Pen Nib","Matryoshka","Turnip","Fusion Hammer","Oddly Smooth Stone","Gremlin Horn","Mummified Hand","Gambling Chip","Incense Burner"],"potions_floor_usage":[7,12,24,24,25,31,36,51,51],"damage_taken":[{"damage":3,"enemies":"Cultist","floor":1,"turns":4},{"damage":3,"enemies":"Jaw Worm","floor":3,"turns":6},{"damage":4,"enemies":"Small Slimes","floor":4,"turns":4},{"damage":14,"enemies":"Lagavulin","floor":7,"turns":7},{"damage":5,"enemies":"Exordium Thugs","floor":11,"turns":4},{"damage":28,"enemies":"Gremlin Nob","floor":12,"turns":5},{"damage":8,"enemies":"Looter","floor":13,"turns":3},{"damage":0,"enemies":"3 Louse","floor":14,"turns":3},{"damage":13,"enemies":"The Guardian","floor":16,"turns":11},{"damage":13,"enemies":"Spheric Guardian","floor":18,"turns":4},{"damage":9,"enemies":"2 Thieves","floor":20,"turns":5},{"damage":10,"enemies":"Chosen and Byrds","floor":22,"turns":8},{"damage":24,"enemies":"Book of Stabbing","floor":24,"turns":6},{"damage":11,"enemies":"Centurion and Healer","floor":25,"turns":7},{"damage":0,"enemies":"Snecko","floor":30,"turns":5},{"damage":2,"enemies":"Slavers","floor":31,"turns":3},{"damage":24,"enemies":"Automaton","floor":33,"turns":11},{"damage":1,"enemies":"Orb Walker","floor":35,"turns":3},{"damage":0,"enemies":"3 Darklings","floor":36,"turns":6},{"damage":6,"enemies":"Spire Growth","floor":39,"turns":6},{"damage":0,"enemies":"Writhing Mass","floor":41,"turns":6},{"damage":1,"enemies":"Sphere and 2 Shapes","floor":42,"turns":7},{"damage":0,"enemies":"Maw","floor":44,"turns":7},{"damage":4,"enemies":"Nemesis","floor":45,"turns":9},{"damage":0,"enemies":"Mind Bloom Boss Battle","floor":46,"turns":5},{"damage":1,"enemies":"Giant Head","floor":47,"turns":8},{"damage":0,"enemies":"Donu and Deca","floor":50,"turns":8},{"damage":0,"enemies":"Awakened One","floor":51,"turns":18}],"seed_played":"4691759538097235226","potions_obtained":[{"floor":3,"key":"Energy Potion"},{"floor":4,"key":"SkillPotion"},{"floor":11,"key":"Ancient Potion"},{"floor":16,"key":"SteroidPotion"},{"floor":20,"key":"SpeedPotion"},{"floor":24,"key":"Fire Potion"},{"floor":25,"key":"GhostInAJar"},{"floor":30,"key":"AttackPotion"},{"floor":35,"key":"Dexterity Potion"},{"floor":36,"key":"Explosive Potion"},{"floor":39,"key":"SteroidPotion"}],"is_trial":false,"path_per_floor":["M","?","M","M","?","R","E","R","T","R","M","E","M","M","R","B",null,"M","?","M","T","M","R","E","M","T","T","R","?","M","E","R","B",null,"M","M","?","?","M","R","M","M","T","M","E","?","E","?","R","B","B",null],"character_chosen":"THE_SILENT","items_purchased":[],"campfire_rested":8,"item_purchase_floors":[],"current_hp_per_floor":[56,56,53,49,29,48,34,34,34,53,48,20,12,12,31,18,54,41,41,32,32,22,41,17,6,6,6,40,40,40,38,66,42,60,59,59,49,49,43,66,66,65,65,65,61,61,60,66,66,66,66],"gold":0,"neow_bonus":"BOSS_RELIC","is_prod":false,"is_daily":false,"chose_seed":false,"campfire_upgraded":1,"win_rate":0,"timestamp":1545538668,"path_taken":["M","?","M","M","?","R","E","R","T","R","M","E","M","M","R","BOSS","M","?","M","?","?","R","E","M","T","?","R","?","M","E","R","BOSS","M","M","?","?","?","R","M","M","T","M","E","?","E","?","R","BOSS","BOSS"],"build_version":"2018-12-20","purchased_purges":0,"victory":true,"max_hp_per_floor":[66,66,66,66,66,66,66,66,66,66,66,66,66,66,66,66,66,66,66,66,66,66,66,66,66,66,66,66,66,66,66,66,66,66,66,66,66,66,66,66,66,66,66,66,66,66,66,66,66,66,66],"card_choices":[{"not_picked":["Slice","Distraction"],"picked":"Leg Sweep","floor":1},{"not_picked":["Acrobatics","Bane"],"picked":"Underhanded Strike","floor":3},{"not_picked":["Acrobatics","Slice"],"picked":"Backstab","floor":4},{"not_picked":["Bane","Acrobatics"],"picked":"Burst","floor":7},{"not_picked":["Reflex","Cloak And Dagger"],"picked":"Deadly Poison","floor":11},{"not_picked":["Grand Finale","Dagger Throw"],"picked":"Cloak And Dagger","floor":12},{"not_picked":["Setup","Flying Knee","Heel Hook"],"picked":"SKIP","floor":13},{"not_picked":["Deflect","Bane"],"picked":"Bouncing Flask","floor":14},{"not_picked":["Night Terror","Grand Finale"],"picked":"Die Die Die","floor":16},{"not_picked":["Deadly Poison","Setup"],"picked":"Footwork","floor":18},{"not_picked":["Slice","All Out Attack"],"picked":"Dodge and Roll","floor":20},{"not_picked":["Prepared","Finisher"],"picked":"Riddle With Holes","floor":22},{"not_picked":["Footwork","Dodge and Roll"],"picked":"Leg Sweep+1","floor":24},{"not_picked":["Slice","Flying Knee"],"picked":"Cloak And Dagger","floor":25},{"not_picked":["Dagger Throw","Setup"],"picked":"PiercingWail","floor":30},{"not_picked":["Poisoned Stab","Prepared+1"],"picked":"Envenom","floor":31},{"not_picked":["Die Die Die","Adrenaline"],"picked":"Doppelganger","floor":33},{"not_picked":["All Out Attack+1","Tactician"],"picked":"Blur","floor":35},{"not_picked":["Dagger Spray","Acrobatics"],"picked":"Terror","floor":36},{"not_picked":["Mind Blast","Discovery"],"picked":"Master of Strategy","floor":37},{"not_picked":["Enlightenment","Flash of Steel"],"picked":"Apotheosis","floor":37},{"not_picked":["Chrysalis","Secret Technique"],"picked":"Master of Strategy","floor":37},{"not_picked":["Setup+1","Dagger Spray+1"],"picked":"Dash","floor":39},{"not_picked":["Acrobatics","Eviscerate"],"picked":"Calculated Gamble","floor":41},{"not_picked":["Backflip","Bane"],"picked":"Footwork+1","floor":42},{"not_picked":["Outmaneuver+1","Dagger Spray"],"picked":"PiercingWail","floor":44},{"not_picked":["Dagger Throw","Bane"],"picked":"Riddle With Holes","floor":45},{"not_picked":["Footwork","Accuracy"],"picked":"Blur+1","floor":46},{"not_picked":["Cloak And Dagger","PiercingWail+1"],"picked":"Corpse Explosion","floor":47}],"player_experience":1858146,"relics_obtained":[{"floor":7,"key":"MawBank"},{"floor":9,"key":"Omamori"},{"floor":12,"key":"Torii"},{"floor":21,"key":"Bottled Tornado"},{"floor":24,"key":"Regal Pillow"},{"floor":26,"key":"Pen Nib"},{"floor":27,"key":"Matryoshka"},{"floor":31,"key":"Turnip"},{"floor":43,"key":"Oddly Smooth Stone"},{"floor":43,"key":"Gremlin Horn"},{"floor":45,"key":"Mummified Hand"},{"floor":46,"key":"Gambling Chip"},{"floor":47,"key":"Incense Burner"}],"event_choices":[{"damage_healed":0,"gold_gain":0,"player_choice":"Grow","damage_taken":0,"max_hp_gain":0,"max_hp_loss":0,"event_name":"Living Wall","floor":2,"gold_loss":0,"cards_upgraded":["Neutralize"]},{"damage_healed":0,"gold_gain":0,"player_choice":"Entered Light","damage_taken":20,"max_hp_gain":0,"max_hp_loss":0,"event_name":"Shining Light","floor":5,"gold_loss":0,"cards_upgraded":["Survivor","Strike_G"]},{"damage_healed":0,"gold_gain":0,"player_choice":"Opened","damage_taken":0,"relics_obtained":["Mercury Hourglass"],"max_hp_gain":0,"max_hp_loss":0,"event_name":"The Mausoleum","floor":19,"gold_loss":0,"cards_obtained":["Writhe"]},{"damage_healed":0,"gold_gain":0,"player_choice":"Simplicity","damage_taken":0,"max_hp_gain":0,"max_hp_loss":0,"event_name":"Back to Basics","floor":29,"gold_loss":0,"cards_upgraded":["Defend_G","Defend_G","Defend_G","Defend_G","Defend_G","Strike_G","Strike_G","Strike_G","Strike_G"]},{"damage_healed":0,"gold_gain":0,"player_choice":"Memory 3","damage_taken":10,"max_hp_gain":0,"max_hp_loss":0,"event_name":"SensoryStone","floor":37,"gold_loss":0},{"cards_removed":["Strike_G"],"damage_healed":0,"gold_gain":0,"player_choice":"Purged","damage_taken":0,"max_hp_gain":0,"max_hp_loss":0,"event_name":"Purifier","floor":38,"gold_loss":0},{"damage_healed":0,"gold_gain":0,"player_choice":"Fight","damage_taken":0,"max_hp_gain":0,"max_hp_loss":0,"event_name":"MindBloom","floor":46,"gold_loss":0},{"damage_healed":13,"gold_gain":0,"player_choice":"Writhe","damage_taken":0,"max_hp_gain":0,"max_hp_loss":0,"event_name":"Winding Halls","floor":48,"gold_loss":0,"cards_obtained":["Writhe"]}],"is_beta":true,"boss_relics":[{"not_picked":["Velvet Choker","Sozu"],"picked":"Snecko Eye"},{"not_picked":["Tiny House","Calling Bell"],"picked":"Fusion Hammer"}],"items_purged_floors":[],"is_endless":false,"potions_floor_spawned":[3,4,11,16,20,24,25,30,35,36,39,45],"ascension_level":20}