{"gold_per_floor":[114,43,60,60,84,84,116,116,191,209,225,237,250,131,131,230,230,247,274,287,237,237,237,268,268,322,322,339,29,29,43,43,148,148,161,175,198,0,15,15,30,41,123,123,141,153,153,173,173,173],"floor_reached":51,"playtime":2314,"items_purged":["Clothesline","Shockwave","Cleave"],"score":821,"play_id":"b6bbf813-7bc4-4964-8738-516568a0bd0b","local_time":"20180910214643","daily_mods":["Draft","Heirloom"],"is_ascension_mode":false,"campfire_choices":[{"data":"Heavy Blade","floor":6,"key":"SMITH"},{"data":"Heavy Blade","floor":8,"key":"SMITH"},{"data":"Limit Break","floor":15,"key":"SMITH"},{"data":"Double Tap","floor":23,"key":"SMITH"},{"data":"Armaments","floor":25,"key":"SMITH"},{"data":"Iron Wave","floor":32,"key":"SMITH"},{"data":"Demon Form","floor":40,"key":"SMITH"},{"floor":49,"key":"REST"}],"neow_cost":"","seed_source_timestamp":86634298412647,"circlet_count":0,"master_deck":["Armaments+1","Spot Weakness","Infernal Blade","Iron Wave+1","Clash","Inflame","Metallicize","Disarm","Heavy Blade+1","Sword Boomerang","Twin Strike","Warcry","Heavy Blade+1","Spot Weakness","Inflame","Metallicize","Flex+1","Metallicize","Spot Weakness+1","Pummel","Limit Break+1","Double Tap+1","Battle Trance","Pummel","Flex","Headbutt","Iron Wave","Warcry+1","Limit Break+1","Iron Wave","Demon Form+1","Headbutt","Metallicize","Spot Weakness+1","Iron Wave+1"],"relics":["Burning Blood","Magic Flower","Smiling Mask","Potion Belt","Bottled Tornado","Orrery","Anchor","Dead Branch","Happy Flower","Boot","Singing Bowl","Philosopher\u0027s Stone","War Paint","Red Mask","Sundial"],"potions_floor_usage":[24,33,33,33,33,33,42,42,50,50,50,50,50,50],"damage_taken":[{"damage":0,"enemies":"2 Louse","floor":1,"turns":2},{"damage":9,"enemies":"Cultist","floor":3,"turns":3},{"damage":13,"enemies":"3 Sentries","floor":7,"turns":4},{"damage":9,"enemies":"Jaw Worm","floor":10,"turns":2},{"damage":19,"enemies":"Exordium Wildlife","floor":11,"turns":3},{"damage":10,"enemies":"Red Slaver","floor":12,"turns":2},{"damage":35,"enemies":"Exordium Thugs","floor":13,"turns":5},{"damage":6,"enemies":"The Guardian","floor":16,"turns":6},{"damage":37,"enemies":"2 Thieves","floor":18,"turns":4},{"damage":5,"enemies":"Shell Parasite","floor":20,"turns":3},{"damage":12,"enemies":"Book of Stabbing","floor":24,"turns":3},{"damage":14,"enemies":"Centurion and Healer","floor":28,"turns":3},{"damage":11,"enemies":"Snake Plant","floor":31,"turns":2},{"damage":50,"enemies":"Collector","floor":33,"turns":5},{"damage":0,"enemies":"Orb Walker","floor":35,"turns":2},{"damage":13,"enemies":"3 Darklings","floor":36,"turns":4},{"damage":45,"enemies":"Sphere and 2 Shapes","floor":39,"turns":5},{"damage":15,"enemies":"Maw","floor":41,"turns":6},{"damage":31,"enemies":"3 Darklings","floor":42,"turns":4},{"damage":9,"enemies":"Sphere and 2 Shapes","floor":45,"turns":4},{"damage":0,"enemies":"Transient","floor":46,"turns":5},{"damage":12,"enemies":"Maw","floor":48,"turns":5},{"damage":76,"enemies":"Awakened One","floor":50,"turns":7}],"seed_played":"938564256802120699","potions_obtained":[{"floor":4,"key":"Weak Potion"},{"floor":4,"key":"Swift Potion"},{"floor":4,"key":"AttackPotion"},{"floor":7,"key":"PowerPotion"},{"floor":11,"key":"PowerPotion"},{"floor":13,"key":"BloodPotion"},{"floor":20,"key":"EntropicBrew"},{"floor":28,"key":"Block Potion"},{"floor":31,"key":"EntropicBrew"},{"floor":33,"key":"FearPotion"},{"floor":39,"key":"Regen Potion"},{"floor":42,"key":"AttackPotion"}],"is_trial":true,"path_per_floor":["M","$","M","?","T","R","E","R","T","M","M","M","M","$","R","B",null,"M","T","M","$","?","R","E","R","T","?","M","$","?","M","R","B",null,"M","M","T","?","M","R","M","M","T","$","M","M","$","M","R","B"],"character_chosen":"IRONCLAD","items_purchased":["Spot Weakness","Limit Break","Singing Bowl"],"campfire_rested":1,"item_purchase_floors":[2,14,29],"current_hp_per_floor":[80,80,80,80,80,80,76,76,76,76,66,65,39,39,39,42,80,52,52,56,56,56,56,74,74,74,74,69,69,69,69,69,40,82,82,78,78,78,42,42,38,47,47,47,49,60,60,57,84,31],"gold":173,"neow_bonus":"","is_prod":false,"is_daily":false,"chose_seed":false,"campfire_upgraded":7,"win_rate":0,"timestamp":1536583603,"path_taken":["M","$","M","?","?","R","E","R","T","?","M","M","M","$","R","BOSS","M","?","M","?","?","R","E","R","T","?","?","$","?","?","R","BOSS","M","M","?","?","M","R","?","M","T","?","M","M","?","M","R","BOSS"],"build_version":"2018-09-06","purchased_purges":3,"victory":true,"max_hp_per_floor":[80,80,80,80,80,80,80,80,80,80,80,80,80,80,80,80,80,80,80,80,80,80,80,80,80,80,80,80,80,80,82,82,82,82,82,82,82,82,82,82,84,86,86,86,88,90,90,90,90,90],"card_choices":[{"not_picked":["Shrug It Off","Bloodletting"],"picked":"Armaments","floor":0},{"not_picked":["Flex","Bloodletting"],"picked":"Spot Weakness","floor":0},{"not_picked":["Body Slam","Dropkick"],"picked":"Infernal Blade","floor":0},{"not_picked":["True Grit","Warcry"],"picked":"Iron Wave","floor":0},{"not_picked":["Anger","Flame Barrier"],"picked":"Clash","floor":0},{"not_picked":["Evolve","Corruption"],"picked":"Clothesline","floor":0},{"not_picked":["Flex","Fire Breathing"],"picked":"Inflame","floor":0},{"not_picked":["Clothesline","Sentinel"],"picked":"Shockwave","floor":0},{"not_picked":["Body Slam","Blood for Blood"],"picked":"Metallicize","floor":0},{"not_picked":["True Grit","Cleave"],"picked":"Disarm","floor":0},{"not_picked":["Pommel Strike","Havoc"],"picked":"Cleave","floor":0},{"not_picked":["Clothesline","Reckless Charge"],"picked":"Heavy Blade","floor":0},{"not_picked":["Warcry","Thunderclap"],"picked":"Sword Boomerang","floor":0},{"not_picked":["Corruption","Reckless Charge"],"picked":"Twin Strike","floor":0},{"not_picked":["Thunderclap","Wild Strike"],"picked":"Warcry","floor":0},{"not_picked":["Burning Pact","Clothesline"],"picked":"Heavy Blade","floor":1},{"not_picked":["Rage","Heavy Blade"],"picked":"Inflame","floor":3},{"not_picked":["Fiend Fire","Uppercut"],"picked":"Metallicize","floor":7},{"not_picked":["Clothesline","Shrug It Off"],"picked":"Flex","floor":10},{"not_picked":["Headbutt","Warcry"],"picked":"Metallicize","floor":11},{"not_picked":["Sword Boomerang","Pommel Strike"],"picked":"Spot Weakness","floor":12},{"not_picked":["Clothesline","Wild Strike"],"picked":"Pummel","floor":13},{"not_picked":["Offering","Barricade"],"picked":"Double Tap","floor":16},{"not_picked":["Rampage","Rage"],"picked":"Battle Trance","floor":17},{"not_picked":["Carnage","Pommel Strike"],"picked":"Pummel","floor":17},{"not_picked":["Searing Blow","Wild Strike"],"picked":"Flex","floor":17},{"not_picked":["Combust","Clothesline"],"picked":"Headbutt","floor":17},{"not_picked":["Twin Strike","Shrug It Off"],"picked":"Iron Wave","floor":17},{"not_picked":["Thunderclap+1","Sever Soul","Perfected Strike"],"picked":"SKIP","floor":18},{"not_picked":["Anger+1","Bloodletting"],"picked":"Warcry+1","floor":20},{"not_picked":["Perfected Strike","Fiend Fire","Uppercut"],"picked":"SKIP","floor":24},{"not_picked":["Shockwave","Dropkick"],"picked":"Iron Wave","floor":28},{"not_picked":["Wild Strike","Seeing Red","Anger"],"picked":"Singing Bowl","floor":31},{"not_picked":["Fiend Fire","Juggernaut"],"picked":"Demon Form","floor":33},{"not_picked":["Dual Wield","Infernal Blade"],"picked":"Headbutt","floor":35},{"not_picked":["Havoc","Shockwave+1"],"picked":"Metallicize","floor":36},{"not_picked":["Dropkick+1","Pummel"],"picked":"Spot Weakness+1","floor":39},{"not_picked":["Rupture+1","Pommel Strike","True Grit+1"],"picked":"Singing Bowl","floor":41},{"not_picked":["Intimidate","Shockwave","Rage"],"picked":"Singing Bowl","floor":42},{"not_picked":["Warcry","Fiend Fire","Pommel Strike"],"picked":"Singing Bowl","floor":45},{"not_picked":["Feel No Pain+1","Clothesline+1","Anger"],"picked":"Singing Bowl","floor":46},{"not_picked":["Pommel Strike+1","Disarm+1"],"picked":"Iron Wave+1","floor":48}],"player_experience":411964,"relics_obtained":[{"floor":5,"key":"Smiling Mask"},{"floor":7,"key":"Potion Belt"},{"floor":9,"key":"Bottled Tornado"},{"floor":19,"key":"Anchor"},{"floor":24,"key":"Happy Flower"},{"floor":26,"key":"Boot"},{"floor":37,"key":"War Paint"},{"floor":43,"key":"Sundial"}],"event_choices":[{"event_name":"The Lab","player_choice":"Got Potions","floor":4,"damage_taken":0},{"event_name":"The Mausoleum","player_choice":"Yes","floor":22,"damage_taken":0},{"event_name":"Duplicator","player_choice":"One dupe","floor":27,"damage_taken":0},{"event_name":"Ghosts","player_choice":"Ignored","floor":30,"damage_taken":0},{"event_name":"Tomb of Lord Red Mask","player_choice":"Paid","floor":38,"damage_taken":0}],"is_beta":true,"boss_relics":[{"not_picked":["Calling Bell","Empty Cage"],"picked":"Orrery"},{"not_picked":["Tiny House","Runic Pyramid"],"picked":"Philosopher\u0027s Stone"}],"items_purged_floors":[14,21,29],"is_endless":false,"potions_floor_spawned":[7,11,12,13,20,28,31,33,35,39,42],"ascension_level":0}