{"gold_per_floor":[109,126,18,93,113,113,148,148,148,148,173,173,173,173,173,252,252,265,265,31,44,57,57,91,91,159,171,185,3,103,123,123,197,197,219,81,101,116,116,116,30,42,92,92,102,102,120,130,130,130,130],"floor_reached":51,"playtime":3812,"items_purged":["Strike_G","Doubt"],"score":1304,"play_id":"3c0c83b8-f2a0-48f9-8845-da4490727f0a","local_time":"20181124205609","is_ascension_mode":true,"campfire_choices":[{"data":"Deadly Poison","floor":6,"key":"SMITH"},{"data":"Dagger Spray","floor":8,"key":"SMITH"},{"data":"Neutralize","floor":10,"key":"SMITH"},{"data":"Caltrops","floor":12,"key":"SMITH"},{"floor":15,"key":"REST"},{"floor":23,"key":"REST"},{"data":"Apotheosis","floor":25,"key":"SMITH"},{"floor":32,"key":"REST"},{"floor":40,"key":"REST"},{"floor":46,"key":"REST"},{"floor":49,"key":"REST"}],"neow_cost":"NONE","seed_source_timestamp":139114295965700,"circlet_count":0,"master_deck":["AscendersBane","Defend_G","Defend_G","Defend_G","Defend_G","Defend_G","Strike_G","Strike_G","Strike_G","Strike_G","Survivor","Neutralize+1","Dagger Spray+1","Underhanded Strike","Deadly Poison+1","Sucker Punch","Backflip","Caltrops+1","Night Terror","Underhanded Strike+1","Apotheosis+1","Acrobatics","Discovery","Storm of Steel","Corpse Explosion","Injury","Clumsy","Footwork+1","Blur","Noxious Fumes","Noxious Fumes"],"special_seed":0,"relics":["Ring of the Snake","Tingsha","Incense Burner","Bag of Preparation","Gambling Chip","Busted Crown","Darkstone Periapt","Molten Egg 2","FossilizedHelix","The Courier","Calling Bell","MawBank","Singing Bowl","Prayer Wheel","Oddly Smooth Stone"],"potions_floor_usage":[7,11,28,30,33,35,50,50],"damage_taken":[{"damage":6.0,"enemies":"Cultist","floor":1.0,"turns":5.0},{"damage":1.0,"enemies":"2 Louse","floor":2.0,"turns":3.0},{"damage":4,"enemies":"Small Slimes","floor":5,"turns":3},{"damage":6,"enemies":"Gremlin Nob","floor":7,"turns":3},{"damage":15,"enemies":"Lagavulin","floor":11,"turns":7},{"damage":24,"enemies":"Hexaghost","floor":16,"turns":9},{"damage":0,"enemies":"Chosen","floor":18,"turns":3},{"damage":16,"enemies":"Spheric Guardian","floor":21,"turns":4},{"damage":0,"enemies":"Cultist and Chosen","floor":22,"turns":4},{"damage":16,"enemies":"Gremlin Leader","floor":24,"turns":6},{"damage":0,"enemies":"Sentry and Sphere","floor":27,"turns":5},{"damage":6,"enemies":"Centurion and Healer","floor":28,"turns":2},{"damage":6,"enemies":"Colosseum Slavers","floor":30,"turns":5},{"damage":15,"enemies":"Colosseum Nobs","floor":30,"turns":4},{"damage":0,"enemies":"Snecko","floor":31,"turns":4},{"damage":48,"enemies":"Collector","floor":33,"turns":10},{"damage":0,"enemies":"Orb Walker","floor":35,"turns":2},{"damage":0,"enemies":"3 Shapes","floor":37,"turns":2},{"damage":0,"enemies":"Sphere and 2 Shapes","floor":38,"turns":1},{"damage":20,"enemies":"Transient","floor":42,"turns":6},{"damage":35,"enemies":"Spire Growth","floor":45,"turns":5},{"damage":6,"enemies":"Maw","floor":47,"turns":8},{"damage":28,"enemies":"Writhing Mass","floor":48,"turns":7},{"damage":27,"enemies":"Time Eater","floor":50,"turns":17},{"damage":84,"enemies":"Donu and Deca","floor":51,"turns":7}],"seed_played":"2049727635442667884","potions_obtained":[{"floor":7,"key":"SkillPotion"},{"floor":11,"key":"SpeedPotion"},{"floor":21,"key":"Energy Potion"},{"floor":27,"key":"FearPotion"},{"floor":28,"key":"SpeedPotion"},{"floor":30,"key":"Block Potion"},{"floor":33,"key":"Explosive Potion"},{"floor":42,"key":"Dexterity Potion"},{"floor":47,"key":"Ancient Potion"}],"is_trial":false,"path_per_floor":["M","M","$","?","M","R","E","R","T","R","E","R","?","?","R","B",null,"M","?","$","M","M","R","E","R","T","M","M","$","?","M","R","B",null,"M","$","M","M","?","R","$","M","T","?","M","R","M","M","R","B","B"],"character_chosen":"THE_SILENT","items_purchased":["Strength Potion","Deadly Poison","Apotheosis","Acrobatics","Discovery","Footwork","Noxious Fumes","Noxious Fumes"],"campfire_rested":6,"item_purchase_floors":[3,3,20,20,29,36,41,41],"current_hp_per_floor":[59,58,58,47,43,43,37,37,37,37,22,22,17,22,45,21,63,63,63,63,47,47,70,54,54,54,54,48,48,27,27,50,2,76,80,80,84,86,86,105,105,89,89,89,58,91,89,65,101,74,0],"gold":130,"neow_bonus":"TEN_PERCENT_HP_BONUS","is_prod":false,"is_daily":false,"chose_seed":false,"campfire_upgraded":5,"win_rate":0,"timestamp":1543110969,"path_taken":["M","M","$","?","M","R","E","R","T","R","E","R","?","?","R","BOSS","M","?","$","M","?","R","E","R","T","M","M","$","?","M","R","BOSS","M","$","M","M","?","R","$","M","T","?","?","R","M","M","R","BOSS","BOSS"],"build_version":"2018-11-15","purchased_purges":2,"victory":false,"max_hp_per_floor":[72,72,72,72,72,72,72,72,72,72,72,72,72,77,77,77,77,77,77,77,77,77,77,77,77,77,77,77,77,77,77,77,77,95,99,99,103,105,105,105,105,109,109,109,113,113,117,121,121,121,121],"card_choices":[{"not_picked":["Riddle With Holes","Backflip"],"picked":"Dagger Spray","floor":1.0},{"not_picked":["Reflex","Outmaneuver"],"picked":"Underhanded Strike","floor":2.0},{"not_picked":["Grand Finale","Deadly Poison"],"picked":"Sucker Punch","floor":5},{"not_picked":["Sucker Punch","Acrobatics"],"picked":"Backflip","floor":7},{"not_picked":["Escape Plan","Underhanded Strike"],"picked":"Caltrops","floor":11},{"not_picked":["Phantasmal Killer","Grand Finale"],"picked":"Night Terror","floor":16},{"not_picked":[],"picked":"Underhanded Strike+1","floor":18},{"not_picked":[],"picked":"Dagger Spray","floor":21},{"not_picked":["Deadly Poison"],"picked":"SKIP","floor":22},{"not_picked":["Deadly Poison"],"picked":"SKIP","floor":22},{"not_picked":["Deadly Poison"],"picked":"SKIP","floor":24},{"not_picked":["Deflect"],"picked":"SKIP","floor":27},{"not_picked":["Flying Knee+1"],"picked":"SKIP","floor":28},{"not_picked":[],"picked":"Storm of Steel","floor":31},{"not_picked":[],"picked":"Corpse Explosion","floor":33},{"not_picked":["Sucker Punch+1"],"picked":"Singing Bowl","floor":35},{"not_picked":["Riddle With Holes+1"],"picked":"Singing Bowl","floor":35},{"not_picked":["Underhanded Strike+1"],"picked":"Singing Bowl","floor":37},{"not_picked":["Underhanded Strike+1"],"picked":"Singing Bowl","floor":37},{"not_picked":["Dagger Throw+1"],"picked":"Singing Bowl","floor":38},{"not_picked":[],"picked":"Blur","floor":38},{"not_picked":["Flechettes+1"],"picked":"Singing Bowl","floor":42},{"not_picked":["Cloak And Dagger+1"],"picked":"Singing Bowl","floor":42},{"not_picked":["Slice+1"],"picked":"Singing Bowl","floor":45},{"not_picked":["Bouncing Flask"],"picked":"Singing Bowl","floor":45},{"not_picked":["Masterful Stab+1"],"picked":"Singing Bowl","floor":47},{"not_picked":["Heel Hook+1"],"picked":"Singing Bowl","floor":47},{"not_picked":["Deadly Poison+1"],"picked":"Singing Bowl","floor":48},{"not_picked":["Cloak And Dagger"],"picked":"Singing Bowl","floor":48}],"player_experience":1672318,"relics_obtained":[{"floor":7,"key":"Tingsha"},{"floor":9,"key":"Incense Burner"},{"floor":11,"key":"Bag of Preparation"},{"floor":24,"key":"Darkstone Periapt"},{"floor":26,"key":"Molten Egg 2"},{"floor":30,"key":"FossilizedHelix"},{"floor":30,"key":"The Courier"},{"floor":34,"key":"MawBank"},{"floor":34,"key":"Singing Bowl"},{"floor":34,"key":"Prayer Wheel"},{"floor":43,"key":"Oddly Smooth Stone"}],"event_choices":[{"damage_healed":0,"gold_gain":75,"player_choice":"Gather Gold","damage_taken":11,"max_hp_gain":0,"max_hp_loss":0,"event_name":"World of Goop","floor":4,"gold_loss":0},{"damage_healed":0,"gold_gain":0,"player_choice":"Success","damage_taken":5,"relics_obtained":["Gambling Chip"],"max_hp_gain":0,"max_hp_loss":0,"event_name":"Scrap Ooze","floor":13,"gold_loss":0},{"damage_healed":0,"gold_gain":0,"player_choice":"Donut","damage_taken":0,"max_hp_gain":5,"max_hp_loss":0,"event_name":"Big Fish","floor":14,"gold_loss":0},{"damage_healed":0,"gold_gain":0,"player_choice":"Ignored","damage_taken":0,"max_hp_gain":0,"max_hp_loss":0,"event_name":"N\u0027loth","floor":19,"gold_loss":0},{"damage_healed":0,"gold_gain":0,"player_choice":"Fight","damage_taken":0,"max_hp_gain":0,"max_hp_loss":0,"event_name":"Colosseum","floor":30,"gold_loss":0},{"damage_healed":0,"gold_gain":0,"player_choice":"Fought Nobs","damage_taken":0,"max_hp_gain":0,"max_hp_loss":0,"event_name":"Colosseum","floor":30,"gold_loss":0},{"cards_removed":["Dagger Spray"],"damage_healed":0,"gold_gain":0,"player_choice":"Removed Attack","damage_taken":0,"max_hp_gain":0,"max_hp_loss":0,"event_name":"Falling","floor":39,"gold_loss":0},{"damage_healed":0,"gold_gain":0,"player_choice":"Forge","damage_taken":0,"max_hp_gain":0,"max_hp_loss":0,"event_name":"Accursed Blacksmith","floor":44,"gold_loss":0,"cards_upgraded":["Footwork"]}],"is_beta":true,"boss_relics":[{"not_picked":["Ring of the Serpent","Pandora\u0027s Box"],"picked":"Busted Crown"},{"not_picked":["Runic Dome","Eternal Feather"],"picked":"Calling Bell"}],"items_purged_floors":[29,36],"is_endless":false,"potions_floor_spawned":[7,11,21,27,28,30,33,42,47],"killed_by":"Donu and Deca","ascension_level":20}