{"gold_per_floor":[114,114,114,114,114,140,140,157,157,188,199,209,243,262,262,358,358,368,382,61,61,72,99,0,0,0,0,10,10,10],"floor_reached":30,"playtime":1632,"items_purged":["Strike_B"],"score":446,"play_id":"e3a03fb7-40ee-41a5-8104-e2591c8d4110","local_time":"20190208184257","is_ascension_mode":true,"campfire_choices":[{"data":"Streamline","floor":7,"key":"SMITH"},{"floor":15,"key":"REST"},{"floor":25,"key":"REST"}],"neow_cost":"NONE","seed_source_timestamp":2669584568528664,"circlet_count":0,"master_deck":["Strike_B","Strike_B","Strike_B","Defend_B","Defend_B+1","Defend_B+1","Defend_B","Zap","Dualcast+1","Hologram+1","Streamline+1","Defragment","Glacier","Rebound","Double Energy","Beam Cell","Cold Snap","Electrodynamics","Static Discharge","Stack+1","Self Repair","Shame"],"relics":["Cracked Core","NeowsBlessing","War Paint","Vajra","Bottled Flame","Torii","Calipers","Cables","Black Star","Symbiotic Virus","Nunchaku","Blood Vial","Kunai"],"potions_floor_usage":[10,13,13,13,16,16,16,16,22,30],"damage_taken":[{"damage":0,"enemies":"2 Louse","floor":1,"turns":1},{"damage":0,"enemies":"Gremlin Nob","floor":6,"turns":1},{"damage":0,"enemies":"Small Slimes","floor":8,"turns":1},{"damage":14,"enemies":"Lagavulin","floor":10,"turns":4},{"damage":0,"enemies":"Cultist","floor":11,"turns":2},{"damage":0,"enemies":"3 Louse","floor":12,"turns":4},{"damage":13,"enemies":"Gremlin Nob","floor":13,"turns":3},{"damage":8,"enemies":"Blue Slaver","floor":14,"turns":2},{"damage":0,"enemies":"Slime Boss","floor":16,"turns":10},{"damage":12,"enemies":"Spheric Guardian","floor":18,"turns":4},{"damage":13,"enemies":"3 Byrds","floor":19,"turns":3},{"damage":14,"enemies":"Cultist and Chosen","floor":22,"turns":6},{"damage":24,"enemies":"Gremlin Leader","floor":23,"turns":6},{"damage":23,"enemies":"Centurion and Healer","floor":28,"turns":4},{"damage":34,"enemies":"Slavers","floor":30,"turns":1}],"seed_played":"1903980820199654372","potions_obtained":[{"floor":6,"key":"Fire Potion"},{"floor":12,"key":"EntropicBrew"},{"floor":13,"key":"PowerPotion"},{"floor":16,"key":"FearPotion"},{"floor":18,"key":"FairyPotion"},{"floor":19,"key":"Regen Potion"}],"is_trial":false,"path_per_floor":["M","?","?","?","?","E","R","M","T","E","M","M","E","M","R","B",null,"M","M","$","?","M","E","?","R","T","$","M","?","E"],"character_chosen":"DEFECT","items_purchased":["Symbiotic Virus"],"campfire_rested":2,"item_purchase_floors":[20],"current_hp_per_floor":[68,61,46,46,46,46,46,46,46,32,32,32,19,11,33,33,65,53,40,40,40,41,17,17,39,39,39,18,18,0],"gold":10,"neow_bonus":"THREE_ENEMY_KILL","is_prod":false,"is_daily":false,"chose_seed":false,"campfire_upgraded":1,"win_rate":0,"timestamp":1549669377,"path_taken":["M","?","?","?","?","E","R","M","T","E","M","M","E","M","R","BOSS","M","?","$","?","M","E","?","R","T","?","M","?","E"],"build_version":"2019-01-23","purchased_purges":1,"victory":false,"max_hp_per_floor":[75,75,75,75,75,75,75,75,75,75,75,75,75,75,75,75,75,75,75,75,75,75,75,75,75,75,75,75,75,75],"card_choices":[{"not_picked":["Redo","Barrage"],"picked":"Hologram","floor":1},{"not_picked":["Lockon","Static Discharge"],"picked":"Streamline","floor":6},{"not_picked":["BootSequence","Turbo"],"picked":"Defragment","floor":8},{"not_picked":["Rebound","Defragment"],"picked":"Glacier","floor":10},{"not_picked":["Ball Lightning","Heatsinks"],"picked":"Rebound","floor":11},{"not_picked":["FTL","Turbo"],"picked":"Double Energy","floor":12},{"not_picked":["Barrage","Steam"],"picked":"Beam Cell","floor":13},{"not_picked":["Multi-Cast","Aggregate"],"picked":"Cold Snap","floor":14},{"not_picked":["Machine Learning","Thunder Strike"],"picked":"Electrodynamics","floor":16},{"not_picked":["Barrage","Rebound","Reinforced Body"],"picked":"SKIP","floor":18},{"not_picked":["Heatsinks+1","Redo","Go for the Eyes"],"picked":"SKIP","floor":19},{"not_picked":["Hologram","Conserve Battery"],"picked":"Static Discharge","floor":22},{"not_picked":["Skim+1","Scrape"],"picked":"Stack+1","floor":23},{"not_picked":["Cold Snap","Glacier"],"picked":"Self Repair","floor":28}],"player_experience":318034,"relics_obtained":[{"floor":6,"key":"Bottled Flame"},{"floor":9,"key":"Torii"},{"floor":10,"key":"Calipers"},{"floor":13,"key":"Cables"},{"floor":23,"key":"Nunchaku"},{"floor":23,"key":"Blood Vial"}],"event_choices":[{"damage_healed":0,"gold_gain":0,"player_choice":"Success","damage_taken":7,"relics_obtained":["War Paint"],"max_hp_gain":0,"max_hp_loss":0,"event_name":"Scrap Ooze","floor":2,"gold_loss":0},{"damage_healed":0,"gold_gain":0,"player_choice":"Entered Light","damage_taken":15,"max_hp_gain":0,"max_hp_loss":0,"event_name":"Shining Light","floor":3,"gold_loss":0,"cards_upgraded":["Dualcast","Hologram"]},{"damage_healed":0,"gold_gain":0,"player_choice":"Box","damage_taken":0,"relics_obtained":["Vajra"],"max_hp_gain":0,"max_hp_loss":0,"event_name":"Big Fish","floor":4,"gold_loss":0,"cards_obtained":["Regret"]},{"cards_removed":["Regret"],"damage_healed":0,"gold_gain":0,"player_choice":"Card Removal","damage_taken":0,"max_hp_gain":0,"max_hp_loss":0,"event_name":"Wheel of Change","floor":5,"gold_loss":0},{"damage_healed":0,"gold_gain":0,"player_choice":"Ignored","damage_taken":0,"max_hp_gain":0,"max_hp_loss":0,"event_name":"Vampires","floor":21,"gold_loss":0},{"damage_healed":0,"gold_gain":0,"player_choice":"Paid Fearfully","damage_taken":0,"max_hp_gain":0,"max_hp_loss":0,"event_name":"Masked Bandits","floor":24,"gold_loss":99},{"damage_healed":0,"gold_gain":0,"player_choice":"Stole Relic","damage_taken":0,"relics_obtained":["Kunai"],"max_hp_gain":0,"max_hp_loss":0,"event_name":"Addict","floor":29,"gold_loss":0,"cards_obtained":["Shame"]}],"is_beta":false,"boss_relics":[{"not_picked":["Coffee Dripper","Ectoplasm"],"picked":"Black Star"}],"items_purged_floors":[20],"is_endless":false,"potions_floor_spawned":[6,12,13,16,18,19],"killed_by":"Slavers","ascension_level":6}