{"gold_per_floor":[113,113,137,150,166,194,194,72,96,130,130,156,167,197,197,292,292,310,324,335,260,260,286,286,286,286,314,324,324,9,23,23,122,122,142,17,17,35,35,35,46,46,71,71,71,89,12,12,12,12,12,12,12,44,44],"floor_reached":55,"playtime":2503,"items_purged":["Regret","Strike_B","Defend_B"],"score":797,"play_id":"f33793bd-ffa7-4bce-a17a-2401c0165bc6","local_time":"20181126200547","is_ascension_mode":true,"campfire_choices":[{"floor":7.0,"key":"RECALL"},{"floor":11.0,"key":"REST"},{"floor":15.0,"key":"REST"},{"floor":24.0,"key":"REST"},{"floor":29.0,"key":"REST"},{"data":"Defragment","floor":32.0,"key":"SMITH"},{"data":"Sunder","floor":40.0,"key":"SMITH"},{"floor":42,"key":"REST"},{"data":"Echo Form","floor":44,"key":"SMITH"},{"floor":49,"key":"REST"},{"data":"Core Surge","floor":52,"key":"SMITH"}],"neow_cost":"CURSE","seed_source_timestamp":0,"circlet_count":0,"master_deck":["Strike_B","Defend_B","Zap","Dualcast","Electrodynamics","Ball Lightning","Go for the Eyes+1","Cold Snap","Ball Lightning","Sunder+1","White Noise","Core Surge+1","Blizzard+1","Rainbow+1","Fusion+1","Cold Snap","Compile Driver+1","Cold Snap+1","Defragment+1","Conserve Battery","FTL","Chill","Coolheaded+1","Echo Form+1","Coolheaded+1","Madness","Madness","Coolheaded+1","Cold Snap+1","Parasite","Cold Snap+1","Loop+1","Hologram+1"],"special_seed":0,"relics":["Cracked Core","Strawberry","Happy Flower","Cables","Juzu Bracelet","Bag of Preparation","Astrolabe","Emotion Chip","Pear","Dream Catcher","Vajra","Nuclear Battery","Pen Nib","Dead Branch","Darkstone Periapt"],"potions_floor_usage":[46,46,46],"damage_taken":[{"damage":2.0,"enemies":"Cultist","floor":1.0,"turns":3.0},{"damage":6.0,"enemies":"Jaw Worm","floor":4.0,"turns":2.0},{"damage":4.0,"enemies":"Small Slimes","floor":5.0,"turns":4.0},{"damage":9.0,"enemies":"3 Sentries","floor":6.0,"turns":3.0},{"damage":10.0,"enemies":"Gremlin Nob","floor":10.0,"turns":3.0},{"damage":19.0,"enemies":"Lagavulin","floor":12.0,"turns":4.0},{"damage":4.0,"enemies":"Red Slaver","floor":13.0,"turns":2.0},{"damage":7.0,"enemies":"Gremlin Nob","floor":14.0,"turns":3.0},{"damage":39.0,"enemies":"The Guardian","floor":16.0,"turns":11.0},{"damage":20.0,"enemies":"2 Thieves","floor":18.0,"turns":2.0},{"damage":8.0,"enemies":"Spheric Guardian","floor":19.0,"turns":3.0},{"damage":8.0,"enemies":"Snake Plant","floor":20.0,"turns":4.0},{"damage":24.0,"enemies":"Gremlin Leader","floor":23.0,"turns":6.0},{"damage":25.0,"enemies":"Slavers","floor":27.0,"turns":2.0},{"damage":0.0,"enemies":"Cultist and Chosen","floor":28.0,"turns":4.0},{"damage":0.0,"enemies":"3 Cultists","floor":31.0,"turns":3.0},{"damage":32.0,"enemies":"Collector","floor":33.0,"turns":7.0},{"damage":0.0,"enemies":"3 Shapes","floor":35.0,"turns":4.0},{"damage":21.0,"enemies":"3 Darklings","floor":38.0,"turns":3.0},{"damage":13.0,"enemies":"4 Shapes","floor":41.0,"turns":5.0},{"damage":20,"enemies":"Writhing Mass","floor":46,"turns":5},{"damage":33,"enemies":"Donu and Deca","floor":50,"turns":7},{"damage":54,"enemies":"Shield and Spear","floor":54,"turns":6},{"damage":53,"enemies":"The Heart","floor":55,"turns":3}],"seed_played":"501338608590041723","potions_obtained":[{"floor":4.0,"key":"AttackPotion"},{"floor":5.0,"key":"Swift Potion"},{"floor":6.0,"key":"FocusPotion"},{"floor":12.0,"key":"SpeedPotion"},{"floor":19.0,"key":"Block Potion"},{"floor":25.0,"key":"SteroidPotion"},{"floor":25.0,"key":"FairyPotion"},{"floor":25.0,"key":"Regen Potion"},{"floor":27.0,"key":"Block Potion"},{"floor":31.0,"key":"SkillPotion"},{"floor":38.0,"key":"EntropicBrew"}],"is_trial":false,"path_per_floor":["M","?","T","M","M","E","R","$","T","E","R","E","M","E","R","B",null,"M","M","M","?","?","E","R","?","T","E","M","R","$","M","R","B",null,"M","$","?","M","$","R","M","M","R","T","R","?","M","?","$","R","B",null,"R","$","E","B"],"character_chosen":"DEFECT","items_purchased":["Go for the Eyes","Vajra","Chill"],"campfire_rested":6,"item_purchase_floors":[8,30,30],"current_hp_per_floor":[73,78,78,72,68,66,66,66,66,56,82,63,59,52,78,39,87,67,59,51,51,51,27,53,53,63,43,43,72,72,72,72,40,97,97,97,85,64,64,64,51,80,80,80,71,51,51,51,80,47,97,97,97,43,0],"gold":44,"neow_bonus":"THREE_RARE_CARDS","is_prod":false,"is_daily":false,"chose_seed":false,"campfire_upgraded":4,"win_rate":0,"timestamp":1543280747,"path_taken":["M","?","?","?","M","E","R","$","T","E","R","E","M","E","R","BOSS","M","M","M","?","?","E","R","?","T","E","M","R","?","M","R","BOSS","M","$","?","M","$","R","M","R","T","R","?","M","?","?","R","BOSS","R","$","E","BOSS"],"build_version":"2018-11-15","purchased_purges":3,"victory":false,"max_hp_per_floor":[75,80,80,80,80,87,87,87,87,87,87,87,87,87,87,87,87,87,87,87,87,87,87,87,87,97,97,97,97,97,97,97,97,97,97,97,97,97,97,97,97,97,97,97,97,97,97,97,97,97,97,97,97,97,97],"card_choices":[{"not_picked":["All For One","Rainbow"],"picked":"Electrodynamics","floor":0.0},{"not_picked":["Tempest","Beam Cell","Lockon"],"picked":"SKIP","floor":1.0},{"not_picked":["Gash","Stack","Redo"],"picked":"SKIP","floor":4.0},{"not_picked":["Redo","Beam Cell","Rebound"],"picked":"SKIP","floor":5.0},{"not_picked":["Compile Driver","Doom and Gloom"],"picked":"Ball Lightning","floor":6.0},{"not_picked":["Lockon","Scrape"],"picked":"Cold Snap","floor":10.0},{"not_picked":["Fission","Turbo"],"picked":"Ball Lightning","floor":12.0},{"not_picked":["Streamline","Go for the Eyes"],"picked":"Sunder","floor":13.0},{"not_picked":["Steam Power","Skim"],"picked":"White Noise","floor":14.0},{"not_picked":["Thunder Strike","Reboot"],"picked":"Core Surge","floor":16.0},{"not_picked":["Sweeping Beam","Leap"],"picked":"Cold Snap","floor":18.0},{"not_picked":["Tempest","Recycle","Sweeping Beam"],"picked":"SKIP","floor":19.0},{"not_picked":["Gash","Force Field"],"picked":"Compile Driver+1","floor":20.0},{"not_picked":["Static Discharge","Streamline"],"picked":"Cold Snap+1","floor":23.0},{"not_picked":["Sweeping Beam","Multi-Cast"],"picked":"Defragment","floor":27.0},{"not_picked":["Compile Driver","Static Discharge+1"],"picked":"Conserve Battery","floor":28.0},{"not_picked":["Recycle","Compile Driver"],"picked":"FTL","floor":29.0},{"not_picked":["Beam Cell+1","Defragment"],"picked":"Coolheaded+1","floor":31.0},{"not_picked":["Rainbow","Machine Learning"],"picked":"Echo Form","floor":33.0},{"not_picked":["Gash","Cold Snap"],"picked":"Coolheaded+1","floor":35.0},{"not_picked":["Streamline+1","Redo"],"picked":"Coolheaded+1","floor":38.0},{"not_picked":["Auto Shields","Double Energy"],"picked":"Cold Snap+1","floor":41},{"not_picked":["Streamline","Hologram"],"picked":"Cold Snap+1","floor":46},{"not_picked":["Scrape+1","Reboot"],"picked":"Loop+1","floor":49},{"not_picked":["Storm","Melter+1"],"picked":"Hologram+1","floor":54}],"player_experience":646210,"relics_obtained":[{"floor":6.0,"key":"Strawberry"},{"floor":9.0,"key":"Happy Flower"},{"floor":10.0,"key":"Cables"},{"floor":12.0,"key":"Juzu Bracelet"},{"floor":14.0,"key":"Bag of Preparation"},{"floor":23.0,"key":"Emotion Chip"},{"floor":26.0,"key":"Pear"},{"floor":27.0,"key":"Dream Catcher"},{"floor":43,"key":"Pen Nib"},{"floor":54,"key":"Darkstone Periapt"}],"event_choices":[{"damage_healed":0.0,"max_hp_gain":5.0,"max_hp_loss":0.0,"gold_gain":0.0,"event_name":"Big Fish","player_choice":"Donut","floor":2.0,"gold_loss":0.0,"damage_taken":0.0},{"cards_removed":["Defend_B"],"damage_healed":0.0,"max_hp_gain":0.0,"max_hp_loss":0.0,"gold_gain":0.0,"event_name":"Beggar","player_choice":"Gave Gold","floor":21.0,"gold_loss":75.0,"damage_taken":0.0},{"damage_healed":0.0,"max_hp_gain":0.0,"max_hp_loss":0.0,"gold_gain":0.0,"event_name":"Upgrade Shrine","player_choice":"Upgraded","floor":22.0,"gold_loss":0.0,"damage_taken":0.0,"cards_upgraded":["Go for the Eyes"]},{"damage_healed":0.0,"max_hp_gain":0.0,"max_hp_loss":0.0,"gold_gain":0.0,"event_name":"Lab","player_choice":"Got Potions","floor":25.0,"gold_loss":0.0,"damage_taken":0.0},{"damage_healed":0.0,"max_hp_gain":0.0,"max_hp_loss":0.0,"gold_gain":0.0,"event_name":"Winding Halls","player_choice":"Embrace Madness","floor":37.0,"gold_loss":0.0,"damage_taken":12.0,"cards_obtained":["Madness","Madness"]},{"damage_healed":0,"gold_gain":0,"player_choice":"Damaged","damage_taken":9,"max_hp_gain":0,"max_hp_loss":0,"event_name":"Wheel of Change","floor":45,"gold_loss":0},{"damage_healed":0,"gold_gain":0,"player_choice":"Paid Gold","damage_taken":0,"relics_obtained":["Dead Branch"],"max_hp_gain":0,"max_hp_loss":0,"event_name":"WeMeetAgain","floor":47,"gold_loss":77}],"is_beta":false,"boss_relics":[{"not_picked":["Ectoplasm","Philosopher\u0027s Stone"],"picked":"Astrolabe"},{"not_picked":["Eternal Feather","Snecko Eye"],"picked":"Nuclear Battery"}],"items_purged_floors":[8,30,36],"is_endless":false,"potions_floor_spawned":[4,5,6,12,19,27,31,38],"killed_by":"The Heart","ascension_level":1}