{"gold_per_floor":[117,137,56,56,6,6,39,39,39,65,79,79,79,8,8,108,108,122,152,152],"floor_reached":20,"playtime":649,"items_purged":[],"score":223,"play_id":"9fde3769-21e7-4253-8bce-60a5bdac3919","local_time":"20180917161750","is_ascension_mode":true,"campfire_choices":[{"data":"Redo","floor":6,"key":"SMITH"},{"data":"Thunder Strike","floor":8,"key":"SMITH"},{"floor":12,"key":"REST"},{"data":"Loop","floor":15,"key":"SMITH"}],"neow_cost":"TEN_PERCENT_HP_LOSS","seed_source_timestamp":7609434720609,"circlet_count":0,"master_deck":["Strike_B","Strike_B","Defend_B","Defend_B","Defend_B","Zap","Dualcast","Thunder Strike+1","Auto Shields","Redo+1","Loop+1","Ball Lightning","FTL","Capacitor","Parasite","Self Repair","Creative AI","Melter+1","Chaos+1","Multi-Cast+1","Go for the Eyes+1"],"relics":["Cracked Core","Singing Bowl","Blue Candle","Shuriken","DataDisk","Astrolabe","Red Mask"],"potions_floor_usage":[19,19,19],"damage_taken":[{"damage":0,"enemies":"Small Slimes","floor":1,"turns":3},{"damage":5,"enemies":"Jaw Worm","floor":2,"turns":4},{"damage":19,"enemies":"Lagavulin","floor":7,"turns":5},{"damage":40,"enemies":"3 Sentries","floor":10,"turns":6},{"damage":0,"enemies":"2 Louse","floor":11,"turns":2},{"damage":38,"enemies":"The Guardian","floor":16,"turns":8},{"damage":0,"enemies":"Spheric Guardian","floor":18,"turns":2},{"damage":40,"enemies":"Masked Bandits","floor":19,"turns":4},{"damage":38,"enemies":"3 Byrds","floor":20,"turns":3}],"seed_played":"-7986946342806094152","potions_obtained":[{"floor":1,"key":"Explosive Potion"},{"floor":10,"key":"SkillPotion"},{"floor":11,"key":"Fruit Juice"},{"floor":19,"key":"Energy Potion"}],"is_trial":false,"path_per_floor":["M","M","$","?","?","R","E","R","T","E","M","R","?","$","R","B",null,"M","?"],"character_chosen":"DEFECT","items_purchased":["Loop","Self Repair"],"campfire_rested":1,"item_purchase_floors":[3,14],"current_hp_per_floor":[68,63,63,63,63,63,44,44,44,4,4,24,41,41,41,10,54,54,28,0],"gold":152,"neow_bonus":"THREE_RARE_CARDS","is_prod":false,"is_daily":false,"chose_seed":false,"campfire_upgraded":3,"win_rate":0,"timestamp":1537168670,"path_taken":["M","M","$","?","?","R","E","R","T","E","M","R","?","?","R","BOSS","M","?","M"],"build_version":"2018-09-12","purchased_purges":0,"victory":false,"max_hp_per_floor":[68,68,68,68,68,68,68,68,68,68,68,68,68,68,68,68,68,68,75,75],"card_choices":[{"not_picked":["Rainbow","All For One"],"picked":"Thunder Strike","floor":0},{"not_picked":["White Noise","Turbo"],"picked":"Auto Shields","floor":1},{"not_picked":["Steam","Cold Snap"],"picked":"Redo","floor":2},{"not_picked":["Compile Driver","Cold Snap"],"picked":"Ball Lightning","floor":7},{"not_picked":["Multi-Cast","Coolheaded"],"picked":"FTL","floor":10},{"not_picked":["Lockon","Steam"],"picked":"Capacitor","floor":11},{"not_picked":["All For One","Multi-Cast"],"picked":"Creative AI","floor":16},{"not_picked":["Turbo+1","Cold Snap"],"picked":"Go for the Eyes+1","floor":18},{"not_picked":["Double Energy","Compile Driver","Cold Snap+1"],"picked":"Singing Bowl","floor":19}],"player_experience":432860,"relics_obtained":[{"floor":7,"key":"Blue Candle"},{"floor":9,"key":"Shuriken"},{"floor":10,"key":"DataDisk"},{"floor":19,"key":"Red Mask"}],"event_choices":[{"event_name":"Big Fish","player_choice":"Box","floor":4,"damage_taken":0},{"event_name":"The Cleric","player_choice":"Card Removal","floor":5,"damage_taken":0},{"event_name":"Mushrooms","player_choice":"Healed and dodged fight","floor":13,"damage_taken":0},{"event_name":"Masked Bandits","player_choice":"Fought Bandits","floor":19,"damage_taken":0}],"is_beta":true,"boss_relics":[{"not_picked":["Philosopher\u0027s Stone","Coffee Dripper"],"picked":"Astrolabe"}],"items_purged_floors":[],"is_endless":false,"potions_floor_spawned":[1,10,11,19],"killed_by":"3 Byrds","ascension_level":5}