{"gold_per_floor":[367,386,336,336,34,66,86,120,146,176,176,193,193],"floor_reached":13,"playtime":841,"items_purged":[],"score":113,"play_id":"bdf29dc3-4bfd-48ad-b05d-9ca18b2af06c","local_time":"20181008202357","is_ascension_mode":true,"campfire_choices":[{"floor":11,"key":"REST"}],"neow_cost":"TEN_PERCENT_HP_LOSS","seed_source_timestamp":2146024975934043,"circlet_count":0,"master_deck":["Strike_B","Strike_B","Strike_B","Defend_B","Defend_B","Defend_B","Defend_B","Zap","Dualcast","Streamline","Redo","Defragment","Defragment","Hologram","White Noise","Compile Driver"],"relics":["Cracked Core","Dodecahedron","StoneCalendar","Dead Branch","Symbiotic Virus","Dream Catcher","Ancient Tea Set"],"potions_floor_usage":[6,10,13],"damage_taken":[{"damage":0,"enemies":"Small Slimes","floor":1,"turns":3},{"damage":0,"enemies":"2 Louse","floor":2,"turns":2},{"damage":22,"enemies":"3 Sentries","floor":6,"turns":6},{"damage":4,"enemies":"Jaw Worm","floor":7,"turns":4},{"damage":26,"enemies":"Lagavulin","floor":8,"turns":7},{"damage":14,"enemies":"Gremlin Nob","floor":10,"turns":4},{"damage":11,"enemies":"Red Slaver","floor":12,"turns":3},{"damage":18,"enemies":"3 Louse","floor":13,"turns":1}],"seed_played":"-9075601049224602302","potions_obtained":[{"floor":2,"key":"AttackPotion"},{"floor":7,"key":"Fire Potion"},{"floor":10,"key":"FearPotion"},{"floor":12,"key":"LiquidBronze"}],"is_trial":false,"path_per_floor":["M","M","?","T","$","E","M","E","T","E","R","M"],"character_chosen":"DEFECT","items_purchased":["StoneCalendar"],"campfire_rested":1,"item_purchase_floors":[5],"current_hp_per_floor":[68,68,68,68,68,46,42,16,16,2,22,11,0],"gold":193,"neow_bonus":"TWO_FIFTY_GOLD","is_prod":false,"is_daily":false,"chose_seed":false,"campfire_upgraded":0,"win_rate":0,"timestamp":1539044637,"path_taken":["M","M","?","?","$","E","M","E","T","E","R","M","M"],"build_version":"2018-10-04v2","purchased_purges":0,"victory":false,"max_hp_per_floor":[68,68,68,68,68,68,68,68,68,68,68,68,68],"card_choices":[{"not_picked":["Go for the Eyes","Steam"],"picked":"Streamline","floor":1},{"not_picked":["Heatsinks","Turbo"],"picked":"Redo","floor":2},{"not_picked":["Go for the Eyes","Steam"],"picked":"Defragment","floor":6},{"not_picked":["Stack","Leap"],"picked":"Defragment","floor":7},{"not_picked":["Core Surge","Rebound"],"picked":"Hologram","floor":8},{"not_picked":["Turbo","Cold Snap"],"picked":"White Noise","floor":10},{"not_picked":["Hologram","Scrape"],"picked":"Compile Driver","floor":11},{"not_picked":["Sunder","Reinforced Body","Hologram"],"picked":"SKIP","floor":12}],"player_experience":206779,"relics_obtained":[{"floor":4,"key":"Dodecahedron"},{"floor":6,"key":"Dead Branch"},{"floor":8,"key":"Symbiotic Virus"},{"floor":9,"key":"Dream Catcher"},{"floor":10,"key":"Ancient Tea Set"}],"event_choices":[{"event_name":"The Cleric","player_choice":"Card Removal","floor":3,"damage_taken":0}],"is_beta":false,"boss_relics":[],"items_purged_floors":[],"is_endless":false,"potions_floor_spawned":[2,7,10,12],"killed_by":"3 Louse","ascension_level":2}