{"path_per_floor":["M","M","?","$","?","E","M","R","T","R","M","E","M","M","R","B",null,"M","$","M","?","?","R","?","R","T","R","M","M","R","M","R"],"character_chosen":"IRONCLAD","items_purchased":["Power Through","Bottled Lightning","Spot Weakness"],"gold_per_floor":[113,132,132,60,60,93,103,103,157,157,171,203,213,232,232,328,328,348,61,80,80,80,80,80,80,155,155,172,182,182,202,202,202],"floor_reached":33,"campfire_rested":2,"playtime":1732,"current_hp_per_floor":[80,80,64,64,57,63,69,69,76,76,71,66,60,60,60,66,87,62,62,56,56,39,66,66,66,66,66,65,56,56,42,69,0],"items_purged":[],"gold":202,"score":332,"play_id":"8f1d6dc6-6756-45a6-8e8b-489b2597fe1e","local_time":"20180327235810","is_prod":false,"is_daily":false,"is_ascension_mode":false,"campfire_upgraded":5,"timestamp":1522209490,"path_taken":["M","?","?","$","?","E","M","R","T","R","M","E","M","M","R","BOSS","M","$","M","?","?","R","?","R","T","R","M","M","R","M","R","BOSS"],"build_version":"2018-03-22v2","purchased_purges":0,"victory":false,"master_deck":["Strike_R","Strike_R","Strike_R+1","Strike_R+1","Defend_R","Defend_R","Defend_R","Defend_R","Bash","Heavy Blade+1","Blood for Blood","Power Through","Inflame+1","Sword Boomerang+1","Sword Boomerang+1","Barricade","Sword Boomerang","Flex","Immolate","Evolve+1","Spot Weakness","Pommel Strike","Writhe","Uppercut","Entrench+1","Blood for Blood"],"max_hp_per_floor":[80,80,80,80,80,80,80,80,87,87,87,87,87,87,87,87,87,87,87,87,87,92,92,92,92,92,92,92,92,92,92,92,92],"relics":["Burning Blood","NeowsBlessing","Bag of Marbles","Strawberry","Girya","Philosopher\u0027s Stone","Bottled Lightning","Paper Frog","Frozen Egg 2"],"card_choices":[{"not_picked":["Wild Strike","Armaments"],"picked":"Heavy Blade","floor":1},{"not_picked":["Carnage","Uppercut"],"picked":"Blood for Blood","floor":2},{"not_picked":["Twin Strike","Wild Strike"],"picked":"Inflame","floor":6},{"not_picked":["Fire Breathing","Twin Strike"],"picked":"Sword Boomerang","floor":7},{"not_picked":["Searing Blow","Metallicize"],"picked":"Sword Boomerang","floor":11},{"not_picked":["Clothesline","Shockwave"],"picked":"Barricade","floor":12},{"not_picked":["Dual Wield","Pommel Strike"],"picked":"Sword Boomerang","floor":13},{"not_picked":["Shrug It Off","Wild Strike"],"picked":"Flex","floor":14},{"not_picked":["Double Tap","Bludgeon"],"picked":"Immolate","floor":16},{"not_picked":["Seeing Red","Flex"],"picked":"Evolve","floor":18},{"not_picked":["Entrench","Body Slam"],"picked":"Pommel Strike","floor":20},{"not_picked":["Body Slam","Clothesline"],"picked":"Uppercut","floor":28},{"not_picked":["Shockwave","Clash"],"picked":"Entrench","floor":29},{"not_picked":["Body Slam","Clash"],"picked":"Blood for Blood","floor":31}],"player_experience":33447,"potions_floor_usage":[12,18,18,28,33,33],"damage_taken":[{"damage":0,"enemies":"Cultist","floor":1,"turns":1},{"damage":0,"enemies":"2 Louse","floor":2,"turns":1},{"damage":0,"enemies":"Lagavulin","floor":6,"turns":1},{"damage":0,"enemies":"Jaw Worm","floor":7,"turns":2},{"damage":11,"enemies":"Red Slaver","floor":11,"turns":4},{"damage":11,"enemies":"3 Sentries","floor":12,"turns":5},{"damage":12,"enemies":"Exordium Wildlife","floor":13,"turns":2},{"damage":6,"enemies":"3 Louse","floor":14,"turns":2},{"damage":0,"enemies":"Slime Boss","floor":16,"turns":7},{"damage":31,"enemies":"Shell Parasite","floor":18,"turns":4},{"damage":12,"enemies":"Chosen","floor":20,"turns":4},{"damage":19,"enemies":"Centurion and Healer","floor":28,"turns":5},{"damage":15,"enemies":"Chosen and Byrds","floor":29,"turns":4},{"damage":20,"enemies":"Snecko","floor":31,"turns":5},{"damage":98,"enemies":"Collector","floor":33,"turns":6}],"event_choices":[{"event_name":"Shining Light","player_choice":"Entered Light","floor":3,"damage_taken":0},{"event_name":"Golden Wing","player_choice":"Card Removal","floor":5,"damage_taken":0},{"event_name":"Drug Dealer","player_choice":"Ignored","floor":21,"damage_taken":0},{"event_name":"Forgotten Altar","player_choice":"Shed Blood","floor":22,"damage_taken":0},{"event_name":"The Mausoleum","player_choice":"Yes","floor":24,"damage_taken":0}],"boss_relics":[{"not_picked":["Cursed Key","Question Card"],"picked":"Philosopher\u0027s Stone"}],"potions_floor_spawned":[2,12,13,14,16,28,29],"seed_played":"-6060604839894985297","killed_by":"Collector","ascension_level":0,"is_trial":false}