{"gold_per_floor":[109,284,113,113,126,126,140,140,140,159,159,234,245,245,245,343,343,354,374,374,374],"floor_reached":21,"playtime":1731,"items_purged":["Doubt"],"score":194,"play_id":"fb6ed769-5c62-4bc0-a62f-af6f3807320c","local_time":"20181229163508","is_ascension_mode":false,"campfire_choices":[{"floor":6.0,"key":"REST"},{"data":"Evolve","floor":8.0,"key":"SMITH"},{"data":"Feel No Pain","floor":11.0,"key":"SMITH"},{"floor":15.0,"key":"REST"}],"neow_cost":"PERCENT_DAMAGE","seed_source_timestamp":0,"circlet_count":0,"master_deck":["Defend_R","Defend_R","Defend_R","Defend_R","Bash","Bludgeon","Armaments+1","Body Slam","Feel No Pain+1","Evolve+1","Ghostly Armor","Feed","Demon Form","Thunderclap","Dropkick","Anger","Flex","Rage","Disarm+1","Bite","Bite","Bite","Bite","Bite"],"special_seed":0,"relics":["Burning Blood","Regal Pillow","Ornamental Fan","Orrery"],"potions_floor_usage":[],"damage_taken":[{"damage":13.0,"enemies":"2 Louse","floor":1.0,"turns":4.0},{"damage":11.0,"enemies":"Jaw Worm","floor":5.0,"turns":2.0},{"damage":0.0,"enemies":"Small Slimes","floor":7.0,"turns":3.0},{"damage":18.0,"enemies":"2 Fungi Beasts","floor":10.0,"turns":3.0},{"damage":21.0,"enemies":"Red Slaver","floor":13.0,"turns":6.0},{"damage":59.0,"enemies":"Slime Boss","floor":16.0,"turns":12.0},{"damage":38.0,"enemies":"3 Byrds","floor":18.0,"turns":7.0},{"damage":15.0,"enemies":"Chosen","floor":19.0,"turns":10.0},{"damage":50,"enemies":"Colosseum Slavers","floor":21,"turns":3}],"seed_played":"3469862173028648130","potions_obtained":[{"floor":5.0,"key":"Fire Potion"},{"floor":10.0,"key":"BloodPotion"},{"floor":19,"key":"PowerPotion"}],"is_trial":false,"path_per_floor":["M","?","$","?","M","R","M","R","T","M","R","?","M","?","R","B",null,"M","M","M","?","?"],"character_chosen":"IRONCLAD","items_purchased":["Body Slam","Feel No Pain"],"campfire_rested":2,"item_purchase_floors":[3,3],"current_hp_per_floor":[49,49,49,31,26,65,71,71,71,59,59,59,44,28,67,14,80,48,42,42,0],"gold":374,"neow_bonus":"THREE_RARE_CARDS","is_prod":false,"is_daily":false,"chose_seed":false,"campfire_upgraded":2,"win_rate":0.0,"timestamp":1546097708,"path_taken":["M","?","$","?","M","R","M","R","T","M","R","?","M","?","R","BOSS","M","M","?","?"],"build_version":"2018-12-20","purchased_purges":1,"victory":false,"max_hp_per_floor":[80,80,80,80,80,80,80,80,80,80,80,80,80,80,80,80,80,80,83,58,58],"card_choices":[{"not_picked":["Limit Break","Juggernaut"],"picked":"Bludgeon","floor":0.0},{"not_picked":["Cleave","Entrench"],"picked":"Armaments","floor":1.0},{"not_picked":["Headbutt","Uppercut"],"picked":"Evolve","floor":5.0},{"not_picked":["Evolve","Flex","Fire Breathing"],"picked":"SKIP","floor":7.0},{"not_picked":["Twin Strike","Headbutt"],"picked":"Ghostly Armor","floor":10.0},{"not_picked":["Feel No Pain","Pummel"],"picked":"Feed","floor":13.0},{"not_picked":["Reaper","Bludgeon"],"picked":"Demon Form","floor":16.0},{"not_picked":["Clash","Pommel Strike"],"picked":"Thunderclap","floor":17.0},{"not_picked":["Wild Strike","Headbutt"],"picked":"Dropkick","floor":17.0},{"not_picked":["Iron Wave","Shrug It Off"],"picked":"Anger","floor":17.0},{"not_picked":["Anger","Fire Breathing"],"picked":"Flex","floor":17.0},{"not_picked":["Armaments","Flame Barrier"],"picked":"Rage","floor":17.0},{"not_picked":["Flex","Sever Soul"],"picked":"Disarm+1","floor":18.0},{"not_picked":["Perfected Strike","Power Through","Anger"],"picked":"SKIP","floor":19}],"player_experience":75376,"relics_obtained":[{"floor":9.0,"key":"Ornamental Fan"}],"event_choices":[{"damage_healed":0.0,"max_hp_gain":0.0,"max_hp_loss":0.0,"gold_gain":175.0,"event_name":"Liars Game","player_choice":"AGREE","floor":2.0,"gold_loss":0.0,"damage_taken":0.0,"cards_obtained":["Doubt"]},{"damage_healed":0.0,"max_hp_gain":0.0,"max_hp_loss":0.0,"gold_gain":0.0,"event_name":"Scrap Ooze","player_choice":"Success","floor":4.0,"gold_loss":0.0,"damage_taken":18.0,"relics_obtained":["Regal Pillow"]},{"damage_healed":0.0,"max_hp_gain":0.0,"max_hp_loss":0.0,"gold_gain":75.0,"event_name":"Golden Wing","player_choice":"Gained Gold","floor":12.0,"gold_loss":0.0,"damage_taken":0.0},{"damage_healed":0.0,"max_hp_gain":0.0,"max_hp_loss":0.0,"gold_gain":0.0,"event_name":"Shining Light","player_choice":"Entered Light","floor":14.0,"gold_loss":0.0,"damage_taken":16.0,"cards_upgraded":["Armaments","Strike_R"]},{"damage_healed":0,"gold_gain":0,"player_choice":"Became a vampire","damage_taken":0,"max_hp_gain":0,"max_hp_loss":25,"event_name":"Vampires","floor":20,"gold_loss":0,"cards_obtained":["Bite","Bite","Bite","Bite","Bite"]},{"damage_healed":0,"gold_gain":0,"player_choice":"Fight","damage_taken":0,"max_hp_gain":0,"max_hp_loss":0,"event_name":"Colosseum","floor":21,"gold_loss":0}],"is_beta":false,"boss_relics":[{"not_picked":["Cursed Key","Eternal Feather"],"picked":"Orrery"}],"items_purged_floors":[3],"is_endless":false,"potions_floor_spawned":[5,10,19],"killed_by":"Colosseum Slavers","ascension_level":0}