{"gold_per_floor":[114,114,129,144,144,174,174,124,124,139,169,19,49,64,64,164,164,179,104,104,119,119,119,134,149,149,149,62,77,152,0,0,100,100,115,118,118,133,133,163,178,178,178,193,208,223,23,23,23,23],"floor_reached":51,"playtime":4001,"items_purged":[],"score":897,"play_id":"62c50eee-21aa-444c-a110-ce251aaa607c","local_time":"20181002193304","daily_mods":["Chimera","Hoarder","Terminal"],"is_ascension_mode":false,"campfire_choices":[{"data":"Ball Lightning","floor":7.0,"key":"SMITH"},{"data":"White Noise","floor":15.0,"key":"SMITH"},{"data":"White Noise","floor":23,"key":"SMITH"},{"data":"Compile Driver","floor":27,"key":"SMITH"},{"data":"Ball Lightning","floor":32,"key":"SMITH"},{"data":"Bash","floor":42,"key":"PURGE"},{"data":"Strike_G","floor":49,"key":"PURGE"}],"neow_cost":"","seed_source_timestamp":0,"circlet_count":0,"master_deck":["Survivor","Strike_B","Defend_G","Defend_B","White Noise+1","White Noise+1","White Noise+1","Ball Lightning+1","Ball Lightning","Ball Lightning+1","Coolheaded","Coolheaded","Coolheaded","Coolheaded","Conserve Battery","Conserve Battery","Conserve Battery","Multi-Cast","Multi-Cast","Multi-Cast","Compile Driver","Compile Driver","Compile Driver+1","Ghostly","Ghostly","Ghostly","Ghostly","Ghostly","Ghostly","Ghostly","Ghostly","Ghostly","Ghostly","Ghostly","Ghostly","Ghostly","Ghostly","Ghostly","Discovery","Discovery","Discovery","Sweeping Beam+1","Sweeping Beam+1","Sweeping Beam+1"],"special_seed":17806,"relics":["FrozenCore","Anchor","Dream Catcher","Pen Nib","Meat on the Bone","Blood Vial","Art of War","Busted Crown","Sundial","Pear","Peace Pipe","Regal Pillow","Bag of Preparation","Sling"],"potions_floor_usage":[29,46,50],"damage_taken":[{"damage":0.0,"enemies":"2 Louse","floor":1.0,"turns":2.0},{"damage":0.0,"enemies":"Cultist","floor":3.0,"turns":3.0},{"damage":0.0,"enemies":"Jaw Worm","floor":4.0,"turns":2.0},{"damage":8.0,"enemies":"Lagavulin","floor":6.0,"turns":5.0},{"damage":8.0,"enemies":"2 Fungi Beasts","floor":10.0,"turns":3.0},{"damage":9.0,"enemies":"Gremlin Nob","floor":11.0,"turns":3.0},{"damage":0.0,"enemies":"3 Sentries","floor":13.0,"turns":3.0},{"damage":0.0,"enemies":"Large Slime","floor":14.0,"turns":3.0},{"damage":4.0,"enemies":"Hexaghost","floor":16.0,"turns":9.0},{"damage":0,"enemies":"3 Byrds","floor":18,"turns":6},{"damage":0,"enemies":"Chosen","floor":21,"turns":4},{"damage":3,"enemies":"Shelled Parasite and Fungi","floor":24,"turns":5},{"damage":0,"enemies":"Snake Plant","floor":25,"turns":4},{"damage":0,"enemies":"Sentry and Sphere","floor":29,"turns":7},{"damage":0,"enemies":"Champ","floor":33,"turns":10},{"damage":0,"enemies":"Orb Walker","floor":35,"turns":4},{"damage":15,"enemies":"Mysterious Sphere","floor":36,"turns":7},{"damage":2,"enemies":"3 Shapes","floor":38,"turns":5},{"damage":0,"enemies":"2 Orb Walkers","floor":40,"turns":5},{"damage":0,"enemies":"Spire Growth","floor":41,"turns":8},{"damage":2,"enemies":"4 Shapes","floor":44,"turns":4},{"damage":3,"enemies":"Sphere and 2 Shapes","floor":45,"turns":6},{"damage":0,"enemies":"3 Darklings","floor":46,"turns":7},{"damage":0,"enemies":"Donu and Deca","floor":50,"turns":16}],"seed_played":"-7174466282255395136","potions_obtained":[{"floor":1.0,"key":"SteroidPotion"},{"floor":6.0,"key":"SkillPotion"},{"floor":11.0,"key":"SpeedPotion"},{"floor":13.0,"key":"Weak Potion"},{"floor":18,"key":"FairyPotion"},{"floor":40,"key":"Regen Potion"},{"floor":45,"key":"AttackPotion"},{"floor":46,"key":"Poison Potion"}],"is_trial":false,"path_per_floor":["M","?","M","M","?","E","R","?","T","M","E","$","E","M","R","B",null,"M","?","?","M","?","R","M","M","T","R","$","M","T","?","R","B",null,"M","?","?","M","?","E","M","R","T","M","M","M","$","$","R","B"],"character_chosen":"DEFECT","items_purchased":["Blood Vial","Discovery","Sling"],"campfire_rested":0,"item_purchase_floors":[12,28,47],"current_hp_per_floor":[73,72,71,70,63,55,55,55,55,47,38,38,40,49,49,47,57,56,55,26,25,24,23,20,21,20,19,18,17,26,25,24,23,22,21,18,18,18,17,16,15,14,13,12,9,10,9,8,7,6],"gold":23,"neow_bonus":"","is_prod":false,"is_daily":true,"chose_seed":false,"campfire_upgraded":5,"win_rate":0,"timestamp":1538523184,"path_taken":["M","?","M","M","?","E","R","?","T","M","E","$","E","?","R","BOSS","M","?","?","M","?","R","M","?","T","R","?","?","?","?","R","BOSS","M","?","?","?","?","E","M","R","T","M","M","?","?","$","R","BOSS"],"build_version":"2018-09-27","purchased_purges":0,"victory":true,"max_hp_per_floor":[73,72,71,70,69,68,67,66,65,64,63,62,61,60,59,58,57,56,55,26,25,24,23,22,21,20,19,18,17,26,25,24,23,22,21,20,19,18,17,16,15,14,13,12,11,10,9,8,7,6],"card_choices":[{"not_picked":["Scrape","Cold Snap"],"picked":"White Noise","floor":1.0},{"not_picked":["Storm","Coolheaded","Fusion"],"picked":"SKIP","floor":3.0},{"not_picked":["Leap","White Noise"],"picked":"Ball Lightning","floor":4.0},{"not_picked":["Beam Cell","Rip and Tear","Chaos"],"picked":"SKIP","floor":6.0},{"not_picked":["Go for the Eyes","Stack","Sweeping Beam"],"picked":"SKIP","floor":10.0},{"not_picked":["Melter","Double Energy"],"picked":"Coolheaded","floor":11.0},{"not_picked":["Glacier","Static Discharge"],"picked":"Coolheaded","floor":13.0},{"not_picked":["Turbo","Redo"],"picked":"Conserve Battery","floor":14.0},{"not_picked":["Thunder Strike","Seek"],"picked":"Multi-Cast","floor":16.0},{"not_picked":[],"picked":"Compile Driver","floor":18},{"not_picked":["Steam Power"],"picked":"SKIP","floor":21},{"not_picked":["Steam"],"picked":"SKIP","floor":24},{"not_picked":["Beam Cell"],"picked":"SKIP","floor":25},{"not_picked":["Leap"],"picked":"SKIP","floor":29},{"not_picked":[],"picked":"Sweeping Beam+1","floor":35},{"not_picked":["Gash"],"picked":"SKIP","floor":38},{"not_picked":["Rebound"],"picked":"SKIP","floor":40},{"not_picked":["Steam"],"picked":"SKIP","floor":41},{"not_picked":["Sweeping Beam"],"picked":"SKIP","floor":44},{"not_picked":["Go for the Eyes"],"picked":"SKIP","floor":45},{"not_picked":["Hello World"],"picked":"SKIP","floor":46}],"player_experience":148730,"relics_obtained":[{"floor":6.0,"key":"Dream Catcher"},{"floor":9.0,"key":"Pen Nib"},{"floor":11.0,"key":"Meat on the Bone"},{"floor":13.0,"key":"Art of War"},{"floor":26,"key":"Sundial"},{"floor":30,"key":"Pear"},{"floor":36,"key":"Peace Pipe"},{"floor":40,"key":"Regal Pillow"},{"floor":43,"key":"Bag of Preparation"}],"event_choices":[{"event_name":"Upgrade Shrine","player_choice":"Upgraded","floor":2.0,"damage_taken":0.0},{"event_name":"Scrap Ooze","player_choice":"success","floor":5.0,"damage_taken":7.0},{"event_name":"The Cleric","player_choice":"Card Removal","floor":8.0,"damage_taken":0.0},{"event_name":"Beggar","player_choice":"Gave Gold","floor":19,"damage_taken":0},{"event_name":"Ghosts","player_choice":"Became a Ghost","floor":20,"damage_taken":0},{"event_name":"Purifier","player_choice":"One Purge","floor":22,"damage_taken":0},{"event_name":"Masked Bandits","player_choice":"Paid Fearfully","floor":31,"damage_taken":0},{"event_name":"Mysterious Sphere","player_choice":"Fight","floor":36,"damage_taken":0},{"event_name":"Wheel of Change","player_choice":"Card Removal","floor":37,"damage_taken":0},{"event_name":"Falling","player_choice":"Removed Skill","floor":39,"damage_taken":0}],"is_beta":false,"boss_relics":[{"not_picked":["Runic Pyramid","Tiny House"],"picked":"Busted Crown"},{"not_picked":["Snecko Eye","White Beast Statue"],"picked":"FrozenCore"}],"items_purged_floors":[],"is_endless":false,"potions_floor_spawned":[1,6,11,13,18,21,24,40,45,46],"ascension_level":0}