{"gold_per_floor":[19,19,19,19,19,19,53,53,110,110,15,27,47,62,62,164,164,181,30,40,51,51],"floor_reached":22,"playtime":1722,"items_purged":[],"score":221,"play_id":"cd71296b-f969-4bc0-8856-071206561c2f","local_time":"20181117164536","is_ascension_mode":true,"campfire_choices":[{"data":"Demon Form","floor":6.0,"key":"SMITH"},{"floor":8.0,"key":"REST"},{"floor":15.0,"key":"REST"}],"neow_cost":"NO_GOLD","seed_source_timestamp":0,"circlet_count":0,"master_deck":["Strike_R","Strike_R","Strike_R","Defend_R","Defend_R","Defend_R","Defend_R","Bash","Demon Form+1","Carnage","Anger","Headbutt","Body Slam","Whirlwind","Fiend Fire","Shrug It Off","Heavy Blade","Armaments"],"special_seed":0,"relics":["Burning Blood","Lantern","Tiny Chest","Omamori","Red Skull","Cursed Key","PreservedInsect"],"potions_floor_usage":[20,21],"damage_taken":[{"damage":8.0,"enemies":"Jaw Worm","floor":1.0,"turns":5.0},{"damage":55.0,"enemies":"3 Sentries","floor":7.0,"turns":9.0},{"damage":0.0,"enemies":"2 Louse","floor":12.0,"turns":2.0},{"damage":0.0,"enemies":"Small Slimes","floor":13.0,"turns":2.0},{"damage":9.0,"enemies":"2 Fungi Beasts","floor":14.0,"turns":3.0},{"damage":46.0,"enemies":"Hexaghost","floor":16.0,"turns":6.0},{"damage":33,"enemies":"2 Thieves","floor":18,"turns":3},{"damage":3,"enemies":"Spheric Guardian","floor":20,"turns":3},{"damage":42,"enemies":"Snake Plant","floor":21,"turns":4},{"damage":38,"enemies":"Shelled Parasite and Fungi","floor":22,"turns":3}],"seed_played":"753818522994652441","potions_obtained":[{"floor":12.0,"key":"AttackPotion"},{"floor":14.0,"key":"SkillPotion"},{"floor":16.0,"key":"Poison Potion"},{"floor":18,"key":"AttackPotion"}],"is_trial":false,"path_per_floor":["M","?","?","$","?","R","E","R","T","?","?","M","M","M","R","B",null,"M","$","M","M","M"],"character_chosen":"IRONCLAD","items_purchased":["PreservedInsect"],"campfire_rested":2,"item_purchase_floors":[19],"current_hp_per_floor":[78,71,76,76,76,76,27,52,52,45,45,51,57,54,79,39,85,58,58,61,25,0],"gold":51,"neow_bonus":"THREE_RARE_CARDS","is_prod":false,"is_daily":false,"chose_seed":false,"campfire_upgraded":1,"win_rate":0,"timestamp":1542491136,"path_taken":["M","?","?","$","?","R","E","R","T","?","?","M","M","?","R","BOSS","M","$","M","M","M"],"build_version":"2018-11-15","purchased_purges":0,"victory":false,"max_hp_per_floor":[80,80,85,85,85,85,85,85,85,85,85,85,85,85,85,85,85,85,85,85,85,85],"card_choices":[{"not_picked":["Impervious","Offering"],"picked":"Demon Form","floor":0.0},{"not_picked":["Pommel Strike","Iron Wave"],"picked":"Carnage","floor":1.0},{"not_picked":["Carnage","Sword Boomerang","Corruption"],"picked":"SKIP","floor":7.0},{"not_picked":["Rampage","Bloodletting"],"picked":"Headbutt","floor":12.0},{"not_picked":["Corruption","Hemokinesis"],"picked":"Body Slam","floor":13.0},{"not_picked":["Reckless Charge","Wild Strike"],"picked":"Whirlwind","floor":14.0},{"not_picked":["Exhume","Dark Embrace"],"picked":"Fiend Fire","floor":16.0},{"not_picked":["Wild Strike","Cleave+1"],"picked":"Shrug It Off","floor":18},{"not_picked":["Thunderclap","Burning Pact"],"picked":"Heavy Blade","floor":20},{"not_picked":["Body Slam","Wild Strike"],"picked":"Armaments","floor":21}],"player_experience":527703,"relics_obtained":[{"floor":7.0,"key":"Lantern"},{"floor":9.0,"key":"Tiny Chest"}],"event_choices":[{"cards_removed":["Strike_R"],"damage_healed":0.0,"max_hp_gain":0.0,"max_hp_loss":0.0,"gold_gain":0.0,"event_name":"Golden Wing","player_choice":"Card Removal","floor":2.0,"gold_loss":0.0,"damage_taken":7.0},{"damage_healed":0.0,"max_hp_gain":5.0,"max_hp_loss":0.0,"gold_gain":0.0,"event_name":"Big Fish","player_choice":"Donut","floor":3.0,"gold_loss":0.0,"damage_taken":0.0},{"damage_healed":0.0,"max_hp_gain":0.0,"max_hp_loss":0.0,"gold_gain":0.0,"cards_transformed":["Strike_R"],"event_name":"Living Wall","player_choice":"Change","floor":5.0,"gold_loss":0.0,"damage_taken":0.0,"cards_obtained":["Anger"]},{"damage_healed":0.0,"max_hp_gain":0.0,"max_hp_loss":0.0,"gold_gain":0.0,"event_name":"Scrap Ooze","player_choice":"Success","floor":10.0,"gold_loss":0.0,"damage_taken":7.0,"relics_obtained":["Omamori"]},{"damage_healed":0.0,"max_hp_gain":0.0,"max_hp_loss":0.0,"gold_gain":0.0,"event_name":"WeMeetAgain","player_choice":"Paid Gold","floor":11.0,"gold_loss":95.0,"damage_taken":0.0,"relics_obtained":["Red Skull"]}],"is_beta":false,"boss_relics":[{"not_picked":["Calling Bell","White Beast Statue"],"picked":"Cursed Key"}],"items_purged_floors":[],"is_endless":false,"potions_floor_spawned":[12,14,16,18],"killed_by":"Shelled Parasite and Fungi","ascension_level":4}