{"gold_per_floor":[113,113,16,36,56,89,89,124,124,124,140,152,182,196,196,292,292,307,307,307,65,77,77,104,120,144,160,160,176,176,207,207,304,354,372,372,384,384,100,131,131,144,144,161,161],"floor_reached":45,"playtime":4722,"items_purged":["Regret"],"score":571,"play_id":"bc4475e6-9047-41b0-8dcd-3bc71c8a06a0","local_time":"20190115224408","is_ascension_mode":true,"campfire_choices":[{"data":"Cloak And Dagger","floor":7,"key":"SMITH"},{"data":"Bullet Time","floor":10,"key":"SMITH"},{"data":"Finisher","floor":15,"key":"SMITH"},{"data":"Footwork","floor":23,"key":"SMITH"},{"floor":30,"key":"REST"},{"floor":32,"key":"REST"},{"floor":41,"key":"REST"}],"neow_cost":"NONE","seed_source_timestamp":4923615709370,"circlet_count":0,"master_deck":["Defend_G","Defend_G","Defend_G+1","Defend_G","Defend_G","Strike_G","Strike_G","Strike_G","Strike_G","Strike_G","Survivor","Neutralize","Finisher+1","Slice","Backflip","Backflip","Cloak And Dagger+1","Bullet Time+1","Dagger Spray","Backflip","Flying Knee","Burst","PiercingWail+1","J.A.X.","Footwork+1","Well Laid Plans","J.A.X.","Flying Knee+1","Malaise","Leg Sweep","Slice","Doppelganger","Deflect","Night Terror","Deflect+1","The Bomb","Madness","Madness","Infinite Blades","Sucker Punch+1","Blade Dance+1"],"relics":["Ring of the Snake","Centennial Puzzle","The Courier","Mummified Hand","Lantern","Mercury Hourglass","Tiny Chest","Sozu","DollysMirror","Bottled Flame","Art of War","Oddly Smooth Stone","Tiny House","ClockworkSouvenir","Pen Nib","Meat on the Bone","Darkstone Periapt"],"potions_floor_usage":[6,6,16,45],"damage_taken":[{"damage":1,"enemies":"Cultist","floor":1,"turns":4},{"damage":1,"enemies":"Jaw Worm","floor":4,"turns":3},{"damage":0,"enemies":"Small Slimes","floor":5,"turns":3},{"damage":5,"enemies":"3 Sentries","floor":6,"turns":8},{"damage":11,"enemies":"Gremlin Nob","floor":8,"turns":3},{"damage":0,"enemies":"Exordium Thugs","floor":11,"turns":4},{"damage":0,"enemies":"Looter","floor":12,"turns":2},{"damage":0,"enemies":"3 Louse","floor":14,"turns":2},{"damage":6,"enemies":"Hexaghost","floor":16,"turns":7},{"damage":0,"enemies":"2 Thieves","floor":18,"turns":4},{"damage":0,"enemies":"Chosen","floor":22,"turns":2},{"damage":19,"enemies":"Book of Stabbing","floor":24,"turns":4},{"damage":18,"enemies":"3 Cultists","floor":25,"turns":7},{"damage":3,"enemies":"Chosen and Byrds","floor":27,"turns":5},{"damage":4,"enemies":"Snake Plant","floor":29,"turns":5},{"damage":6,"enemies":"Gremlin Leader","floor":31,"turns":5},{"damage":25,"enemies":"Collector","floor":33,"turns":9},{"damage":18,"enemies":"Orb Walker","floor":35,"turns":4},{"damage":3,"enemies":"3 Darklings","floor":37,"turns":3},{"damage":31,"enemies":"Nemesis","floor":40,"turns":9},{"damage":11,"enemies":"Maw","floor":42,"turns":8},{"damage":19,"enemies":"Sphere and 2 Shapes","floor":44,"turns":4},{"damage":48,"enemies":"Transient","floor":45,"turns":5}],"seed_played":"-6705664191883057018","potions_obtained":[{"floor":1,"key":"AttackPotion"},{"floor":5,"key":"LiquidBronze"},{"floor":11,"key":"SpeedPotion"},{"floor":14,"key":"LiquidBronze"}],"is_trial":false,"path_per_floor":["M","?","$","M","M","E","R","E","T","R","M","M","?","M","R","B",null,"M","?","?","$","M","R","E","M","T","M","?","M","R","E","R","B",null,"M","?","M","?","$","E","R","M","T","M","M"],"character_chosen":"THE_SILENT","items_purchased":["Slice","Footwork","Well Laid Plans","DollysMirror","ClockworkSouvenir","Pen Nib"],"campfire_rested":3,"item_purchase_floors":[3,21,21,21,39,39],"current_hp_per_floor":[69,69,69,68,68,63,63,52,52,52,52,52,45,45,45,39,70,70,70,70,70,70,70,51,33,33,30,30,26,47,41,62,37,75,57,57,54,45,45,14,36,37,37,30,0],"gold":161,"neow_bonus":"RANDOM_COMMON_RELIC","is_prod":false,"is_daily":false,"chose_seed":false,"campfire_upgraded":4,"win_rate":0,"timestamp":1547621048,"path_taken":["M","?","$","M","M","E","R","E","T","R","M","M","?","M","R","BOSS","M","?","?","$","M","R","E","M","T","?","?","M","R","E","R","BOSS","M","?","M","?","$","E","R","M","T","M","M"],"build_version":"2019-01-10","purchased_purges":1,"victory":false,"max_hp_per_floor":[70,70,70,70,70,70,70,70,70,70,70,70,70,70,70,70,70,70,70,70,70,70,70,70,70,70,70,70,70,70,70,70,70,75,75,75,75,75,75,75,75,75,75,75,75],"card_choices":[{"not_picked":["Predator","Prepared"],"picked":"Finisher","floor":1},{"not_picked":["Dodge and Roll","Deadly Poison"],"picked":"Backflip","floor":4},{"not_picked":["Reflex","Noxious Fumes"],"picked":"Backflip","floor":5},{"not_picked":["All Out Attack","Underhanded Strike"],"picked":"Cloak And Dagger","floor":6},{"not_picked":["Poisoned Stab","Envenom"],"picked":"Bullet Time","floor":8},{"not_picked":["Deadly Poison","Riddle With Holes"],"picked":"Dagger Spray","floor":11},{"not_picked":["Bane","Dagger Throw"],"picked":"Backflip","floor":12},{"not_picked":["Reflex","Prepared"],"picked":"Flying Knee","floor":14},{"not_picked":["Unload","Night Terror"],"picked":"Burst","floor":16},{"not_picked":["Poisoned Stab+1","Crippling Poison"],"picked":"PiercingWail+1","floor":18},{"not_picked":["Dodge and Roll+1","Crippling Poison"],"picked":"Flying Knee+1","floor":22},{"not_picked":["Well Laid Plans","Predator"],"picked":"Malaise","floor":24},{"not_picked":["Dagger Throw","Quick Slash"],"picked":"Leg Sweep","floor":25},{"not_picked":["Dagger Throw","PiercingWail"],"picked":"Slice","floor":27},{"not_picked":["PiercingWail","Prepared"],"picked":"Doppelganger","floor":29},{"not_picked":["Dagger Throw","Deadly Poison+1"],"picked":"Deflect","floor":31},{"not_picked":["Envenom","A Thousand Cuts"],"picked":"Night Terror","floor":33},{"not_picked":["Eviscerate","PiercingWail+1"],"picked":"Deflect+1","floor":35},{"not_picked":["Deep Breath","Discovery"],"picked":"The Bomb","floor":36},{"not_picked":["Deadly Poison","Dagger Spray","Reflex"],"picked":"SKIP","floor":37},{"not_picked":["Caltrops+1","Deadly Poison"],"picked":"Infinite Blades","floor":40},{"not_picked":["Cloak And Dagger","Quick Slash"],"picked":"Sucker Punch+1","floor":42},{"not_picked":["Acrobatics","Reflex"],"picked":"Blade Dance+1","floor":44}],"player_experience":222866,"relics_obtained":[{"floor":6,"key":"Mummified Hand"},{"floor":8,"key":"Lantern"},{"floor":9,"key":"Mercury Hourglass"},{"floor":24,"key":"Bottled Flame"},{"floor":26,"key":"Art of War"},{"floor":31,"key":"Oddly Smooth Stone"},{"floor":40,"key":"Meat on the Bone"},{"floor":43,"key":"Darkstone Periapt"}],"event_choices":[{"damage_healed":0,"gold_gain":0,"player_choice":"Box","damage_taken":0,"relics_obtained":["The Courier"],"max_hp_gain":0,"max_hp_loss":0,"event_name":"Big Fish","floor":2,"gold_loss":0,"cards_obtained":["Regret"]},{"damage_healed":0,"gold_gain":0,"player_choice":"Success","damage_taken":7,"relics_obtained":["Tiny Chest"],"max_hp_gain":0,"max_hp_loss":0,"event_name":"Scrap Ooze","floor":13,"gold_loss":0},{"damage_healed":0,"gold_gain":0,"player_choice":"Ignored","damage_taken":0,"max_hp_gain":0,"max_hp_loss":0,"event_name":"Vampires","floor":19,"gold_loss":0},{"damage_healed":0,"gold_gain":0,"player_choice":"Obtain J.A.X.","damage_taken":0,"max_hp_gain":0,"max_hp_loss":0,"event_name":"Drug Dealer","floor":20,"gold_loss":0,"cards_obtained":["J.A.X."]},{"damage_healed":0,"gold_gain":0,"player_choice":"Ignored","damage_taken":0,"max_hp_gain":0,"max_hp_loss":0,"event_name":"Ghosts","floor":28,"gold_loss":0},{"damage_healed":0,"gold_gain":0,"player_choice":"Memory 1","damage_taken":0,"max_hp_gain":0,"max_hp_loss":0,"event_name":"SensoryStone","floor":36,"gold_loss":0},{"damage_healed":0,"gold_gain":0,"player_choice":"Embrace Madness","damage_taken":9,"max_hp_gain":0,"max_hp_loss":0,"event_name":"Winding Halls","floor":38,"gold_loss":0,"cards_obtained":["Madness","Madness"]}],"is_beta":false,"boss_relics":[{"not_picked":["Coffee Dripper","Ectoplasm"],"picked":"Sozu"},{"not_picked":["Orrery","Busted Crown"],"picked":"Tiny House"}],"items_purged_floors":[3],"is_endless":false,"potions_floor_spawned":[1,5,11,14,18,25,27,29,33,42],"killed_by":"Transient","ascension_level":1}