{"gold_per_floor":[115,290,290,35,47,47,63,63,118,118,141,156,176,196,196,293,293,307,278,289,342,43,71,71,97,97,97,132,149,165,176,176,278,278,291,304,316,316,47,66,77,77],"floor_reached":42,"playtime":4230,"items_purged":["Doubt","Strike_B"],"score":570,"play_id":"3837c2e4-6571-4b32-aa67-8e7e461b565c","local_time":"20181026180107","is_ascension_mode":true,"campfire_choices":[{"data":"Zap","floor":6.0,"key":"SMITH"},{"data":"Panache","floor":8.0,"key":"SMITH"},{"data":"Go for the Eyes","floor":10.0,"key":"SMITH"},{"floor":15.0,"key":"REST"},{"data":"Force Field","floor":24.0,"key":"SMITH"},{"floor":32.0,"key":"REST"}],"neow_cost":"TEN_PERCENT_HP_LOSS","seed_source_timestamp":0,"circlet_count":0,"master_deck":["Defend_B","Defend_B","Zap+1","Dualcast","Go for the Eyes+1","Force Field+1","Panache+1","Scrape","Compile Driver","Glacier","Glacier","Genetic Algorithm","Machine Learning","FTL","All For One","Coolheaded","BootSequence","Undo+1","Core Surge","Creative AI"],"special_seed":0,"relics":["Cracked Core","Tiny Chest","Bag of Marbles","Snecko Eye","Omamori","Pear","Blood Vial","Matryoshka","Potion Belt","Coffee Dripper","Membership Card","PreservedInsect"],"potions_floor_usage":[40,40,42],"damage_taken":[{"damage":1.0,"enemies":"Cultist","floor":1.0,"turns":3.0},{"damage":7.0,"enemies":"2 Louse","floor":5.0,"turns":2.0},{"damage":10.0,"enemies":"Small Slimes","floor":7.0,"turns":3.0},{"damage":0.0,"enemies":"Gremlin Gang","floor":12.0,"turns":3.0},{"damage":0.0,"enemies":"Looter","floor":13.0,"turns":2.0},{"damage":6.0,"enemies":"Lots of Slimes","floor":14.0,"turns":4.0},{"damage":20.0,"enemies":"The Guardian","floor":16.0,"turns":15.0},{"damage":0.0,"enemies":"3 Byrds","floor":18.0,"turns":3.0},{"damage":4.0,"enemies":"2 Thieves","floor":19.0,"turns":5.0},{"damage":8.0,"enemies":"Sentry and Sphere","floor":20.0,"turns":10.0},{"damage":7.0,"enemies":"Gremlin Leader","floor":23.0,"turns":8.0},{"damage":4.0,"enemies":"Book of Stabbing","floor":25.0,"turns":6.0},{"damage":13.0,"enemies":"Slavers","floor":28.0,"turns":5.0},{"damage":7.0,"enemies":"Snake Plant","floor":29.0,"turns":7.0},{"damage":13.0,"enemies":"Cultist and Chosen","floor":30.0,"turns":7.0},{"damage":2.0,"enemies":"Snecko","floor":31.0,"turns":4.0},{"damage":20.0,"enemies":"Automaton","floor":33.0,"turns":9.0},{"damage":18.0,"enemies":"3 Darklings","floor":35.0,"turns":4.0},{"damage":0.0,"enemies":"Orb Walker","floor":36.0,"turns":5.0},{"damage":14.0,"enemies":"Transient","floor":37.0,"turns":5.0},{"damage":0.0,"enemies":"3 Darklings","floor":39.0,"turns":4.0},{"damage":38,"enemies":"Giant Head","floor":40,"turns":12},{"damage":9,"enemies":"3 Darklings","floor":41,"turns":6},{"damage":7,"enemies":"Maw","floor":42,"turns":7}],"seed_played":"7020160621043264104","potions_obtained":[{"floor":5.0,"key":"PowerPotion"},{"floor":14.0,"key":"Dexterity Potion"},{"floor":16.0,"key":"Regen Potion"},{"floor":23.0,"key":"SkillPotion"},{"floor":25.0,"key":"Energy Potion"},{"floor":28.0,"key":"Ancient Potion"},{"floor":31.0,"key":"PowerPotion"},{"floor":36.0,"key":"SpeedPotion"},{"floor":41,"key":"SkillPotion"}],"is_trial":false,"path_per_floor":["M","?","?","$","M","R","M","R","T","R","T","M","M","M","R","B",null,"M","M","M","T","$","E","R","E","T","?","E","M","M","M","R","B",null,"M","M","M","?","$","E","M"],"character_chosen":"DEFECT","items_purchased":["Panache","FTL","All For One","Membership Card","PreservedInsect"],"campfire_rested":2,"item_purchase_floors":[4,22,22,39,39],"current_hp_per_floor":[67,67,67,67,60,60,50,50,50,50,50,50,50,44,64,44,62,62,58,64,64,64,67,67,63,63,63,52,47,36,36,59,41,69,53,55,43,43,45,9,2,0],"gold":77,"neow_bonus":"REMOVE_TWO","is_prod":false,"is_daily":false,"chose_seed":false,"campfire_upgraded":4,"win_rate":0,"timestamp":1540591267,"path_taken":["M","?","?","$","M","R","M","R","T","R","?","M","?","M","R","BOSS","M","M","M","?","$","E","R","E","T","?","E","M","M","M","R","BOSS","M","M","?","?","?","E","M","M"],"build_version":"2018-10-25v2","purchased_purges":2,"victory":false,"max_hp_per_floor":[68,68,68,68,68,68,68,68,68,68,68,68,68,68,68,68,68,68,68,68,68,68,78,78,78,78,78,78,78,78,78,78,78,78,78,78,78,78,78,78,78,78],"card_choices":[{"not_picked":["Beam Cell","Doom and Gloom"],"picked":"Go for the Eyes","floor":1.0},{"not_picked":["Beam Cell","Skim"],"picked":"Scrape","floor":5.0},{"not_picked":["Stack","Meteor Strike"],"picked":"Compile Driver","floor":7.0},{"not_picked":["Cold Snap","Skim"],"picked":"Glacier","floor":12.0},{"not_picked":["Rebound","Fusion"],"picked":"Glacier","floor":13.0},{"not_picked":["Streamline","Auto Shields"],"picked":"Genetic Algorithm","floor":14.0},{"not_picked":["Meteor Strike","Amplify"],"picked":"Machine Learning","floor":16.0},{"not_picked":["Compile Driver","Leap","White Noise+1"],"picked":"SKIP","floor":18.0},{"not_picked":["Hologram","Coolheaded+1","Steam"],"picked":"SKIP","floor":19.0},{"not_picked":["Compile Driver","Stack","Sweeping Beam+1"],"picked":"SKIP","floor":20.0},{"not_picked":["Barrage","Doom and Gloom+1","Sweeping Beam+1"],"picked":"SKIP","floor":23.0},{"not_picked":["Hologram","Turbo","Tempest"],"picked":"SKIP","floor":25.0},{"not_picked":["Rebound+1","Hello World","Coolheaded"],"picked":"SKIP","floor":28.0},{"not_picked":["Redo+1","Recycle"],"picked":"Undo+1","floor":29.0},{"not_picked":["Redo+1","Go for the Eyes","White Noise+1"],"picked":"SKIP","floor":30.0},{"not_picked":["Stack","Lockon"],"picked":"Core Surge","floor":31.0},{"not_picked":["Meteor Strike","Amplify"],"picked":"Creative AI","floor":33.0},{"not_picked":["Skim","Heatsinks","Go for the Eyes"],"picked":"SKIP","floor":35.0},{"not_picked":["Leap","Darkness+1","Steam Power+1"],"picked":"SKIP","floor":36.0},{"not_picked":["Go for the Eyes+1","Steam+1","Skim+1"],"picked":"SKIP","floor":37.0},{"not_picked":["Redo","Thunder Strike","Beam Cell+1"],"picked":"SKIP","floor":40},{"not_picked":["Reprogram+1","Sweeping Beam","Leap+1"],"picked":"SKIP","floor":41}],"player_experience":390536,"relics_obtained":[{"floor":9.0,"key":"Tiny Chest"},{"floor":11.0,"key":"Bag of Marbles"},{"floor":21.0,"key":"Omamori"},{"floor":23.0,"key":"Pear"},{"floor":25.0,"key":"Blood Vial"},{"floor":26.0,"key":"Matryoshka"},{"floor":28.0,"key":"Potion Belt"}],"event_choices":[{"damage_healed":0.0,"max_hp_gain":0.0,"max_hp_loss":0.0,"gold_gain":175.0,"event_name":"Liars Game","player_choice":"AGREE","floor":2.0,"gold_loss":0.0,"damage_taken":0.0,"cards_obtained":["Doubt"]},{"damage_healed":0.0,"max_hp_gain":0.0,"max_hp_loss":0.0,"gold_gain":0.0,"event_name":"Match and Keep!","player_choice":"1 cards matched","floor":3.0,"gold_loss":0.0,"damage_taken":0.0,"cards_obtained":["Force Field"]},{"damage_healed":0.0,"max_hp_gain":0.0,"max_hp_loss":0.0,"gold_gain":0.0,"cards_transformed":["Defend_B","Strike_B"],"event_name":"Drug Dealer","player_choice":"Became Test Subject","floor":27.0,"gold_loss":0.0,"damage_taken":0.0,"cards_obtained":["Coolheaded","BootSequence"]},{"cards_removed":["Strike_B"],"damage_healed":0.0,"max_hp_gain":0.0,"max_hp_loss":0.0,"gold_gain":0.0,"event_name":"Falling","player_choice":"Removed Attack","floor":38.0,"gold_loss":0.0,"damage_taken":0.0}],"is_beta":false,"boss_relics":[{"not_picked":["Cursed Key","Runic Dome"],"picked":"Snecko Eye"},{"not_picked":["Orrery","Tiny House"],"picked":"Coffee Dripper"}],"items_purged_floors":[4,22],"is_endless":false,"potions_floor_spawned":[5,14,16,23,25,28,31,36,39,41],"killed_by":"Maw","ascension_level":5}