{"gold_per_floor":[367,367,383,85,35,35,51,70,70,83,97,97,97,172,172,246,246,202,102,102],"floor_reached":20,"playtime":818,"items_purged":["Strike_B","Strike_B","Defend_B"],"score":303,"play_id":"e27a5316-d110-465c-9b7b-86efb53f4ec1","local_time":"20190104224755","is_ascension_mode":true,"campfire_choices":[{"data":"Capacitor","floor":6,"key":"SMITH"},{"data":"Self Repair","floor":13,"key":"SMITH"},{"data":"Dualcast","floor":15,"key":"SMITH"}],"neow_cost":"TEN_PERCENT_HP_LOSS","seed_source_timestamp":1575683489968640,"circlet_count":0,"master_deck":["AscendersBane","Strike_B","Strike_B","Defend_B","Defend_B","Defend_B","Zap+1","Dualcast+1","Cold Snap","Cold Snap","Capacitor+1","Echo Form","Self Repair+1","Conserve Battery","Machine Learning","Defragment"],"relics":["Cracked Core","Membership Card","StoneCalendar","Cursed Key"],"potions_floor_usage":[],"damage_taken":[{"damage":0,"enemies":"2 Louse","floor":1,"turns":3},{"damage":0,"enemies":"Cultist","floor":3,"turns":3},{"damage":5,"enemies":"Jaw Worm","floor":7,"turns":4},{"damage":0,"enemies":"Blue Slaver","floor":8,"turns":4},{"damage":6,"enemies":"2 Fungi Beasts","floor":10,"turns":4},{"damage":14,"enemies":"Gremlin Gang","floor":11,"turns":7},{"damage":34,"enemies":"Slime Boss","floor":16,"turns":8},{"damage":45,"enemies":"2 Thieves","floor":18,"turns":5},{"damage":19,"enemies":"Shell Parasite","floor":20,"turns":1}],"seed_played":"-3346069781114673917","potions_obtained":[{"floor":1,"key":"EssenceOfSteel"},{"floor":11,"key":"Ancient Potion"}],"is_trial":false,"path_per_floor":["M","?","M","$","$","R","M","M","T","M","M","?","R","?","R","B",null,"M","$","M"],"character_chosen":"DEFECT","items_purchased":["Capacitor","Membership Card","Defragment"],"campfire_rested":0,"item_purchase_floors":[4,4,19],"current_hp_per_floor":[64,64,64,64,64,64,59,59,59,53,46,46,46,35,35,21,53,18,18,0],"gold":102,"neow_bonus":"TWO_FIFTY_GOLD","is_prod":false,"is_daily":false,"chose_seed":false,"campfire_upgraded":3,"win_rate":0,"timestamp":1546609675,"path_taken":["M","?","M","?","$","R","M","?","T","M","?","?","R","?","R","BOSS","M","$","M"],"build_version":"2019-01-03v3","purchased_purges":3,"victory":false,"max_hp_per_floor":[64,64,64,64,64,64,64,64,64,64,64,64,64,64,64,64,64,64,64,64],"card_choices":[{"not_picked":["Rip and Tear","Steam"],"picked":"Cold Snap","floor":1},{"not_picked":["Redo","Beam Cell"],"picked":"Cold Snap","floor":3},{"not_picked":["Steam","Go for the Eyes"],"picked":"Echo Form","floor":7},{"not_picked":["Turbo","Leap","Undo"],"picked":"SKIP","floor":8},{"not_picked":["Gash","Turbo"],"picked":"Self Repair","floor":10},{"not_picked":["Leap","Steam Power"],"picked":"Conserve Battery","floor":11},{"not_picked":["Rainbow","All For One"],"picked":"Machine Learning","floor":16},{"not_picked":["Hologram","Barrage","Stack"],"picked":"SKIP","floor":18}],"player_experience":754081,"relics_obtained":[{"floor":9,"key":"StoneCalendar"}],"event_choices":[{"damage_healed":0,"gold_gain":0,"player_choice":"Upgraded","damage_taken":0,"max_hp_gain":0,"max_hp_loss":0,"event_name":"Upgrade Shrine","floor":2,"gold_loss":0,"cards_upgraded":["Zap"]},{"damage_healed":0,"gold_gain":0,"player_choice":"Ignored","damage_taken":0,"max_hp_gain":0,"max_hp_loss":0,"event_name":"Golden Idol","floor":12,"gold_loss":0},{"damage_healed":0,"gold_gain":75,"player_choice":"Gather Gold","damage_taken":11,"max_hp_gain":0,"max_hp_loss":0,"event_name":"World of Goop","floor":14,"gold_loss":0}],"is_beta":false,"boss_relics":[{"not_picked":["Eternal Feather","Nuclear Battery"],"picked":"Cursed Key"}],"items_purged_floors":[4,5,19],"is_endless":false,"potions_floor_spawned":[1,11],"killed_by":"Shell Parasite","ascension_level":17}