{"gold_per_floor":[112,187,27,27,27,27,42,42,42,52,52,82,82,116,116,194,194,214,214,27,45,64,90,5,5,5,37,56,56,32,47,47,122,122,141,195,212,225,243,243,243,273,273,273,286,286,314,104,104,104,104],"floor_reached":52,"playtime":4476,"items_purged":["Regret","Regret","Doubt"],"score":2062,"play_id":"eb29821f-fe68-4f2e-bd57-026c9bd75375","local_time":"20190209035935","is_ascension_mode":true,"campfire_choices":[{"data":"Neutralize","floor":6.0,"key":"SMITH"},{"data":"Survivor","floor":8.0,"key":"SMITH"},{"data":"Defend_G","floor":11.0,"key":"SMITH"},{"floor":13.0,"key":"REST"},{"data":"Cloak And Dagger","floor":15.0,"key":"SMITH"},{"data":"Wraith Form v2","floor":25.0,"key":"SMITH"},{"data":"Well Laid Plans","floor":29.0,"key":"SMITH"},{"data":"Blade Dance","floor":32.0,"key":"SMITH"},{"data":"Footwork","floor":40,"key":"SMITH"},{"data":"Leg Sweep","floor":44,"key":"SMITH"},{"data":"Catalyst","floor":46,"key":"SMITH"},{"data":"Night Terror","floor":49,"key":"SMITH"}],"neow_cost":"NONE","seed_source_timestamp":78903601938400,"circlet_count":0,"master_deck":["AscendersBane","Defend_G+1","Defend_G+1","Defend_G+1","Defend_G+1","Defend_G+1","Strike_G+1","Strike_G+1","Strike_G+1","Strike_G+1","Strike_G+1","Survivor+1","Neutralize+1","Noxious Fumes+1","Dash+1","Quick Slash+1","Bane+1","Cloak And Dagger+1","Leg Sweep+1","Wraith Form v2+1","Dodge and Roll","Footwork+1","Well Laid Plans+1","Infinite Blades","Dagger Spray+1","Deflect","Blade Dance+1","Night Terror+1","Dodge and Roll+1","Calculated Gamble","Outmaneuver+1","Catalyst+1"],"special_seed":0,"relics":["Calling Bell","Centennial Puzzle","Molten Egg 2","Thread and Needle","Kunai","Ninja Scroll","Blood Vial","Cursed Key","Ginger","Shuriken","Pantograph","WristBlade","Ice Cream","Regal Pillow","Meat on the Bone"],"potions_floor_usage":[36,50],"damage_taken":[{"damage":2.0,"enemies":"2 Louse","floor":1.0,"turns":4.0},{"damage":3.0,"enemies":"Small Slimes","floor":7.0,"turns":4.0},{"damage":0.0,"enemies":"Cultist","floor":10.0,"turns":4.0},{"damage":16.0,"enemies":"Gremlin Nob","floor":12.0,"turns":4.0},{"damage":2.0,"enemies":"Lagavulin","floor":14.0,"turns":6.0},{"damage":28.0,"enemies":"Hexaghost","floor":16.0,"turns":11.0},{"damage":5.0,"enemies":"3 Byrds","floor":18.0,"turns":9.0},{"damage":0.0,"enemies":"Shell Parasite","floor":21.0,"turns":6.0},{"damage":23.0,"enemies":"Snecko","floor":22.0,"turns":7.0},{"damage":1.0,"enemies":"Book of Stabbing","floor":23.0,"turns":6.0},{"damage":5.0,"enemies":"Slavers","floor":27.0,"turns":5.0},{"damage":0.0,"enemies":"Shelled Parasite and Fungi","floor":28.0,"turns":5.0},{"damage":3.0,"enemies":"Centurion and Healer","floor":31.0,"turns":5.0},{"damage":0.0,"enemies":"Automaton","floor":33.0,"turns":10.0},{"damage":0.0,"enemies":"Orb Walker","floor":35.0,"turns":2.0},{"damage":8,"enemies":"2 Orb Walkers","floor":36,"turns":3},{"damage":0,"enemies":"3 Shapes","floor":37,"turns":6},{"damage":4,"enemies":"3 Darklings","floor":38,"turns":5},{"damage":0,"enemies":"Jaw Worm Horde","floor":39,"turns":6},{"damage":0,"enemies":"Reptomancer","floor":42,"turns":6},{"damage":0,"enemies":"Writhing Mass","floor":45,"turns":7},{"damage":1,"enemies":"Giant Head","floor":47,"turns":7},{"damage":37,"enemies":"Time Eater","floor":50,"turns":13},{"damage":28,"enemies":"Awakened One","floor":51,"turns":20}],"seed_played":"-1449301685364864952","potions_obtained":[{"floor":1.0,"key":"Strength Potion"},{"floor":10.0,"key":"Energy Potion"},{"floor":28.0,"key":"SteroidPotion"},{"floor":31.0,"key":"Explosive Potion"},{"floor":35.0,"key":"FairyPotion"},{"floor":37,"key":"PowerPotion"},{"floor":39,"key":"PowerPotion"},{"floor":47,"key":"GhostInAJar"}],"is_trial":false,"path_per_floor":["M","?","$","?","?","R","M","R","T","M","R","E","R","E","R","B",null,"M","?","$","M","M","E","?","R","T","E","M","R","$","M","R","B",null,"M","?","M","M","M","R","?","E","T","R","M","R","E","$","R","B","B",null],"character_chosen":"THE_SILENT","items_purchased":["Dash+1","Footwork","Blade Dance","GhostInAJar"],"campfire_rested":1,"item_purchase_floors":[3,20,30,48],"current_hp_per_floor":[57,46,46,46,46,46,43,43,43,43,43,27,46,44,44,18,54,51,51,51,53,32,33,33,33,33,30,32,32,32,31,31,58,64,66,58,60,58,60,60,60,62,62,62,63,63,62,62,62,38,35],"gold":104,"neow_bonus":"BOSS_RELIC","is_prod":false,"is_daily":false,"chose_seed":false,"campfire_upgraded":11,"win_rate":0,"timestamp":1549702775,"path_taken":["M","?","$","?","?","R","M","R","T","?","R","E","R","E","R","BOSS","M","?","$","M","M","E","?","R","T","E","M","R","$","M","R","BOSS","M","?","M","M","M","R","?","E","T","R","M","R","E","$","R","BOSS","BOSS"],"build_version":"2019-01-23","purchased_purges":3,"victory":true,"max_hp_per_floor":[66,66,66,66,66,66,66,66,66,66,66,66,66,66,66,66,66,66,66,66,66,66,66,66,66,66,66,66,66,66,66,66,66,66,66,66,66,66,66,66,63,63,63,63,63,63,63,63,63,63,63],"card_choices":[{"not_picked":["Deflect","After Image"],"picked":"Noxious Fumes","floor":1.0},{"not_picked":["Tactician","Deflect"],"picked":"Quick Slash+1","floor":7.0},{"not_picked":["Outmaneuver","Calculated Gamble"],"picked":"Bane+1","floor":10.0},{"not_picked":["Terror","Skewer+1"],"picked":"Cloak And Dagger","floor":12.0},{"not_picked":["Distraction","PiercingWail"],"picked":"Leg Sweep","floor":14.0},{"not_picked":["Tools of the Trade","Unload+1"],"picked":"Wraith Form v2","floor":16.0},{"not_picked":["Flying Knee+1","Escape Plan"],"picked":"Dodge and Roll","floor":18.0},{"not_picked":["Blade Dance+1","Acrobatics+1"],"picked":"Well Laid Plans","floor":21.0},{"not_picked":["Deadly Poison","Quick Slash+1"],"picked":"Infinite Blades","floor":22.0},{"not_picked":["Well Laid Plans+1","Backstab+1"],"picked":"Dagger Spray+1","floor":23.0},{"not_picked":["Slice+1","Choke+1"],"picked":"Deflect","floor":27.0},{"not_picked":["Poisoned Stab+1","Deflect","Prepared"],"picked":"SKIP","floor":28.0},{"not_picked":["Masterful Stab+1","Well Laid Plans","Distraction"],"picked":"SKIP","floor":31.0},{"not_picked":["Burst","Grand Finale+1"],"picked":"Night Terror","floor":33.0},{"not_picked":["Slice+1","Accuracy+1","Heel Hook+1"],"picked":"SKIP","floor":35.0},{"not_picked":["Sucker Punch+1","Deadly Poison"],"picked":"Dodge and Roll+1","floor":36},{"not_picked":["Flying Knee+1","Distraction","Reflex"],"picked":"SKIP","floor":37},{"not_picked":["Deflect","Well Laid Plans","Outmaneuver"],"picked":"SKIP","floor":38},{"not_picked":["Outmaneuver+1","Sucker Punch+1"],"picked":"Calculated Gamble","floor":39},{"not_picked":["Die Die Die+1","Masterful Stab+1"],"picked":"Outmaneuver+1","floor":42},{"not_picked":["Acrobatics","Dagger Throw+1"],"picked":"Catalyst","floor":45},{"not_picked":["Accuracy","Cloak And Dagger","Dagger Throw+1"],"picked":"SKIP","floor":47}],"player_experience":2049438,"relics_obtained":[{"floor":0.0,"key":"Centennial Puzzle"},{"floor":0.0,"key":"Molten Egg 2"},{"floor":0.0,"key":"Thread and Needle"},{"floor":9.0,"key":"Kunai"},{"floor":12.0,"key":"Ninja Scroll"},{"floor":14.0,"key":"Blood Vial"},{"floor":23.0,"key":"Ginger"},{"floor":27.0,"key":"Pantograph"},{"floor":36,"key":"Ice Cream"},{"floor":42,"key":"Regal Pillow"},{"floor":47,"key":"Meat on the Bone"}],"event_choices":[{"damage_healed":0.0,"max_hp_gain":0.0,"max_hp_loss":0.0,"gold_gain":75.0,"event_name":"World of Goop","player_choice":"Gather Gold","floor":2.0,"gold_loss":0.0,"damage_taken":11.0},{"damage_healed":0.0,"max_hp_gain":0.0,"max_hp_loss":0.0,"gold_gain":0.0,"event_name":"Liars Game","player_choice":"Ignored","floor":4.0,"gold_loss":0.0,"damage_taken":0.0},{"damage_healed":0.0,"max_hp_gain":0.0,"max_hp_loss":0.0,"gold_gain":0.0,"event_name":"Accursed Blacksmith","player_choice":"Forge","floor":5.0,"gold_loss":0.0,"damage_taken":0.0,"cards_upgraded":["Noxious Fumes"]},{"damage_healed":0.0,"max_hp_gain":0.0,"max_hp_loss":0.0,"gold_gain":0.0,"event_name":"Back to Basics","player_choice":"Simplicity","floor":19.0,"gold_loss":0.0,"damage_taken":0.0,"cards_upgraded":["Defend_G","Defend_G","Defend_G","Defend_G","Strike_G","Strike_G","Strike_G","Strike_G","Strike_G"]},{"damage_healed":0.0,"max_hp_gain":0.0,"max_hp_loss":0.0,"gold_gain":0.0,"event_name":"Addict","player_choice":"Obtained Relic","floor":24.0,"gold_loss":85.0,"damage_taken":0.0,"relics_obtained":["Shuriken"]},{"damage_healed":0,"gold_gain":0,"player_choice":"Fight","damage_taken":0,"max_hp_gain":0,"max_hp_loss":0,"event_name":"Mysterious Sphere","floor":36,"gold_loss":0},{"damage_healed":0,"gold_gain":0,"player_choice":"Max HP","damage_taken":0,"max_hp_gain":0,"max_hp_loss":3,"event_name":"Winding Halls","floor":41,"gold_loss":0}],"is_beta":true,"boss_relics":[{"not_picked":["Lizard Tail","Runic Pyramid"],"picked":"Cursed Key"},{"not_picked":["Sozu","Astrolabe"],"picked":"WristBlade"}],"items_purged_floors":[3,20,48],"is_endless":false,"potions_floor_spawned":[1,10,12,16,28,31,35,37,38,39,47],"ascension_level":20}