{"gold_per_floor":[112,187,187,77,77,104,104,129,153,168,193,93,122,132,132,236,236,251,251,30,129,147,147,22,40,67,81,81,92,92,92],"floor_reached":31,"playtime":1215,"items_purged":["Strike_B","Defend_B","Decay"],"score":414,"play_id":"acbf253a-6a71-45b4-a603-8a7d571ee768","local_time":"20181206200228","is_ascension_mode":true,"campfire_choices":[{"data":"Capacitor","floor":7,"key":"SMITH"},{"data":"Amplify","floor":15,"key":"SMITH"},{"data":"Creative AI","floor":23,"key":"SMITH"}],"neow_cost":"NONE","seed_source_timestamp":514274906543627,"circlet_count":0,"master_deck":["Strike_B","Strike_B","Strike_B","Defend_B","Defend_B","Zap+1","Dualcast","Ball Lightning","Capacitor+1","Turbo","Barrage","Sweeping Beam","Defragment","Leap","Amplify+1","Core Surge","Cold Snap","Steam","Creative AI+1","PanicButton","Leap","Stack","Echo Form","Undo","Shame","Coolheaded","Ghostly","Ghostly","Ghostly","Ghostly","Ghostly"],"relics":["Cracked Core","NeowsBlessing","Anchor","PreservedInsect","DataDisk","Prayer Wheel","Vajra","Coffee Dripper","Darkstone Periapt"],"potions_floor_usage":[16,16,27,29],"damage_taken":[{"damage":0,"enemies":"Small Slimes","floor":1,"turns":1},{"damage":0,"enemies":"3 Sentries","floor":6,"turns":1},{"damage":0,"enemies":"Gremlin Nob","floor":8,"turns":1},{"damage":0,"enemies":"Jaw Worm","floor":10,"turns":2},{"damage":40,"enemies":"Lagavulin","floor":11,"turns":5},{"damage":8,"enemies":"Gremlin Nob","floor":13,"turns":3},{"damage":0,"enemies":"2 Louse","floor":14,"turns":2},{"damage":12,"enemies":"Hexaghost","floor":16,"turns":7},{"damage":18,"enemies":"3 Byrds","floor":18,"turns":4},{"damage":11,"enemies":"Spheric Guardian","floor":22,"turns":4},{"damage":15,"enemies":"Chosen and Byrds","floor":25,"turns":5},{"damage":0,"enemies":"Snecko","floor":27,"turns":4},{"damage":8,"enemies":"Centurion and Healer","floor":29,"turns":7},{"damage":11,"enemies":"Snake Plant","floor":31,"turns":2}],"seed_played":"-501027702635466115","potions_obtained":[{"floor":6,"key":"Swift Potion"},{"floor":10,"key":"EssenceOfSteel"},{"floor":18,"key":"Energy Potion"},{"floor":25,"key":"Fire Potion"},{"floor":27,"key":"Weak Potion"}],"is_trial":false,"path_per_floor":["M","?","?","$","?","E","R","E","T","M","E","$","E","M","R","B",null,"M","?","$","?","M","R","$","M","T","M","?","M","?","M"],"character_chosen":"DEFECT","items_purchased":["Capacitor","Creative AI","PanicButton"],"campfire_rested":0,"item_purchase_floors":[4,20,20],"current_hp_per_floor":[75,64,64,64,64,64,64,64,64,64,24,24,16,16,16,4,57,39,39,39,39,28,28,28,13,13,13,19,11,11,0],"gold":92,"neow_bonus":"THREE_ENEMY_KILL","is_prod":false,"is_daily":false,"chose_seed":false,"campfire_upgraded":3,"win_rate":0,"timestamp":1544144548,"path_taken":["M","?","?","?","?","E","R","E","T","M","E","$","E","M","R","BOSS","M","?","$","?","?","R","$","M","T","M","?","M","?","M"],"build_version":"2018-11-15","purchased_purges":3,"victory":false,"max_hp_per_floor":[75,75,75,75,75,75,75,75,75,75,75,75,75,75,75,75,75,75,75,75,75,75,75,75,75,75,75,81,81,40,40],"card_choices":[{"not_picked":["Steam","Chill"],"picked":"Ball Lightning","floor":1},{"not_picked":["Rebound","Aggregate"],"picked":"Barrage","floor":6},{"not_picked":["Steam","Leap"],"picked":"Sweeping Beam","floor":8},{"not_picked":["Meteor Strike","Turbo"],"picked":"Defragment","floor":10},{"not_picked":["Double Energy","Compile Driver","Hello World"],"picked":"SKIP","floor":11},{"not_picked":["Hello World","Rebound","Beam Cell"],"picked":"SKIP","floor":13},{"not_picked":["Steam Power","BootSequence"],"picked":"Leap","floor":14},{"not_picked":["Melter","Hello World"],"picked":"Amplify","floor":14},{"not_picked":["Creative AI","Hyperbeam"],"picked":"Core Surge","floor":16},{"not_picked":["Sweeping Beam+1","Barrage"],"picked":"Cold Snap","floor":18},{"not_picked":["Ball Lightning","Go for the Eyes+1"],"picked":"Steam","floor":18},{"not_picked":["Beam Cell","Sweeping Beam"],"picked":"Leap","floor":22},{"not_picked":["Streamline+1","Redo","Fusion"],"picked":"SKIP","floor":22},{"not_picked":["Turbo","Gash"],"picked":"Stack","floor":25},{"not_picked":["Reinforced Body","Reprogram"],"picked":"Echo Form","floor":25},{"not_picked":["Compile Driver","Streamline"],"picked":"Undo","floor":27},{"not_picked":["Aggregate+1","Turbo","Steam Power"],"picked":"SKIP","floor":27},{"not_picked":["Melter","Rebound"],"picked":"Coolheaded","floor":29},{"not_picked":["Tempest","Rebound","Streamline"],"picked":"SKIP","floor":29}],"player_experience":288758,"relics_obtained":[{"floor":6,"key":"Anchor"},{"floor":8,"key":"PreservedInsect"},{"floor":9,"key":"DataDisk"},{"floor":11,"key":"Prayer Wheel"},{"floor":13,"key":"Vajra"}],"event_choices":[{"damage_healed":0,"gold_gain":75,"player_choice":"Gather Gold","damage_taken":11,"max_hp_gain":0,"max_hp_loss":0,"event_name":"World of Goop","floor":2,"gold_loss":0},{"damage_healed":0,"gold_gain":0,"player_choice":"Grow","damage_taken":0,"max_hp_gain":0,"max_hp_loss":0,"event_name":"Living Wall","floor":3,"gold_loss":0,"cards_upgraded":["Zap"]},{"damage_healed":0,"gold_gain":0,"cards_transformed":["Defend_B"],"player_choice":"Transformed","damage_taken":0,"max_hp_gain":0,"max_hp_loss":0,"event_name":"Transmorgrifier","floor":5,"gold_loss":0,"cards_obtained":["Turbo"]},{"damage_healed":0,"gold_gain":0,"player_choice":"Smashed Altar","damage_taken":0,"max_hp_gain":0,"max_hp_loss":0,"event_name":"Forgotten Altar","floor":19,"gold_loss":0,"cards_obtained":["Decay"]},{"damage_healed":0,"gold_gain":99,"player_choice":"Stole From Cult","damage_taken":0,"max_hp_gain":0,"max_hp_loss":0,"event_name":"Nest","floor":21,"gold_loss":0},{"damage_healed":0,"gold_gain":0,"player_choice":"Stole Relic","damage_taken":0,"relics_obtained":["Darkstone Periapt"],"max_hp_gain":0,"max_hp_loss":0,"event_name":"Addict","floor":28,"gold_loss":0,"cards_obtained":["Shame"]},{"damage_healed":0,"gold_gain":0,"player_choice":"Became a Ghost","damage_taken":0,"max_hp_gain":0,"max_hp_loss":41,"event_name":"Ghosts","floor":30,"gold_loss":0,"cards_obtained":["Ghostly","Ghostly","Ghostly","Ghostly","Ghostly"]}],"is_beta":false,"boss_relics":[{"not_picked":["Black Star","FrozenCore"],"picked":"Coffee Dripper"}],"items_purged_floors":[4,12,24],"is_endless":false,"potions_floor_spawned":[6,10,18,25,27],"killed_by":"Snake Plant","ascension_level":5}