{"gold_per_floor":[111,111,111,131,58,87,104,104,181,215,215,215,266,266,266,370,370,388,313,333,347,347,347,378,278,278,278,278,278,291,306,306,408,458,473,473,485,496,515,515,542,542],"floor_reached":42,"playtime":1635,"items_purged":["Meteor Strike"],"score":454,"play_id":"f00694c1-93b3-4f6d-857b-89e5ebb7248b","local_time":"20190124142309","is_ascension_mode":false,"campfire_choices":[{"floor":8,"key":"REST"},{"data":"Defragment","floor":11,"key":"SMITH"},{"data":"Zap","floor":15,"key":"SMITH"},{"floor":23,"key":"REST"},{"floor":28,"key":"REST"},{"floor":32,"key":"REST"},{"floor":40,"key":"REST"}],"neow_cost":"NONE","seed_source_timestamp":2536053400212,"circlet_count":0,"master_deck":["Strike_B+1","Strike_B","Defend_B+1","Defend_B+1","Defend_B","Defend_B+1","Zap+1","Dualcast+1","Auto Shields+1","Defragment+1","Ball Lightning","Leap","Defragment","Ball Lightning","Static Discharge","Capacitor+1","Leap+1"],"relics":["Cracked Core","War Paint","Mercury Hourglass","Juzu Bracelet","Ancient Tea Set","Orrery","Pantograph","Toxic Egg 2","Letter Opener","Tiny House","Pen Nib"],"potions_floor_usage":[33,33,33,38,41,41],"damage_taken":[{"damage":12,"enemies":"Small Slimes","floor":1,"turns":3},{"damage":0,"enemies":"Cultist","floor":4,"turns":3},{"damage":9,"enemies":"3 Sentries","floor":6,"turns":9},{"damage":1,"enemies":"2 Louse","floor":7,"turns":2},{"damage":14,"enemies":"Gremlin Nob","floor":10,"turns":3},{"damage":9,"enemies":"Slime Boss","floor":16,"turns":9},{"damage":10,"enemies":"Chosen","floor":18,"turns":4},{"damage":0,"enemies":"Shell Parasite","floor":20,"turns":5},{"damage":15,"enemies":"Snake Plant","floor":21,"turns":4},{"damage":34,"enemies":"Book of Stabbing","floor":24,"turns":5},{"damage":14,"enemies":"Cultist and Chosen","floor":30,"turns":5},{"damage":14,"enemies":"Snecko","floor":31,"turns":6},{"damage":57,"enemies":"Champ","floor":33,"turns":12},{"damage":38,"enemies":"3 Darklings","floor":35,"turns":5},{"damage":11,"enemies":"Orb Walker","floor":37,"turns":3},{"damage":14,"enemies":"Maw","floor":38,"turns":7},{"damage":19,"enemies":"4 Shapes","floor":39,"turns":4},{"damage":20,"enemies":"Reptomancer","floor":41,"turns":7},{"damage":21,"enemies":"3 Darklings","floor":42,"turns":3}],"seed_played":"-1348656155794280510","potions_obtained":[{"floor":6,"key":"SpeedPotion"},{"floor":10,"key":"GamblersBrew"},{"floor":18,"key":"Dexterity Potion"},{"floor":33,"key":"Swift Potion"},{"floor":34,"key":"SneckoOil"},{"floor":35,"key":"PowerPotion"},{"floor":37,"key":"Regen Potion"}],"is_trial":false,"path_per_floor":["M","?","?","M","$","E","M","R","T","E","R","?","T","?","R","B",null,"M","$","M","M","?","R","E","?","T","$","R","?","M","M","R","B",null,"M","?","M","M","M","R","E","M"],"character_chosen":"DEFECT","items_purchased":["Defragment"],"campfire_rested":5,"item_purchase_floors":[5],"current_hp_per_floor":[63,48,48,48,48,39,38,60,60,46,46,71,71,71,71,62,75,65,65,65,50,36,60,26,26,26,26,50,50,36,22,46,14,85,47,47,36,31,12,37,17,0],"gold":542,"neow_bonus":"ONE_RANDOM_RARE_CARD","is_prod":false,"is_daily":false,"chose_seed":false,"campfire_upgraded":2,"win_rate":0.0,"timestamp":1548357789,"path_taken":["M","?","?","?","$","E","M","R","T","E","R","?","?","?","R","BOSS","M","$","M","M","?","R","E","?","T","$","R","?","M","M","R","BOSS","M","?","M","M","M","R","E","M"],"build_version":"2019-01-23","purchased_purges":1,"victory":false,"max_hp_per_floor":[75,75,75,75,75,75,75,75,75,75,75,75,75,75,75,75,75,75,75,75,75,80,80,80,80,80,80,80,80,80,80,80,80,85,85,85,85,85,85,85,85,85],"card_choices":[{"not_picked":["Redo","Conserve Battery","Gash"],"picked":"SKIP","floor":1},{"not_picked":["Barrage","Chill"],"picked":"Auto Shields","floor":4},{"not_picked":["Loop","Redo","Double Energy"],"picked":"SKIP","floor":6},{"not_picked":["Meteor Strike","Reinforced Body"],"picked":"Ball Lightning","floor":7},{"not_picked":["Core Surge","BootSequence","Tempest"],"picked":"SKIP","floor":10},{"not_picked":["Hologram","Glacier"],"picked":"Leap","floor":17},{"not_picked":["Gash","Ball Lightning"],"picked":"Defragment","floor":17},{"not_picked":["Steam+1","Double Energy","Streamline"],"picked":"SKIP","floor":18},{"not_picked":["Scrape+1","Coolheaded+1"],"picked":"Ball Lightning","floor":20},{"not_picked":["Rip and Tear","Steam+1"],"picked":"Static Discharge","floor":21},{"not_picked":["Genetic Algorithm","Reprogram","Machine Learning"],"picked":"SKIP","floor":24},{"not_picked":["Fusion+1","FTL","Hologram+1"],"picked":"SKIP","floor":30},{"not_picked":["Double Energy+1","Turbo+1","Chill+1"],"picked":"SKIP","floor":31},{"not_picked":["Sunder+1","Hologram+1","Go for the Eyes"],"picked":"SKIP","floor":35},{"not_picked":["Stack+1","Auto Shields+1"],"picked":"Capacitor+1","floor":37},{"not_picked":["Cold Snap+1","Stack+1"],"picked":"Leap+1","floor":38},{"not_picked":["Beam Cell","Scrape+1","Lockon+1"],"picked":"SKIP","floor":39},{"not_picked":["Core Surge","FTL+1","Conserve Battery+1"],"picked":"SKIP","floor":41}],"player_experience":99664,"relics_obtained":[{"floor":6,"key":"War Paint"},{"floor":9,"key":"Mercury Hourglass"},{"floor":10,"key":"Juzu Bracelet"},{"floor":13,"key":"Ancient Tea Set"},{"floor":24,"key":"Pantograph"},{"floor":26,"key":"Letter Opener"},{"floor":41,"key":"Pen Nib"}],"event_choices":[{"damage_healed":0,"gold_gain":0,"player_choice":"Entered Light","damage_taken":15,"max_hp_gain":0,"max_hp_loss":0,"event_name":"Shining Light","floor":2,"gold_loss":0,"cards_upgraded":["Strike_B","Defend_B"]},{"damage_healed":0,"gold_gain":0,"player_choice":"Forge","damage_taken":0,"max_hp_gain":0,"max_hp_loss":0,"event_name":"Accursed Blacksmith","floor":3,"gold_loss":0,"cards_upgraded":["Defend_B"]},{"damage_healed":25,"gold_gain":0,"player_choice":"Banana","damage_taken":0,"max_hp_gain":0,"max_hp_loss":0,"event_name":"Big Fish","floor":12,"gold_loss":0},{"damage_healed":0,"gold_gain":0,"player_choice":"Grow","damage_taken":0,"max_hp_gain":0,"max_hp_loss":0,"event_name":"Living Wall","floor":14,"gold_loss":0,"cards_upgraded":["Auto Shields"]},{"damage_healed":0,"gold_gain":0,"player_choice":"Shed Blood","damage_taken":19,"max_hp_gain":5,"max_hp_loss":0,"event_name":"Forgotten Altar","floor":22,"gold_loss":0},{"damage_healed":0,"gold_gain":0,"player_choice":"Paid Gold","damage_taken":0,"relics_obtained":["Toxic Egg 2"],"max_hp_gain":0,"max_hp_loss":0,"event_name":"WeMeetAgain","floor":25,"gold_loss":100},{"cards_removed":["Strike_B"],"damage_healed":0,"gold_gain":0,"player_choice":"Offered Basic","damage_taken":0,"max_hp_gain":0,"max_hp_loss":0,"event_name":"Bonfire Elementals","floor":29,"gold_loss":0},{"cards_removed":["Strike_B"],"damage_healed":0,"gold_gain":0,"player_choice":"Removed Attack","damage_taken":0,"max_hp_gain":0,"max_hp_loss":0,"event_name":"Falling","floor":36,"gold_loss":0}],"is_beta":false,"boss_relics":[{"not_picked":["Philosopher\u0027s Stone","Sozu"],"picked":"Orrery"},{"not_picked":["Snecko Eye","Astrolabe"],"picked":"Tiny House"}],"items_purged_floors":[19],"is_endless":false,"potions_floor_spawned":[6,10,18,21,24,30,33,35,37],"killed_by":"3 Darklings","ascension_level":0}