{"gold_per_floor":[116,116,116,141,141,167,167,196,243,243,418,452,452,471,471,471],"floor_reached":16,"playtime":1079,"items_purged":[],"score":120,"play_id":"29fc569a-a4f0-484b-94b0-7d0774204aa1","local_time":"20190105034220","is_ascension_mode":true,"campfire_choices":[{"data":"Intimidate","floor":7,"key":"SMITH"},{"data":"Flame Barrier","floor":10,"key":"SMITH"},{"data":"Metallicize","floor":15,"key":"SMITH"}],"neow_cost":"TEN_PERCENT_HP_LOSS","seed_source_timestamp":884902377974280,"circlet_count":0,"master_deck":["Strike_R","Strike_R","Strike_R","Strike_R","Defend_R","Defend_R","Defend_R","Defend_R","Bash","Iron Wave+1","Intimidate+1","Flame Barrier+1","Doubt","Metallicize+1","Flame Barrier"],"relics":["Burning Blood","Pocketwatch","Bag of Marbles","Pear","Meat on the Bone","Bottled Flame","Juzu Bracelet","Molten Egg 2","Bottled Tornado"],"potions_floor_usage":[8,16],"damage_taken":[{"damage":0,"enemies":"2 Louse","floor":1,"turns":3},{"damage":29,"enemies":"Lagavulin","floor":6,"turns":5},{"damage":14,"enemies":"Gremlin Nob","floor":8,"turns":4},{"damage":18,"enemies":"Lagavulin","floor":12,"turns":8},{"damage":8,"enemies":"Jaw Worm","floor":14,"turns":4},{"damage":55,"enemies":"Slime Boss","floor":16,"turns":22}],"seed_played":"5818812004404124700","potions_obtained":[{"floor":6,"key":"AttackPotion"},{"floor":12,"key":"SkillPotion"}],"is_trial":false,"path_per_floor":["M","?","?","T","T","E","R","E","T","R","?","E","T","M","R","B"],"character_chosen":"IRONCLAD","items_purchased":[],"campfire_rested":0,"item_purchase_floors":[],"current_hp_per_floor":[72,72,65,65,75,52,52,56,56,56,56,56,56,54,54,0],"gold":471,"neow_bonus":"ONE_RARE_RELIC","is_prod":false,"is_daily":false,"chose_seed":false,"campfire_upgraded":3,"win_rate":0,"timestamp":1546677740,"path_taken":["M","?","?","?","?","E","R","E","T","R","?","E","?","M","R","BOSS"],"build_version":"2019-01-03v4","purchased_purges":0,"victory":false,"max_hp_per_floor":[72,72,72,72,82,82,82,82,82,82,82,82,82,82,82,82],"card_choices":[{"not_picked":["Anger","Dropkick"],"picked":"Iron Wave","floor":1},{"not_picked":["Sever Soul","Pommel Strike"],"picked":"Intimidate","floor":6},{"not_picked":["Whirlwind","Twin Strike"],"picked":"Flame Barrier","floor":8},{"not_picked":["Twin Strike","Heavy Blade"],"picked":"Metallicize","floor":12},{"not_picked":["True Grit","Shrug It Off"],"picked":"Flame Barrier","floor":14}],"player_experience":141773,"relics_obtained":[{"floor":4,"key":"Bag of Marbles"},{"floor":5,"key":"Pear"},{"floor":6,"key":"Meat on the Bone"},{"floor":8,"key":"Bottled Flame"},{"floor":9,"key":"Juzu Bracelet"},{"floor":12,"key":"Molten Egg 2"},{"floor":13,"key":"Bottled Tornado"}],"event_choices":[{"damage_healed":0,"gold_gain":0,"player_choice":"Grow","damage_taken":0,"max_hp_gain":0,"max_hp_loss":0,"event_name":"Living Wall","floor":2,"gold_loss":0,"cards_upgraded":["Iron Wave"]},{"cards_removed":["Strike_R"],"damage_healed":0,"gold_gain":0,"player_choice":"Card Removal","damage_taken":7,"max_hp_gain":0,"max_hp_loss":0,"event_name":"Golden Wing","floor":3,"gold_loss":0},{"damage_healed":0,"gold_gain":175,"player_choice":"AGREE","damage_taken":0,"max_hp_gain":0,"max_hp_loss":0,"event_name":"Liars Game","floor":11,"gold_loss":0,"cards_obtained":["Doubt"]}],"is_beta":false,"boss_relics":[],"items_purged_floors":[],"is_endless":false,"potions_floor_spawned":[6,12],"killed_by":"Slime Boss","ascension_level":1}