{"gold_per_floor":[114,41,41,3,18,48,48,63,138,168,0,30,30,60,60,160,160,175,107,122,137,152,182,182,212,237,237,262,262,277,307,307,407,407,422,158,173,188,203,233,92,92,117,147,162,123,138,168,168,168],"floor_reached":51,"playtime":5507,"items_purged":["Writhe","Writhe"],"score":1098,"play_id":"957a496e-db4b-4346-a267-ec0a1a87ab27","local_time":"20190115202538","daily_mods":["Insanity","Time Dilation","Elite Swarm"],"is_ascension_mode":false,"campfire_choices":[{"data":"Reinforced Body","floor":7.0,"key":"SMITH"},{"data":"Fission","floor":15.0,"key":"SMITH"},{"floor":24.0,"key":"REST"},{"floor":27.0,"key":"REST"},{"data":"BootSequence","floor":29.0,"key":"SMITH"},{"data":"Seek","floor":32.0,"key":"SMITH"},{"floor":49,"key":"REST"}],"neow_cost":"","seed_source_timestamp":0,"circlet_count":0,"master_deck":["Gash","Rebound","Streamline","Consume","Hello World","Beam Cell","Sunder","Gash","Coolheaded","Compile Driver","Steam","Cold Snap","Beam Cell","Stack","Recycle","Genetic Algorithm","Sweeping Beam","Rebound","BootSequence+1","Steam Power","Recycle","Sweeping Beam","Glacier","Steam","Beam Cell+1","Steam","Recycle+1","Ball Lightning+1","Gash","Redo","Hologram","Go for the Eyes+1","Ball Lightning","Barrage","Lockon","Ball Lightning","Stack","Fusion","Darkness","Doom and Gloom","Reinforced Body+1","Reprogram","Darkness","Redo","Leap","Fusion","Redo","Cold Snap","Leap","Lockon","Hologram","White Noise","Aggregate","Machine Learning","White Noise","Echo Form","Defragment","Mind Blast","Cold Snap","Fission+1","Meteor Strike","Seek+1","Pain","Capacitor","Redo+1","Scrape+1","Go for the Eyes+1","Buffer","Seek","Ball Lightning+1","Biased Cognition","Creative AI","Ball Lightning+1","Steam+1","FTL+1","Undo+1","Go for the Eyes+1","Capacitor","Echo Form","Ball Lightning+1","Turbo","Rainbow","Heatsinks","Core Surge+1","Coolheaded+1","Cold Snap+1","Chill","Coolheaded","Capacitor+1","Core Surge+1"],"special_seed":17911,"relics":["Cracked Core","Bottled Lightning","Mummified Hand","Happy Flower","Kunai","Mango","Calling Bell","Ancient Tea Set","Molten Egg 2","Ice Cream","Juzu Bracelet","Nunchaku","Blood Vial","War Paint","Prayer Wheel","Lizard Tail","Vajra","Pocketwatch","Bronze Scales","Letter Opener","Whetstone"],"potions_floor_usage":[50,50],"damage_taken":[{"damage":0.0,"enemies":"2 Louse","floor":1.0,"turns":2.0},{"damage":0.0,"enemies":"Cultist","floor":5.0,"turns":4.0},{"damage":9.0,"enemies":"3 Sentries","floor":6.0,"turns":6.0},{"damage":2.0,"enemies":"Jaw Worm","floor":8.0,"turns":3.0},{"damage":7.0,"enemies":"Lagavulin","floor":10.0,"turns":4.0},{"damage":0.0,"enemies":"Gremlin Nob","floor":12.0,"turns":2.0},{"damage":0.0,"enemies":"3 Sentries","floor":14.0,"turns":5.0},{"damage":0.0,"enemies":"Slime Boss","floor":16.0,"turns":3.0},{"damage":6.0,"enemies":"3 Byrds","floor":18.0,"turns":4.0},{"damage":0.0,"enemies":"Spheric Guardian","floor":20.0,"turns":1.0},{"damage":2.0,"enemies":"Centurion and Healer","floor":21.0,"turns":3.0},{"damage":21.0,"enemies":"3 Cultists","floor":22.0,"turns":4.0},{"damage":33.0,"enemies":"Gremlin Leader","floor":23.0,"turns":3.0},{"damage":2.0,"enemies":"Book of Stabbing","floor":25.0,"turns":2.0},{"damage":0.0,"enemies":"Snake Plant","floor":30.0,"turns":1.0},{"damage":8.0,"enemies":"Slavers","floor":31.0,"turns":4.0},{"damage":47.0,"enemies":"Automaton","floor":33.0,"turns":9.0},{"damage":9.0,"enemies":"3 Shapes","floor":35.0,"turns":3.0},{"damage":0.0,"enemies":"Orb Walker","floor":37.0,"turns":1.0},{"damage":0.0,"enemies":"Jaw Worm Horde","floor":38.0,"turns":2.0},{"damage":16.0,"enemies":"Spire Growth","floor":39.0,"turns":3.0},{"damage":60.0,"enemies":"Reptomancer","floor":40.0,"turns":3.0},{"damage":15.0,"enemies":"Giant Head","floor":44.0,"turns":5.0},{"damage":13.0,"enemies":"Maw","floor":45.0,"turns":3.0},{"damage":13,"enemies":"3 Darklings","floor":47,"turns":5},{"damage":0,"enemies":"Nemesis","floor":48,"turns":3},{"damage":15,"enemies":"Donu and Deca","floor":50,"turns":5}],"seed_played":"-1374087961846543557","potions_obtained":[{"floor":6.0,"key":"Explosive Potion"},{"floor":12.0,"key":"AttackPotion"},{"floor":13.0,"key":"FocusPotion"},{"floor":16.0,"key":"Ancient Potion"},{"floor":22.0,"key":"LiquidBronze"},{"floor":25.0,"key":"Weak Potion"},{"floor":31.0,"key":"AttackPotion"},{"floor":37.0,"key":"Poison Potion"},{"floor":40.0,"key":"SteroidPotion"},{"floor":45.0,"key":"LiquidBronze"},{"floor":48,"key":"AttackPotion"}],"is_trial":false,"path_per_floor":["M","$","?","$","M","E","R","M","T","E","$","E","?","E","R","B",null,"M","$","M","M","M","E","R","E","T","R","T","R","M","E","R","B",null,"M","$","M","M","M","E","$","?","T","E","M","$","M","E","R","B",null],"character_chosen":"DEFECT","items_purchased":["White Noise","Aggregate","Defragment","Mind Blast","Cold Snap","Capacitor","FTL+1","Vajra","Heatsinks","Chill"],"campfire_rested":3,"item_purchase_floors":[2,4,11,11,11,19,36,36,41,46],"current_hp_per_floor":[75,75,75,75,75,66,66,64,64,57,57,57,57,71,71,71,89,83,83,83,81,60,27,53,51,51,77,77,77,79,73,73,28,89,80,80,82,84,70,12,12,78,78,63,52,52,41,43,66,53],"gold":168,"neow_bonus":"","is_prod":false,"is_daily":true,"chose_seed":false,"campfire_upgraded":4,"win_rate":0,"timestamp":1547601938,"path_taken":["M","$","?","$","?","E","R","M","T","E","$","E","?","E","R","BOSS","M","$","M","M","?","E","R","E","T","R","?","R","M","E","R","BOSS","M","$","M","M","M","E","?","?","T","E","M","$","M","E","R","BOSS"],"build_version":"2019-01-10","purchased_purges":2,"victory":true,"max_hp_per_floor":[75,75,75,75,75,75,75,75,75,75,75,75,75,89,89,89,89,89,89,89,89,89,89,89,89,89,89,89,89,89,89,89,89,89,89,89,89,89,89,89,89,78,78,78,78,78,78,78,78,78],"card_choices":[{"not_picked":["Steam","Turbo"],"picked":"Hologram","floor":1.0},{"not_picked":["Auto Shields","Steam","Sweeping Beam"],"picked":"SKIP","floor":5.0},{"not_picked":["Rainbow","Biased Cognition"],"picked":"Machine Learning","floor":6.0},{"not_picked":["Static Discharge","Redo"],"picked":"White Noise","floor":8.0},{"not_picked":["All For One","Buffer"],"picked":"Echo Form","floor":10.0},{"not_picked":["Reboot","Multi-Cast"],"picked":"Fission","floor":12.0},{"not_picked":["Core Surge","Biased Cognition"],"picked":"Meteor Strike","floor":14.0},{"not_picked":["Fission","Electrodynamics"],"picked":"Seek","floor":16.0},{"not_picked":["Chaos","Static Discharge","Streamline+1"],"picked":"SKIP","floor":18.0},{"not_picked":["Steam","Leap"],"picked":"Redo","floor":20.0},{"not_picked":["Stack","Melter+1"],"picked":"Scrape+1","floor":21.0},{"not_picked":["Hologram","Lockon+1"],"picked":"Go for the Eyes+1","floor":22.0},{"not_picked":["Fission","Amplify"],"picked":"Buffer","floor":23.0},{"not_picked":["All For One+1","Amplify"],"picked":"Seek","floor":25.0},{"not_picked":["Reinforced Body","Conserve Battery"],"picked":"Ball Lightning+1","floor":30.0},{"not_picked":["Reboot","Buffer"],"picked":"Biased Cognition","floor":31.0},{"not_picked":["Buffer","Amplify"],"picked":"Creative AI","floor":33.0},{"not_picked":["Coolheaded","Melter+1"],"picked":"Ball Lightning+1","floor":35.0},{"not_picked":["Force Field","Beam Cell+1"],"picked":"Steam+1","floor":35.0},{"not_picked":["Sweeping Beam+1","Consume"],"picked":"Undo+1","floor":37.0},{"not_picked":["Conserve Battery","Stack+1"],"picked":"Go for the Eyes+1","floor":37.0},{"not_picked":["Gash+1","Beam Cell+1"],"picked":"Capacitor","floor":38.0},{"not_picked":["Compile Driver+1","Stack"],"picked":"Echo Form","floor":38.0},{"not_picked":["Redo","FTL+1"],"picked":"Ball Lightning+1","floor":39.0},{"not_picked":["Streamline+1","Hologram"],"picked":"Turbo","floor":39.0},{"not_picked":["Echo Form","Multi-Cast"],"picked":"Rainbow","floor":40.0},{"not_picked":["Fission","Seek"],"picked":"Core Surge+1","floor":44.0},{"not_picked":["Scrape+1","Auto Shields+1"],"picked":"Coolheaded+1","floor":45.0},{"not_picked":["Steam Power+1","Sweeping Beam+1"],"picked":"Cold Snap+1","floor":45.0},{"not_picked":["Conserve Battery","Redo+1"],"picked":"Coolheaded","floor":47},{"not_picked":["Hello World+1","Turbo"],"picked":"Capacitor+1","floor":47},{"not_picked":["Echo Form","Machine Learning"],"picked":"Core Surge+1","floor":48}],"player_experience":807493,"relics_obtained":[{"floor":6.0,"key":"Bottled Lightning"},{"floor":9.0,"key":"Mummified Hand"},{"floor":10.0,"key":"Happy Flower"},{"floor":12.0,"key":"Kunai"},{"floor":14.0,"key":"Mango"},{"floor":17.0,"key":"Ancient Tea Set"},{"floor":17.0,"key":"Molten Egg 2"},{"floor":17.0,"key":"Ice Cream"},{"floor":23.0,"key":"Juzu Bracelet"},{"floor":25.0,"key":"Nunchaku"},{"floor":26.0,"key":"Blood Vial"},{"floor":28.0,"key":"War Paint"},{"floor":31.0,"key":"Prayer Wheel"},{"floor":40.0,"key":"Pocketwatch"},{"floor":43.0,"key":"Bronze Scales"},{"floor":44.0,"key":"Letter Opener"},{"floor":48,"key":"Whetstone"}],"event_choices":[{"damage_healed":0.0,"max_hp_gain":0.0,"max_hp_loss":0.0,"gold_gain":0.0,"event_name":"Upgrade Shrine","player_choice":"Upgraded","floor":3.0,"gold_loss":0.0,"damage_taken":0.0,"cards_upgraded":["Go for the Eyes"]},{"damage_healed":0.0,"max_hp_gain":0.0,"max_hp_loss":0.0,"gold_gain":0.0,"event_name":"Lab","player_choice":"Got Potions","floor":13.0,"gold_loss":0.0,"damage_taken":0.0},{"damage_healed":78.0,"max_hp_gain":0.0,"max_hp_loss":11.0,"gold_gain":0.0,"event_name":"The Moai Head","player_choice":"Heal","floor":42.0,"gold_loss":0.0,"damage_taken":0.0}],"is_beta":false,"boss_relics":[{"not_picked":["Sozu","Astrolabe"],"picked":"Calling Bell"},{"not_picked":["Tiny House","Empty Cage"],"picked":"Lizard Tail"}],"items_purged_floors":[36,41],"is_endless":false,"potions_floor_spawned":[6,12,14,16,20,22,25,31,37,40,45,48],"ascension_level":0}