{"path_per_floor":["M","?","?","M","M","?","R","M","T","E","M","M","R","M","R","B",null,"M","?","?","M","M","R","$","R","T","E","M","M"],"character_chosen":"DEFECT","items_purchased":["Mummified Hand"],"gold_per_floor":[17,117,117,142,165,165,165,181,256,299,314,334,334,347,347,477,477,493,416,416,436,461,461,135,135,158,199,214,227,227],"floor_reached":30,"campfire_rested":5,"playtime":1902,"item_purchase_floors":[24],"current_hp_per_floor":[75,75,57,50,50,38,60,53,53,11,11,6,31,22,47,20,85,64,64,85,57,21,46,46,71,71,37,11,1,0],"items_purged":["Strike_B"],"gold":227,"score":254,"play_id":"2736663c-c68b-4b4f-acdf-97e56cc175a7","local_time":"20180603104715","is_prod":false,"is_daily":false,"chose_seed":false,"is_ascension_mode":false,"campfire_upgraded":0,"win_rate":0.0,"timestamp":1528037235,"campfire_choices":[{"floor":7,"key":"REST"},{"floor":13,"key":"REST"},{"floor":15,"key":"REST"},{"floor":23,"key":"REST"},{"floor":25,"key":"REST"}],"path_taken":["M","?","?","M","M","?","R","M","T","E","M","M","R","M","R","BOSS","M","?","?","?","M","R","$","R","T","E","?","M","M"],"build_version":"2018-05-31","seed_source_timestamp":482921174774968,"purchased_purges":1,"victory":false,"master_deck":["Strike_B","Strike_B","Strike_B","Defend_B","Defend_B","Defend_B","Defend_B","Zap","Dualcast","Storm","Leap","Leap","Streamline","Creative AI","Gash","Gash","Hello World","Machine Learning","Chaos","J.A.X.","Gash+1","Cold Snap","Ball Lightning","Darkness+1","Beam Cell+1"],"max_hp_per_floor":[75,75,75,75,75,75,75,75,75,85,85,85,85,85,85,85,85,85,85,85,85,85,85,85,85,85,85,85,85,85],"relics":["Cracked Core","Ginger","Golden Idol","Omamori","Letter Opener","Pear","Sozu","Mummified Hand","Blood Vial","Dream Catcher"],"card_choices":[{"not_picked":["Compile Driver","Rebound"],"picked":"Storm","floor":1},{"not_picked":["Lockon","Barrage"],"picked":"Leap","floor":4},{"not_picked":["Coolheaded","Go for the Eyes"],"picked":"Leap","floor":5},{"not_picked":["Rebound","Coolheaded"],"picked":"Streamline","floor":8},{"not_picked":["BootSequence","Skim"],"picked":"Creative AI","floor":10},{"not_picked":["FTL","Coolheaded"],"picked":"Gash","floor":11},{"not_picked":["Go for the Eyes","Conserve Battery"],"picked":"Gash","floor":12},{"not_picked":["Doom and Gloom","BootSequence"],"picked":"Hello World","floor":14},{"not_picked":["Multi-Cast","Reboot"],"picked":"Machine Learning","floor":16},{"not_picked":["Coolheaded","BootSequence"],"picked":"Chaos","floor":18},{"not_picked":["Hello World","Cold Snap+1"],"picked":"Gash+1","floor":21},{"not_picked":["Go for the Eyes","Streamline"],"picked":"Cold Snap","floor":22},{"not_picked":["Go for the Eyes","Hologram"],"picked":"Ball Lightning","floor":27},{"not_picked":["Gash+1","Conserve Battery"],"picked":"Darkness+1","floor":28},{"not_picked":["Conserve Battery","Sweeping Beam"],"picked":"Beam Cell+1","floor":29}],"player_experience":104310,"potions_floor_usage":[8,11,14,18],"damage_taken":[{"damage":0,"enemies":"Cultist","floor":1,"turns":3},{"damage":7,"enemies":"Small Slimes","floor":4,"turns":4},{"damage":0,"enemies":"2 Louse","floor":5,"turns":2},{"damage":7,"enemies":"2 Fungi Beasts","floor":8,"turns":4},{"damage":52,"enemies":"Gremlin Nob","floor":10,"turns":6},{"damage":0,"enemies":"3 Louse","floor":11,"turns":2},{"damage":5,"enemies":"Looter","floor":12,"turns":2},{"damage":9,"enemies":"Exordium Thugs","floor":14,"turns":4},{"damage":27,"enemies":"Hexaghost","floor":16,"turns":9},{"damage":21,"enemies":"Shell Parasite","floor":18,"turns":5},{"damage":28,"enemies":"Spheric Guardian","floor":21,"turns":5},{"damage":36,"enemies":"Snake Plant","floor":22,"turns":4},{"damage":36,"enemies":"Gremlin Leader","floor":27,"turns":5},{"damage":28,"enemies":"Snecko","floor":28,"turns":5},{"damage":12,"enemies":"Centurion and Healer","floor":29,"turns":6},{"damage":7,"enemies":"Chosen and Byrds","floor":30,"turns":2}],"relics_obtained":[{"floor":9,"key":"Letter Opener"},{"floor":10,"key":"Pear"},{"floor":26,"key":"Blood Vial"},{"floor":27,"key":"Dream Catcher"}],"event_choices":[{"event_name":"Golden Shrine","player_choice":"Pray","floor":2,"damage_taken":0},{"event_name":"Golden Idol","player_choice":"Take Damage","floor":3,"damage_taken":0},{"event_name":"Scrap Ooze","player_choice":"success","floor":6,"damage_taken":12},{"event_name":"Drug Dealer","player_choice":"Got JAXXED","floor":19,"damage_taken":0},{"event_name":"The Library","player_choice":"Heal","floor":20,"damage_taken":0}],"boss_relics":[{"not_picked":["Orrery","Lizard Tail"],"picked":"Sozu"}],"items_purged_floors":[24],"potions_floor_spawned":[5,10,12,16,18,28],"seed_played":"4703972962554587395","killed_by":"Chosen and Byrds","ascension_level":0,"potions_obtained":[{"floor":5,"key":"Block Potion"},{"floor":10,"key":"Explosive Potion"},{"floor":12,"key":"Ancient Potion"},{"floor":16,"key":"Fire Potion"}],"is_trial":false}