{"gold_per_floor":[114,129,144,31,31,46,61,61,61,76,76,91,91,121,121,221,221,236,36,36,51,66,96,96,111,111,126,126,141,156,156,156,256,256,271,21,36,0,15,15],"floor_reached":40,"playtime":3929,"items_purged":["Defend_G","Forethought"],"score":512,"play_id":"5838c250-cff5-4bee-badb-4a4345a06b99","local_time":"20181018223138","daily_mods":["Allstar","Uncertain Future","Terminal"],"is_ascension_mode":false,"campfire_choices":[{"data":"Discovery","floor":11.0,"key":"SMITH"},{"data":"Footwork","floor":13.0,"key":"SMITH"},{"floor":15.0,"key":"REST"},{"floor":24,"key":"REST"},{"data":"Crippling Poison","floor":28,"key":"SMITH"},{"data":"Outmaneuver","floor":32,"key":"SMITH"}],"neow_cost":"","seed_source_timestamp":0,"circlet_count":0,"master_deck":["Survivor","Neutralize+1","Madness","Thinking Ahead","Discovery+1","Backflip","Dagger Throw","Deadly Poison","Caltrops","Quick Slash","Backflip","Footwork+1","Backflip","After Image","Die Die Die","PiercingWail","Acrobatics","Dodge and Roll","PiercingWail","Blade Dance","Underhanded Strike+1","Crippling Poison+1","Cloak And Dagger","All Out Attack","Footwork+1","Acrobatics+1","Dagger Throw+1","Escape Plan","Setup+1","Poisoned Stab","Outmaneuver+1","Panacea","After Image","Flying Knee","Noxious Fumes+1"],"special_seed":17823,"relics":["Ring of the Snake","Kunai","Strawberry","Odd Mushroom","Bag of Preparation","Pandora\u0027s Box","TwistedFunnel","MutagenicStrength","Dream Catcher","Whetstone","Cursed Key","Anchor","Red Mask"],"potions_floor_usage":[27,33,33,33,33,33,37,40],"damage_taken":[{"damage":0.0,"enemies":"2 Louse","floor":1.0,"turns":3.0},{"damage":0.0,"enemies":"Small Slimes","floor":2.0,"turns":4.0},{"damage":0.0,"enemies":"Cultist","floor":3.0,"turns":4.0},{"damage":0.0,"enemies":"3 Louse","floor":6.0,"turns":4.0},{"damage":6.0,"enemies":"Large Slime","floor":7.0,"turns":3.0},{"damage":0.0,"enemies":"Exordium Thugs","floor":10.0,"turns":4.0},{"damage":14.0,"enemies":"The Mushroom Lair","floor":12.0,"turns":3.0},{"damage":10.0,"enemies":"Lagavulin","floor":14.0,"turns":7.0},{"damage":0.0,"enemies":"Slime Boss","floor":16.0,"turns":10.0},{"damage":12.0,"enemies":"Spheric Guardian","floor":18.0,"turns":7.0},{"damage":0.0,"enemies":"3 Byrds","floor":21.0,"turns":3.0},{"damage":0.0,"enemies":"Snake Plant","floor":22.0,"turns":5.0},{"damage":16.0,"enemies":"Book of Stabbing","floor":23.0,"turns":6.0},{"damage":0,"enemies":"Shelled Parasite and Fungi","floor":25,"turns":7},{"damage":0,"enemies":"Centurion and Healer","floor":27,"turns":5},{"damage":3,"enemies":"Snecko","floor":29,"turns":4},{"damage":0,"enemies":"Chosen and Byrds","floor":30,"turns":4},{"damage":10,"enemies":"Automaton","floor":33,"turns":10},{"damage":0,"enemies":"3 Darklings","floor":35,"turns":5},{"damage":9,"enemies":"3 Shapes","floor":37,"turns":4},{"damage":0,"enemies":"Transient","floor":39,"turns":5},{"damage":40,"enemies":"Nemesis","floor":40,"turns":4}],"seed_played":"-7407834617241982638","potions_obtained":[{"floor":1.0,"key":"AttackPotion"},{"floor":6.0,"key":"Weak Potion"},{"floor":14.0,"key":"Weak Potion"},{"floor":16.0,"key":"PowerPotion"},{"floor":21.0,"key":"EntropicBrew"},{"floor":22.0,"key":"Swift Potion"},{"floor":25,"key":"PowerPotion"},{"floor":33,"key":"Fruit Juice"},{"floor":39,"key":"SneckoOil"}],"is_trial":false,"path_per_floor":["M","M","M","$","?","M","M","?","T","M","R","?","R","E","R","B",null,"M","$","?","M","M","E","R","M","T","M","R","M","M","?","R","B",null,"M","$","M","?","M"],"character_chosen":"THE_SILENT","items_purchased":["Caltrops","TwistedFunnel","Anchor"],"campfire_rested":2,"item_purchase_floors":[4,19,36],"current_hp_per_floor":[68,67,66,65,62,62,56,56,63,63,63,49,49,39,57,57,59,47,47,47,47,47,31,46,46,46,46,46,43,43,43,43,33,42,41,40,36,36,36,0],"gold":15,"neow_bonus":"","is_prod":false,"is_daily":true,"chose_seed":false,"campfire_upgraded":4,"win_rate":0,"timestamp":1539916298,"path_taken":["M","M","M","$","?","M","M","?","T","M","R","?","R","E","R","BOSS","M","$","?","M","M","E","R","?","T","M","R","M","M","?","R","BOSS","M","$","M","?","M","E"],"build_version":"2018-10-18","purchased_purges":2,"victory":false,"max_hp_per_floor":[68,67,66,65,64,63,62,61,67,66,65,64,63,62,61,60,59,58,57,56,55,54,53,52,51,50,49,48,47,46,45,44,43,42,41,40,44,43,42,42],"card_choices":[{"not_picked":["Flechettes","Prepared"],"picked":"Backflip","floor":1.0},{"not_picked":["Sucker Punch","Dagger Spray"],"picked":"Dagger Throw","floor":2.0},{"not_picked":["Deflect","Riddle With Holes"],"picked":"Deadly Poison","floor":3.0},{"not_picked":["Accuracy","Acrobatics"],"picked":"Quick Slash","floor":6.0},{"not_picked":["Heel Hook","Dagger Spray","Endless Agony"],"picked":"SKIP","floor":7.0},{"not_picked":["Burst","Bane"],"picked":"Footwork","floor":10.0},{"not_picked":["Crippling Poison","Blade Dance"],"picked":"Backflip","floor":12.0},{"not_picked":["Storm of Steel","Masterful Stab"],"picked":"After Image","floor":14.0},{"not_picked":["Doppelganger","Phantasmal Killer"],"picked":"Die Die Die","floor":16.0},{"not_picked":["Bane+1","Slice"],"picked":"All Out Attack","floor":18.0},{"not_picked":["Dagger Throw","Leg Sweep"],"picked":"Footwork+1","floor":21.0},{"not_picked":["Well Laid Plans","Reflex+1"],"picked":"Acrobatics+1","floor":22.0},{"not_picked":["Backstab","Dodge and Roll+1"],"picked":"Dagger Throw+1","floor":23},{"not_picked":["PiercingWail+1","Heel Hook"],"picked":"Escape Plan","floor":24},{"not_picked":["Bane","Calculated Gamble"],"picked":"Setup+1","floor":25},{"not_picked":["Cloak And Dagger","Heel Hook"],"picked":"Poisoned Stab","floor":27},{"not_picked":["Deflect","Terror","Reflex"],"picked":"SKIP","floor":29},{"not_picked":["Deadly Poison","Acrobatics"],"picked":"Outmaneuver","floor":30},{"not_picked":["Malaise","Die Die Die"],"picked":"After Image","floor":33},{"not_picked":["Deadly Poison+1","Underhanded Strike+1","Bane+1"],"picked":"SKIP","floor":35},{"not_picked":["Escape Plan","Outmaneuver+1"],"picked":"Flying Knee","floor":37},{"not_picked":["Catalyst","Endless Agony+1"],"picked":"Noxious Fumes+1","floor":39}],"player_experience":317965,"relics_obtained":[{"floor":9.0,"key":"Strawberry"},{"floor":12.0,"key":"Odd Mushroom"},{"floor":14.0,"key":"Bag of Preparation"},{"floor":23,"key":"Dream Catcher"},{"floor":26,"key":"Whetstone"}],"event_choices":[{"event_name":"Scrap Ooze","player_choice":"success","floor":5.0,"damage_taken":3.0},{"damage_healed":0.0,"max_hp_gain":0.0,"max_hp_loss":0.0,"gold_gain":0.0,"cards_transformed":["Defend_G"],"event_name":"Living Wall","player_choice":"Change","floor":8.0,"gold_loss":0.0,"damage_taken":0.0,"cards_obtained":["Backflip"]},{"damage_healed":0.0,"max_hp_gain":0.0,"max_hp_loss":0.0,"gold_gain":0.0,"event_name":"Mushrooms","player_choice":"Fought Mushrooms","floor":12.0,"gold_loss":0.0,"damage_taken":0.0},{"damage_healed":0.0,"max_hp_gain":0.0,"max_hp_loss":0.0,"gold_gain":0.0,"event_name":"Drug Dealer","player_choice":"Inject Mutagens","floor":20.0,"gold_loss":0.0,"damage_taken":0.0,"relics_obtained":["MutagenicStrength"]},{"damage_healed":0,"gold_gain":0,"cards_transformed":["Purity"],"player_choice":"Transformed","damage_taken":0,"max_hp_gain":0,"max_hp_loss":0,"event_name":"Transmorgrifier","floor":31,"gold_loss":0,"cards_obtained":["Panacea"]},{"damage_healed":0,"gold_gain":0,"player_choice":"Paid","damage_taken":0,"relics_obtained":["Red Mask"],"max_hp_gain":0,"max_hp_loss":0,"event_name":"Tomb of Lord Red Mask","floor":38,"gold_loss":36}],"is_beta":false,"boss_relics":[{"not_picked":["Eternal Feather","Busted Crown"],"picked":"Pandora\u0027s Box"},{"not_picked":["Snecko Eye","Lizard Tail"],"picked":"Cursed Key"}],"items_purged_floors":[4,36],"is_endless":false,"potions_floor_spawned":[1,6,14,16,21,22,25,33,39],"killed_by":"Nemesis","ascension_level":0}