{"gold_per_floor":[111,124,141,141,158,158,184,184,184,215,315,334,350,384,384,483,483,498,516,516],"floor_reached":20,"playtime":1273,"items_purged":[],"score":284,"play_id":"3fca371c-d9d4-4adc-b648-7be5fa9382d1","local_time":"20190206200124","is_ascension_mode":true,"campfire_choices":[{"data":"Wraith Form v2","floor":6,"key":"SMITH"},{"data":"Terror","floor":8,"key":"SMITH"},{"floor":15,"key":"REST"}],"neow_cost":"NONE","seed_source_timestamp":517713402923517,"circlet_count":0,"master_deck":["Survivor","Neutralize+1","Noxious Fumes","Terror+1","Wraith Form v2+1","Predator","Corpse Explosion","Footwork","Deflect","Dash","Predator","Envenom","Flying Knee","Envenom","Skewer","Backflip","PiercingWail","Die Die Die","Flying Knee","Endless Agony","Caltrops","Predator","Blur","Dagger Spray+1"],"relics":["Ring of the Snake","Vajra","Matryoshka","Letter Opener","Smiling Mask","Pandora\u0027s Box"],"potions_floor_usage":[5,7,14,18,19],"damage_taken":[{"damage":0,"enemies":"Small Slimes","floor":1,"turns":4},{"damage":3,"enemies":"Cultist","floor":2,"turns":4},{"damage":0,"enemies":"Jaw Worm","floor":3,"turns":4},{"damage":21,"enemies":"Blue Slaver","floor":5,"turns":6},{"damage":14,"enemies":"Gremlin Nob","floor":7,"turns":5},{"damage":17,"enemies":"3 Sentries","floor":10,"turns":3},{"damage":0,"enemies":"3 Louse","floor":12,"turns":3},{"damage":5,"enemies":"Exordium Thugs","floor":13,"turns":4},{"damage":1,"enemies":"Lagavulin","floor":14,"turns":7},{"damage":7,"enemies":"Hexaghost","floor":16,"turns":11},{"damage":22,"enemies":"Spheric Guardian","floor":18,"turns":8},{"damage":11,"enemies":"2 Thieves","floor":19,"turns":3},{"damage":32,"enemies":"Colosseum Slavers","floor":20,"turns":2}],"seed_played":"-4728093028878476361","potions_obtained":[{"floor":1,"key":"LiquidBronze"},{"floor":2,"key":"SteroidPotion"},{"floor":7,"key":"Ancient Potion"},{"floor":10,"key":"SkillPotion"},{"floor":18,"key":"Weak Potion"}],"is_trial":false,"path_per_floor":["M","M","M","?","M","R","E","R","T","E","?","M","M","E","R","B",null,"M","M","?"],"character_chosen":"THE_SILENT","items_purchased":[],"campfire_rested":1,"item_purchase_floors":[],"current_hp_per_floor":[70,67,67,67,46,46,32,32,32,15,15,15,10,9,32,25,64,42,31,0],"gold":516,"neow_bonus":"TEN_PERCENT_HP_BONUS","is_prod":false,"is_daily":false,"chose_seed":false,"campfire_upgraded":2,"win_rate":0,"timestamp":1549512084,"path_taken":["M","M","M","?","?","R","E","R","T","E","?","M","M","E","R","BOSS","M","M","?"],"build_version":"2019-01-23","purchased_purges":0,"victory":false,"max_hp_per_floor":[77,77,77,77,77,77,77,77,77,77,77,77,77,77,77,77,77,77,77,77],"card_choices":[{"not_picked":["Tactician","Accuracy"],"picked":"Noxious Fumes","floor":1},{"not_picked":["Deflect","Backflip"],"picked":"Terror","floor":2},{"not_picked":["Dodge and Roll","Sucker Punch"],"picked":"Wraith Form v2","floor":3},{"not_picked":["Underhanded Strike","Dodge and Roll"],"picked":"Predator","floor":5},{"not_picked":["Backflip","Choke"],"picked":"Corpse Explosion","floor":7},{"not_picked":["PiercingWail","Deflect"],"picked":"Footwork","floor":10},{"not_picked":["Endless Agony","Dagger Throw"],"picked":"Deflect","floor":12},{"not_picked":["Underhanded Strike","Bane"],"picked":"Dash","floor":13},{"not_picked":["Deflect","Poisoned Stab"],"picked":"Predator","floor":14},{"not_picked":["Tools of the Trade","Doppelganger"],"picked":"Envenom","floor":16},{"not_picked":["Dodge and Roll","Dagger Throw"],"picked":"Blur","floor":18},{"not_picked":["Flechettes","Flying Knee+1"],"picked":"Dagger Spray+1","floor":19}],"player_experience":485501,"relics_obtained":[{"floor":7,"key":"Vajra"},{"floor":9,"key":"Matryoshka"},{"floor":10,"key":"Letter Opener"},{"floor":14,"key":"Smiling Mask"}],"event_choices":[{"damage_healed":0,"gold_gain":0,"player_choice":"Upgraded","damage_taken":0,"max_hp_gain":0,"max_hp_loss":0,"event_name":"Upgrade Shrine","floor":4,"gold_loss":0,"cards_upgraded":["Neutralize"]},{"damage_healed":0,"gold_gain":100,"player_choice":"Pray","damage_taken":0,"max_hp_gain":0,"max_hp_loss":0,"event_name":"Golden Shrine","floor":11,"gold_loss":0},{"damage_healed":0,"gold_gain":0,"player_choice":"Fight","damage_taken":0,"max_hp_gain":0,"max_hp_loss":0,"event_name":"Colosseum","floor":20,"gold_loss":0}],"is_beta":false,"boss_relics":[{"not_picked":["Busted Crown","Black Star"],"picked":"Pandora\u0027s Box"}],"items_purged_floors":[],"is_endless":false,"potions_floor_spawned":[1,2,7,10,18],"killed_by":"Colosseum Slavers","ascension_level":9}