{"gold_per_floor":[111,121,121,121,21,21,55,74,74,24,24,24,34,61,61,133,133,149,74,91,141,64,76,119,131,143,60,72,100,119,69,69,69],"floor_reached":33,"playtime":1639,"items_purged":["Strike_G","Strike_G","Strike_G"],"score":632,"play_id":"766aced7-b545-43e7-af41-524c544ea5f7","local_time":"20190206045137","is_ascension_mode":true,"campfire_choices":[{"data":"Neutralize","floor":6,"key":"SMITH"},{"floor":11,"key":"REST"},{"data":"Poisoned Stab","floor":15,"key":"SMITH"},{"data":"Dagger Spray","floor":23,"key":"SMITH"},{"data":"Dagger Spray","floor":25,"key":"SMITH"},{"data":"Cloak And Dagger","floor":32,"key":"SMITH"}],"neow_cost":"NONE","seed_source_timestamp":97568980328200,"circlet_count":0,"master_deck":["AscendersBane","Defend_G","Defend_G","Defend_G+1","Defend_G","Defend_G+1","Strike_G+1","Survivor","Neutralize+1","Poisoned Stab+1","Dagger Spray+1","Dash","Backflip+1","Predator","Acrobatics","Blur","Escape Plan","Adrenaline","Dodge and Roll","Dagger Spray+1","Backflip","Leg Sweep","Cloak And Dagger+1","Leg Sweep","Cloak And Dagger"],"relics":["Sozu","FossilizedHelix","Smiling Mask","Pantograph","Shuriken","WristBlade","MawBank","War Paint","Vajra","Bag of Preparation"],"potions_floor_usage":[],"damage_taken":[{"damage":0,"enemies":"Jaw Worm","floor":1,"turns":4},{"damage":4,"enemies":"Small Slimes","floor":2,"turns":4},{"damage":10,"enemies":"3 Sentries","floor":7,"turns":8},{"damage":0,"enemies":"Cultist","floor":8,"turns":2},{"damage":0,"enemies":"3 Louse","floor":13,"turns":3},{"damage":0,"enemies":"Gremlin Nob","floor":14,"turns":4},{"damage":18,"enemies":"The Guardian","floor":16,"turns":11},{"damage":0,"enemies":"Chosen","floor":18,"turns":4},{"damage":0,"enemies":"Spheric Guardian","floor":20,"turns":5},{"damage":16,"enemies":"Gremlin Leader","floor":24,"turns":8},{"damage":0,"enemies":"3 Cultists","floor":28,"turns":3},{"damage":12,"enemies":"Book of Stabbing","floor":29,"turns":6},{"damage":0,"enemies":"Snecko","floor":30,"turns":5},{"damage":58,"enemies":"Champ","floor":33,"turns":18}],"seed_played":"6506058461947181338","potions_obtained":[],"is_trial":false,"path_per_floor":["M","M","?","?","$","R","E","M","T","$","R","?","M","E","R","B",null,"M","?","M","?","?","R","E","R","T","$","M","E","M","$","R","B"],"character_chosen":"THE_SILENT","items_purchased":["Dash","Backflip","Leg Sweep"],"campfire_rested":1,"item_purchase_floors":[5,5,27],"current_hp_per_floor":[59,55,35,30,30,30,20,20,20,20,39,39,39,39,39,46,61,61,61,61,61,61,61,45,45,45,45,45,33,33,33,33,0],"gold":69,"neow_bonus":"BOSS_RELIC","is_prod":false,"is_daily":false,"chose_seed":false,"campfire_upgraded":5,"win_rate":0,"timestamp":1549446697,"path_taken":["M","M","?","?","$","R","E","M","T","?","R","?","?","E","R","BOSS","M","?","M","?","?","R","E","R","T","$","M","E","?","$","R","BOSS"],"build_version":"2019-01-23","purchased_purges":3,"victory":false,"max_hp_per_floor":[66,66,66,66,66,66,66,66,66,66,66,66,66,66,66,66,66,66,66,66,66,66,66,66,66,66,66,66,66,66,66,66,66],"card_choices":[{"not_picked":["Endless Agony","Distraction"],"picked":"Poisoned Stab","floor":1},{"not_picked":["Dodge and Roll","Tactician"],"picked":"Dagger Spray","floor":2},{"not_picked":["Blade Dance","Night Terror"],"picked":"Predator","floor":7},{"not_picked":["Distraction","Prepared"],"picked":"Acrobatics","floor":8},{"not_picked":["Eviscerate","Cloak And Dagger"],"picked":"Blur","floor":13},{"not_picked":["Masterful Stab","Setup"],"picked":"Escape Plan","floor":14},{"not_picked":["Unload","Envenom"],"picked":"Adrenaline","floor":16},{"not_picked":["Dagger Throw","Flechettes"],"picked":"Dodge and Roll","floor":18},{"not_picked":["Deflect","Underhanded Strike"],"picked":"Dagger Spray","floor":20},{"not_picked":["Dagger Throw","Underhanded Strike"],"picked":"Backflip","floor":24},{"not_picked":["Prepared","Doppelganger"],"picked":"Cloak And Dagger","floor":28},{"not_picked":["Acrobatics","PiercingWail"],"picked":"Leg Sweep","floor":29},{"not_picked":["Blade Dance","Flying Knee"],"picked":"Cloak And Dagger","floor":30}],"player_experience":2034110,"relics_obtained":[{"floor":7,"key":"Smiling Mask"},{"floor":9,"key":"Pantograph"},{"floor":14,"key":"Shuriken"},{"floor":24,"key":"War Paint"},{"floor":26,"key":"Vajra"},{"floor":29,"key":"Bag of Preparation"}],"event_choices":[{"damage_healed":0,"gold_gain":0,"player_choice":"Entered Light","damage_taken":20,"max_hp_gain":0,"max_hp_loss":0,"event_name":"Shining Light","floor":3,"gold_loss":0,"cards_upgraded":["Strike_G","Defend_G"]},{"damage_healed":0,"gold_gain":0,"player_choice":"Success","damage_taken":5,"relics_obtained":["FossilizedHelix"],"max_hp_gain":0,"max_hp_loss":0,"event_name":"Scrap Ooze","floor":4,"gold_loss":0},{"damage_healed":0,"gold_gain":0,"player_choice":"Leave","damage_taken":0,"max_hp_gain":0,"max_hp_loss":0,"event_name":"FaceTrader","floor":12,"gold_loss":0},{"cards_removed":["Strike_G"],"damage_healed":0,"gold_gain":0,"player_choice":"Gave Gold","damage_taken":0,"max_hp_gain":0,"max_hp_loss":0,"event_name":"Beggar","floor":19,"gold_loss":75},{"damage_healed":0,"gold_gain":50,"player_choice":"Stole From Cult","damage_taken":0,"max_hp_gain":0,"max_hp_loss":0,"event_name":"Nest","floor":21,"gold_loss":0},{"damage_healed":0,"gold_gain":0,"player_choice":"Paid Gold","damage_taken":0,"relics_obtained":["MawBank"],"max_hp_gain":0,"max_hp_loss":0,"event_name":"WeMeetAgain","floor":22,"gold_loss":77}],"is_beta":true,"boss_relics":[{"not_picked":["White Beast Statue","Velvet Choker"],"picked":"WristBlade"}],"items_purged_floors":[10,27,31],"is_endless":false,"potions_floor_spawned":[7,8,14,20,24],"killed_by":"Champ","ascension_level":20}