{"gold_per_floor":[109,69,69,80,99,99,112,144,144,2,152,32,32,32,32,110,110,128,143,193,193],"floor_reached":21,"playtime":812,"items_purged":["Doubt"],"score":354,"play_id":"84a95cfb-2a4a-49d6-8d45-bb01cf0bd03e","local_time":"20181216184341","is_ascension_mode":true,"campfire_choices":[{"data":"Dagger Spray","floor":6,"key":"SMITH"},{"data":"Bouncing Flask","floor":13,"key":"SMITH"},{"floor":15,"key":"REST"}],"neow_cost":"NONE","seed_source_timestamp":35260567761600,"circlet_count":0,"master_deck":["AscendersBane","Defend_G","Defend_G","Defend_G","Defend_G+1","Defend_G","Strike_G","Strike_G","Strike_G","Strike_G","Survivor+1","Neutralize+1","Slice","Bouncing Flask+1","Dagger Spray+1","Quick Slash","Blur","Die Die Die","Cloak And Dagger","Infinite Blades","Escape Plan","A Thousand Cuts","Writhe","Injury","Clumsy","Sucker Punch+1","Prepared"],"relics":["WristBlade","Bottled Lightning","Blue Candle","Calling Bell","War Paint","Frozen Egg 2","Du-Vu Doll"],"potions_floor_usage":[16,16],"damage_taken":[{"damage":2,"enemies":"Cultist","floor":1,"turns":5},{"damage":2,"enemies":"Jaw Worm","floor":4,"turns":4},{"damage":0,"enemies":"2 Louse","floor":5,"turns":2},{"damage":9,"enemies":"Blue Slaver","floor":7,"turns":3},{"damage":28,"enemies":"Lagavulin","floor":8,"turns":8},{"damage":23,"enemies":"The Guardian","floor":16,"turns":11},{"damage":32,"enemies":"Shell Parasite","floor":18,"turns":5},{"damage":11,"enemies":"3 Byrds","floor":19,"turns":4},{"damage":14,"enemies":"Centurion and Healer","floor":21,"turns":1}],"seed_played":"-3939171687207369686","potions_obtained":[{"floor":5,"key":"PowerPotion"},{"floor":8,"key":"Weak Potion"}],"is_trial":false,"path_per_floor":["M","$","?","M","M","R","M","E","T","$","?","$","R","?","R","B",null,"M","M","?","M"],"character_chosen":"THE_SILENT","items_purchased":["Bouncing Flask","Cloak And Dagger","Infinite Blades","Escape Plan"],"campfire_rested":1,"item_purchase_floors":[2,10,10,12],"current_hp_per_floor":[57,57,57,55,55,55,46,18,18,18,18,18,18,11,30,7,51,19,8,8,0],"gold":193,"neow_bonus":"BOSS_RELIC","is_prod":false,"is_daily":false,"chose_seed":false,"campfire_upgraded":2,"win_rate":0,"timestamp":1545003821,"path_taken":["M","$","?","M","M","R","M","E","T","$","?","?","R","?","R","BOSS","M","M","?","M"],"build_version":"2018-11-15","purchased_purges":1,"victory":false,"max_hp_per_floor":[66,66,66,66,66,66,66,66,66,66,66,66,66,66,66,66,66,66,66,66,66],"card_choices":[{"not_picked":["Prepared","Dodge and Roll"],"picked":"Slice","floor":1},{"not_picked":["Prepared","Backflip"],"picked":"Dagger Spray","floor":4},{"not_picked":["Underhanded Strike","Dagger Spray"],"picked":"Quick Slash","floor":5},{"not_picked":["Expertise","Masterful Stab"],"picked":"Blur","floor":7},{"not_picked":["Dagger Spray","Blade Dance"],"picked":"Die Die Die","floor":8},{"not_picked":["Grand Finale","Doppelganger"],"picked":"A Thousand Cuts","floor":16},{"not_picked":["Doppelganger","PiercingWail"],"picked":"Sucker Punch+1","floor":18},{"not_picked":["Dagger Throw","Predator"],"picked":"Prepared","floor":19}],"player_experience":1833048,"relics_obtained":[{"floor":8,"key":"Bottled Lightning"},{"floor":9,"key":"Blue Candle"},{"floor":17,"key":"War Paint"},{"floor":17,"key":"Frozen Egg 2"},{"floor":17,"key":"Du-Vu Doll"}],"event_choices":[{"damage_healed":0,"gold_gain":0,"player_choice":"Grow","damage_taken":0,"max_hp_gain":0,"max_hp_loss":0,"event_name":"Living Wall","floor":3,"gold_loss":0,"cards_upgraded":["Neutralize"]},{"damage_healed":0,"gold_gain":150,"player_choice":"AGREE","damage_taken":0,"max_hp_gain":0,"max_hp_loss":0,"event_name":"Liars Game","floor":11,"gold_loss":0,"cards_obtained":["Doubt"]},{"cards_removed":["Strike_G"],"damage_healed":0,"gold_gain":0,"player_choice":"Card Removal","damage_taken":7,"max_hp_gain":0,"max_hp_loss":0,"event_name":"Golden Wing","floor":14,"gold_loss":0},{"damage_healed":0,"gold_gain":50,"player_choice":"Stole From Cult","damage_taken":0,"max_hp_gain":0,"max_hp_loss":0,"event_name":"Nest","floor":20,"gold_loss":0}],"is_beta":true,"boss_relics":[{"not_picked":["Ectoplasm","Runic Dome"],"picked":"Calling Bell"}],"items_purged_floors":[12],"is_endless":false,"potions_floor_spawned":[5,8],"killed_by":"Centurion and Healer","ascension_level":20}