{"gold_per_floor":[118,293,14,31,41,41,74,74,122,164,176,203,215,243,255,267],"floor_reached":16,"playtime":1101,"items_purged":["Pain"],"score":121,"play_id":"10799f98-f202-4606-bbf7-209bd21d2366","local_time":"20181018231217","is_ascension_mode":true,"campfire_choices":[{"data":"Backflip","floor":6,"key":"SMITH"},{"floor":11,"key":"REST"},{"floor":13,"key":"REST"},{"floor":15,"key":"REST"}],"neow_cost":"NONE","seed_source_timestamp":769549446613862,"circlet_count":0,"master_deck":["Defend_G","Defend_G","Defend_G","Defend_G","Defend_G","Strike_G","Strike_G","Strike_G","Strike_G","Strike_G","Survivor","Neutralize","Injury","Clumsy","Caltrops","Doubt","Prepared","Backflip+1","Dagger Throw","PiercingWail","Infinite Blades","Flying Knee"],"relics":["Calling Bell","Potion Belt","Blue Candle","Incense Burner","Medical Kit","Art of War","MawBank","Vajra"],"potions_floor_usage":[10,16,16],"damage_taken":[{"damage":10,"enemies":"2 Louse","floor":1,"turns":3},{"damage":2,"enemies":"Cultist","floor":4,"turns":4},{"damage":4,"enemies":"Small Slimes","floor":5,"turns":5},{"damage":36,"enemies":"3 Sentries","floor":7,"turns":12},{"damage":24,"enemies":"Gremlin Nob","floor":10,"turns":4},{"damage":3,"enemies":"3 Louse","floor":12,"turns":5},{"damage":9,"enemies":"Blue Slaver","floor":14,"turns":4},{"damage":79,"enemies":"Slime Boss","floor":16,"turns":16}],"seed_played":"-1331733800891788941","potions_obtained":[{"floor":5,"key":"FearPotion"},{"floor":10,"key":"GhostInAJar"},{"floor":12,"key":"Ancient Potion"}],"is_trial":false,"path_per_floor":["M","?","$","M","M","R","E","?","T","E","R","M","R","M","R"],"character_chosen":"THE_SILENT","items_purchased":["Medical Kit"],"campfire_rested":3,"item_purchase_floors":[3],"current_hp_per_floor":[60,60,60,58,54,54,18,41,41,17,38,35,56,47,68,0],"gold":267,"neow_bonus":"BOSS_RELIC","is_prod":false,"is_daily":false,"chose_seed":false,"campfire_upgraded":1,"win_rate":0,"timestamp":1539918737,"path_taken":["M","?","$","M","M","R","E","?","T","E","R","M","R","M","R","BOSS"],"build_version":"2018-10-18","purchased_purges":1,"victory":false,"max_hp_per_floor":[70,70,70,70,70,70,70,70,70,70,70,70,70,70,70,70],"card_choices":[{"not_picked":["Dodge and Roll","Crippling Poison"],"picked":"Caltrops","floor":1},{"not_picked":["PiercingWail","Backstab"],"picked":"Prepared","floor":4},{"not_picked":["Prepared","Terror"],"picked":"Backflip","floor":5},{"not_picked":["Acrobatics","Adrenaline"],"picked":"Dagger Throw","floor":7},{"not_picked":["Deflect","Tactician"],"picked":"PiercingWail","floor":10},{"not_picked":["Reflex","Cloak And Dagger"],"picked":"Infinite Blades","floor":12},{"not_picked":["Outmaneuver","Deadly Poison"],"picked":"Flying Knee","floor":14}],"player_experience":323194,"relics_obtained":[{"floor":0,"key":"Potion Belt"},{"floor":0,"key":"Blue Candle"},{"floor":0,"key":"Incense Burner"},{"floor":7,"key":"Art of War"},{"floor":9,"key":"MawBank"},{"floor":10,"key":"Vajra"}],"event_choices":[{"damage_healed":0,"gold_gain":175,"player_choice":"AGREE","damage_taken":0,"max_hp_gain":0,"max_hp_loss":0,"event_name":"Liars Game","floor":2,"gold_loss":0,"cards_obtained":["Doubt"]},{"damage_healed":23,"gold_gain":0,"player_choice":"Banana","damage_taken":0,"max_hp_gain":0,"max_hp_loss":0,"event_name":"Big Fish","floor":8,"gold_loss":0}],"is_beta":false,"boss_relics":[],"items_purged_floors":[3],"is_endless":false,"potions_floor_spawned":[5,10,12],"killed_by":"Slime Boss","ascension_level":2}