{"gold_per_floor":[111,111,286,69,14,42,52,52,79,110,110,110,137,62,62,167,167,184,195,95,20,20,20,34,52,106,126,126,136,236,246,246,346,346,363,363,377,392,392,418,428,443,443,443,443,443,443,116,116,116],"floor_reached":50,"playtime":1385,"items_purged":["Doubt","Shame"],"score":602,"play_id":"0875e372-3f95-4d24-8816-7a084e740e3e","local_time":"20180826231009","is_ascension_mode":false,"campfire_choices":[{"data":"Double Tap","floor":8,"key":"SMITH"},{"data":"Perfected Strike","floor":12,"key":"SMITH"},{"data":"Perfected Strike","floor":15,"key":"SMITH"},{"data":"Double Tap","floor":23,"key":"SMITH"},{"floor":28,"key":"REST"},{"floor":32,"key":"REST"},{"floor":46,"key":"REST"},{"data":"Perfected Strike","floor":49,"key":"SMITH"}],"neow_cost":"NONE","seed_source_timestamp":2995423637309,"circlet_count":0,"master_deck":["Strike_R","Strike_R","Strike_R","Strike_R","Defend_R","Defend_R","Defend_R","Defend_R","Bash","Perfected Strike+1","Double Tap+1","Perfected Strike+1","Headbutt","Pommel Strike","Warcry","Double Tap+1","Wild Strike","Wild Strike","Ghostly Armor","Flex+1","Headbutt","Impervious","Iron Wave+1","Madness+1","Madness","Twin Strike","Perfected Strike+1","Ghostly Armor"],"relics":["Burning Blood","NeowsBlessing","Happy Flower","Darkstone Periapt","Blood Vial","Regal Pillow","Strawberry","FaceOfCleric","Pen Nib","Calling Bell","Red Skull","Singing Bowl","Ice Cream","Spirit Poop","Dream Catcher","Lizard Tail","Boot","Juzu Bracelet","Question Card","Bottled Flame"],"potions_floor_usage":[33,40,41,42],"damage_taken":[{"damage":0,"enemies":"Small Slimes","floor":1,"turns":1},{"damage":0,"enemies":"Gremlin Nob","floor":6,"turns":1},{"damage":0,"enemies":"Jaw Worm","floor":7,"turns":1},{"damage":22,"enemies":"3 Sentries","floor":10,"turns":4},{"damage":54,"enemies":"The Guardian","floor":16,"turns":7},{"damage":41,"enemies":"3 Byrds","floor":18,"turns":5},{"damage":0,"enemies":"Spheric Guardian","floor":19,"turns":2},{"damage":21,"enemies":"3 Cultists","floor":24,"turns":4},{"damage":20,"enemies":"Snecko","floor":25,"turns":4},{"damage":16,"enemies":"Cultist and Chosen","floor":27,"turns":6},{"damage":33,"enemies":"3 Cultists","floor":29,"turns":5},{"damage":16,"enemies":"Snake Plant","floor":31,"turns":2},{"damage":112,"enemies":"Automaton","floor":33,"turns":7},{"damage":35,"enemies":"Flame Bruiser 1 Orb","floor":35,"turns":4},{"damage":4,"enemies":"3 Shapes","floor":37,"turns":4},{"damage":59,"enemies":"Maw","floor":38,"turns":8},{"damage":36,"enemies":"2 Orb Walkers","floor":40,"turns":5},{"damage":11,"enemies":"4 Shapes","floor":41,"turns":9},{"damage":24,"enemies":"Jaw Worm Horde","floor":42,"turns":4},{"damage":151,"enemies":"Awakened One","floor":50,"turns":10}],"seed_played":"5639736159580622375","potions_obtained":[{"floor":6,"key":"GamblersBrew"},{"floor":10,"key":"Block Potion"},{"floor":16,"key":"PowerPotion"},{"floor":35,"key":"Dexterity Potion"}],"is_trial":false,"path_per_floor":["M","?","?","$","?","E","M","R","T","E","?","R","T","$","R","B",null,"M","M","$","?","?","R","M","M","T","M","R","M","?","M","R","B",null,"M","?","M","M","?","E","M","M","T","?","?","R","T","$","R"],"character_chosen":"IRONCLAD","items_purchased":["Double Tap","Perfected Strike","Ghostly Armor","Bottled Flame"],"campfire_rested":3,"item_purchase_floors":[4,4,48,48],"current_hp_per_floor":[80,62,62,62,62,68,76,76,76,69,69,69,69,69,69,24,106,72,81,81,81,81,81,69,58,58,53,101,79,79,74,121,16,122,94,79,84,36,36,11,9,74,74,74,74,131,131,131,131,0],"gold":116,"neow_bonus":"THREE_ENEMY_KILL","is_prod":false,"is_daily":false,"chose_seed":false,"campfire_upgraded":5,"win_rate":0,"timestamp":1535292609,"path_taken":["M","?","?","$","?","E","M","R","T","E","?","R","?","$","R","BOSS","M","M","$","?","?","R","M","M","T","M","R","M","?","M","R","BOSS","M","?","?","?","?","E","?","?","T","?","?","R","?","$","R","BOSS"],"build_version":"2018-08-23v2","purchased_purges":2,"victory":false,"max_hp_per_floor":[80,80,80,80,80,80,80,80,80,87,87,87,87,87,87,88,106,107,108,108,108,108,108,109,110,110,113,113,116,116,119,121,122,122,123,123,124,127,127,130,131,134,134,134,134,136,136,136,136,136],"card_choices":[{"not_picked":["Ghostly Armor","Bloodletting"],"picked":"Perfected Strike","floor":1},{"not_picked":["Havoc","Rampage"],"picked":"Headbutt","floor":6},{"not_picked":["Sword Boomerang","Power Through"],"picked":"Pommel Strike","floor":7},{"not_picked":["Entrench","Intimidate"],"picked":"Warcry","floor":10},{"not_picked":["Reaper","Bludgeon"],"picked":"Double Tap","floor":16},{"not_picked":["Shockwave","Feel No Pain"],"picked":"Wild Strike","floor":18},{"not_picked":["Clothesline","Combust"],"picked":"Wild Strike","floor":19},{"not_picked":["Shrug It Off","Corruption"],"picked":"Ghostly Armor","floor":24},{"not_picked":["Warcry","Iron Wave"],"picked":"Flex+1","floor":25},{"not_picked":["Shrug It Off","Sever Soul","Warcry+1"],"picked":"Singing Bowl","floor":27},{"not_picked":["Sword Boomerang","Bludgeon"],"picked":"Headbutt","floor":28},{"not_picked":["True Grit+1","Thunderclap+1","Anger+1"],"picked":"Singing Bowl","floor":29},{"not_picked":["Shrug It Off","Searing Blow","Thunderclap+1"],"picked":"Singing Bowl","floor":31},{"not_picked":["Flex","Hemokinesis","Limit Break"],"picked":"Singing Bowl","floor":32},{"not_picked":["Double Tap","Berserk"],"picked":"Impervious","floor":33},{"not_picked":["Dual Wield+1","True Grit"],"picked":"Iron Wave+1","floor":35},{"not_picked":["Sword Boomerang+1","Corruption"],"picked":"Twin Strike","floor":37},{"not_picked":["Burning Pact+1","Bloodletting","Anger+1"],"picked":"Singing Bowl","floor":38},{"not_picked":["Sever Soul","Sword Boomerang+1","Iron Wave"],"picked":"Singing Bowl","floor":40},{"not_picked":["Thunderclap","Feel No Pain+1"],"picked":"Perfected Strike","floor":41},{"not_picked":["Reckless Charge","Searing Blow","Dark Embrace"],"picked":"Singing Bowl","floor":42},{"not_picked":["Body Slam+1","Wild Strike","Shrug It Off"],"picked":"Singing Bowl","floor":46}],"player_experience":370906,"relics_obtained":[{"floor":6,"key":"Blood Vial"},{"floor":9,"key":"Regal Pillow"},{"floor":10,"key":"Strawberry"},{"floor":13,"key":"Pen Nib"},{"floor":17,"key":"Red Skull"},{"floor":17,"key":"Singing Bowl"},{"floor":17,"key":"Ice Cream"},{"floor":26,"key":"Dream Catcher"},{"floor":40,"key":"Boot"},{"floor":43,"key":"Juzu Bracelet"},{"floor":47,"key":"Question Card"}],"event_choices":[{"event_name":"Scrap Ooze","player_choice":"success","floor":2,"damage_taken":18},{"event_name":"Liars Game","player_choice":"agreed","floor":3,"damage_taken":0},{"event_name":"WeMeetAgain","player_choice":"Gold","floor":5,"damage_taken":0},{"event_name":"FaceTrader","player_choice":"Trade","floor":11,"damage_taken":0},{"event_name":"Beggar","player_choice":"Gave Gold","floor":21,"damage_taken":0},{"event_name":"Bonfire Elementals","player_choice":"CURSE","floor":22,"damage_taken":0},{"event_name":"Golden Shrine","player_choice":"Pray","floor":30,"damage_taken":0},{"event_name":"Winding Halls","player_choice":"Embrace Madness","floor":36,"damage_taken":0},{"event_name":"Accursed Blacksmith","player_choice":"Forge","floor":39,"damage_taken":0},{"event_name":"Falling","player_choice":"Removed Attack","floor":44,"damage_taken":0},{"event_name":"Mysterious Sphere","player_choice":"Ignore","floor":45,"damage_taken":0}],"is_beta":true,"boss_relics":[{"not_picked":["Black Blood","Black Star"],"picked":"Calling Bell"},{"not_picked":["Astrolabe","Philosopher\u0027s Stone"],"picked":"Lizard Tail"}],"items_purged_floors":[14,20],"is_endless":false,"potions_floor_spawned":[6,10,16,27,29,35,38],"killed_by":"Awakened One","ascension_level":0}