{"gold_per_floor":[117,117,117,137,162,203,203,217,217,240,240,253,268,193,193,193],"floor_reached":16,"playtime":396,"items_purged":["Strike_R"],"score":102,"play_id":"6144d415-14bd-4c50-a07e-5936ba11c4a7","local_time":"20181006224606","is_ascension_mode":false,"campfire_choices":[{"data":"Armaments","floor":7,"key":"SMITH"},{"data":"Spot Weakness","floor":11,"key":"SMITH"},{"data":"Flex","floor":15,"key":"SMITH"}],"neow_cost":"NONE","seed_source_timestamp":6504355720965,"circlet_count":0,"master_deck":["Strike_R","Strike_R","Strike_R","Strike_R","Defend_R","Defend_R","Defend_R","Defend_R","Bash","Armaments+1","Flex+1","Spot Weakness+1"],"relics":["Burning Blood","NeowsBlessing","Ice Cream","Golden Idol","Darkstone Periapt","Matryoshka","Blood Vial","Orichalcum"],"potions_floor_usage":[],"damage_taken":[{"damage":0,"enemies":"Cultist","floor":1,"turns":1},{"damage":0,"enemies":"Small Slimes","floor":4,"turns":1},{"damage":0,"enemies":"Jaw Worm","floor":5,"turns":1},{"damage":29,"enemies":"Gremlin Nob","floor":6,"turns":5},{"damage":4,"enemies":"Exordium Wildlife","floor":8,"turns":4},{"damage":3,"enemies":"2 Fungi Beasts","floor":12,"turns":4},{"damage":10,"enemies":"Red Slaver","floor":13,"turns":6},{"damage":45,"enemies":"The Guardian","floor":16,"turns":9}],"seed_played":"-5368574649887314323","potions_obtained":[{"floor":4,"key":"Strength Potion"},{"floor":12,"key":"Fire Potion"},{"floor":13,"key":"Regen Potion"}],"is_trial":false,"path_per_floor":["M","?","?","M","M","E","R","M","T","T","R","M","M","$","R"],"character_chosen":"IRONCLAD","items_purchased":[],"campfire_rested":0,"item_purchase_floors":[],"current_hp_per_floor":[80,68,48,54,60,37,37,39,39,39,39,44,42,42,42,0],"gold":193,"neow_bonus":"THREE_ENEMY_KILL","is_prod":false,"is_daily":false,"chose_seed":false,"campfire_upgraded":3,"win_rate":0,"timestamp":1538833566,"path_taken":["M","?","?","?","M","E","R","M","T","?","R","?","?","?","R","BOSS"],"build_version":"2018-10-04","purchased_purges":1,"victory":false,"max_hp_per_floor":[80,80,80,80,80,80,80,80,80,80,80,80,80,80,80,80],"card_choices":[{"not_picked":["Rupture","Perfected Strike"],"picked":"Armaments","floor":1},{"not_picked":["Wild Strike","Sentinel"],"picked":"Flex","floor":4},{"not_picked":["Sword Boomerang","Body Slam"],"picked":"Spot Weakness","floor":5},{"not_picked":["Combust","Shockwave","Flame Barrier"],"picked":"SKIP","floor":6},{"not_picked":["Sword Boomerang","Anger","Armaments"],"picked":"SKIP","floor":8},{"not_picked":["Hemokinesis","Perfected Strike","Thunderclap"],"picked":"SKIP","floor":12},{"not_picked":["Feel No Pain","Sword Boomerang","Dropkick"],"picked":"SKIP","floor":13}],"player_experience":478898,"relics_obtained":[{"floor":6,"key":"Darkstone Periapt"},{"floor":9,"key":"Matryoshka"},{"floor":10,"key":"Blood Vial"},{"floor":10,"key":"Orichalcum"}],"event_choices":[{"event_name":"Scrap Ooze","player_choice":"success","floor":2,"damage_taken":12},{"event_name":"Golden Idol","player_choice":"Take Damage","floor":3,"damage_taken":0}],"is_beta":true,"boss_relics":[],"items_purged_floors":[14],"is_endless":false,"potions_floor_spawned":[4,12,13],"killed_by":"The Guardian","ascension_level":0}