{"gold_per_floor":[18,37,37,55,70,89,89,101,101,118,137,62,62,77,77,77],"floor_reached":16,"playtime":1133,"items_purged":["Defend_B"],"score":137,"play_id":"6295f8da-96aa-437f-bd86-91e32b30d5ff","local_time":"20180926190134","is_ascension_mode":true,"campfire_choices":[{"floor":7,"key":"REST"},{"floor":15,"key":"REST"}],"neow_cost":"NO_GOLD","seed_source_timestamp":77698055680103,"circlet_count":0,"master_deck":["Strike_B","Strike_B+1","Defend_B","Defend_B","Defend_B+1","Zap","Dualcast","Reprogram","Auto Shields","Redo","Skim","Leap","Barrage","Rebound","Conserve Battery","Conserve Battery+1","Buffer","Pain","Double Energy+1"],"relics":["Cracked Core","Toxic Egg 2","WarpedTongs"],"potions_floor_usage":[16,16],"damage_taken":[{"damage":1,"enemies":"Cultist","floor":1,"turns":4},{"damage":2,"enemies":"Small Slimes","floor":2,"turns":4},{"damage":7,"enemies":"Jaw Worm","floor":4,"turns":4},{"damage":21,"enemies":"Gremlin Gang","floor":5,"turns":5},{"damage":10,"enemies":"Looter","floor":6,"turns":4},{"damage":0,"enemies":"Red Slaver","floor":8,"turns":4},{"damage":13,"enemies":"Gremlin Gang","floor":10,"turns":5},{"damage":4,"enemies":"3 Louse","floor":11,"turns":3},{"damage":3,"enemies":"Looter","floor":14,"turns":4},{"damage":38,"enemies":"Hexaghost","floor":16,"turns":12}],"seed_played":"5891462902124839961","potions_obtained":[{"floor":2,"key":"Weak Potion"},{"floor":4,"key":"Strength Potion"},{"floor":6,"key":"Block Potion"}],"is_trial":false,"path_per_floor":["M","M","?","M","M","M","R","M","T","M","M","$","?","M","R"],"character_chosen":"DEFECT","items_purchased":[],"campfire_rested":2,"item_purchase_floors":[],"current_hp_per_floor":[67,65,50,43,22,12,34,34,34,21,17,17,17,14,36,0],"gold":77,"neow_bonus":"TRANSFORM_TWO_CARDS","is_prod":false,"is_daily":false,"chose_seed":false,"campfire_upgraded":0,"win_rate":0,"timestamp":1537956094,"path_taken":["M","?","?","M","M","M","R","M","T","?","M","$","?","M","R","BOSS"],"build_version":"2018-09-25","purchased_purges":1,"victory":false,"max_hp_per_floor":[75,75,75,75,75,75,75,75,75,75,75,75,75,75,75,75],"card_choices":[{"not_picked":["Steam","Chaos"],"picked":"Redo","floor":1},{"not_picked":["Sweeping Beam","Compile Driver"],"picked":"Skim","floor":2},{"not_picked":["Recycle","Blizzard"],"picked":"Leap","floor":4},{"not_picked":["Sweeping Beam","Stack"],"picked":"Barrage","floor":5},{"not_picked":["Scrape","Sweeping Beam"],"picked":"Rebound","floor":6},{"not_picked":["Leap","Glacier"],"picked":"Conserve Battery","floor":8},{"not_picked":["Fusion+1","Go for the Eyes"],"picked":"Conserve Battery+1","floor":10},{"not_picked":["Recycle+1","Glacier+1"],"picked":"Buffer","floor":11},{"not_picked":["Coolheaded+1","Leap+1"],"picked":"Double Energy+1","floor":14}],"player_experience":447608,"relics_obtained":[{"floor":9,"key":"Toxic Egg 2"}],"event_choices":[{"event_name":"Shining Light","player_choice":"Entered Light","floor":3,"damage_taken":0},{"event_name":"Accursed Blacksmith","player_choice":"Rummage","floor":13,"damage_taken":0}],"is_beta":true,"boss_relics":[],"items_purged_floors":[12],"is_endless":false,"potions_floor_spawned":[2,4,6],"killed_by":"Hexaghost","ascension_level":8}