{"gold_per_floor":[113,188,14,29,44,44,44,76,76,92,108,122,122,87,87,188,188,202,202],"floor_reached":19,"playtime":978,"items_purged":[],"score":237,"play_id":"fef2c334-a3c8-4427-b1d4-abbb9209d1a6","local_time":"20190203200814","is_ascension_mode":true,"campfire_choices":[{"data":"Zap","floor":6.0,"key":"SMITH"},{"data":"Amplify","floor":13.0,"key":"SMITH"},{"data":"Conserve Battery","floor":15.0,"key":"SMITH"}],"neow_cost":"NONE","seed_source_timestamp":0,"circlet_count":0,"master_deck":["Strike_B","Strike_B","Strike_B","Defend_B","Defend_B","Defend_B","Defend_B","Zap+1","Dualcast","Ball Lightning","Steam","Self Repair","Conserve Battery+1","Hyperbeam","Capacitor","Recycle","Amplify+1","Machine Learning","Fusion"],"special_seed":0,"relics":["Cracked Core","Vajra","Meat on the Bone","Art of War","Runic Pyramid"],"potions_floor_usage":[18,19],"damage_taken":[{"damage":7.0,"enemies":"Jaw Worm","floor":1.0,"turns":3.0},{"damage":3.0,"enemies":"Small Slimes","floor":4.0,"turns":3.0},{"damage":1.0,"enemies":"Cultist","floor":5.0,"turns":3.0},{"damage":35.0,"enemies":"Gremlin Nob","floor":8.0,"turns":5.0},{"damage":9.0,"enemies":"Exordium Wildlife","floor":10.0,"turns":4.0},{"damage":13.0,"enemies":"3 Louse","floor":11.0,"turns":3.0},{"damage":1.0,"enemies":"Looter","floor":12.0,"turns":3.0},{"damage":25.0,"enemies":"Slime Boss","floor":16.0,"turns":10.0},{"damage":21,"enemies":"Spheric Guardian","floor":18,"turns":5},{"damage":68,"enemies":"Masked Bandits","floor":19,"turns":3}],"seed_played":"4711276821374492354","potions_obtained":[{"floor":1.0,"key":"Strength Potion"},{"floor":10.0,"key":"Energy Potion"},{"floor":12.0,"key":"Strength Potion"},{"floor":16.0,"key":"EssenceOfSteel"}],"is_trial":false,"path_per_floor":["M","?","$","M","M","R","?","E","T","M","M","M","R","?","R","B",null,"M","?"],"character_chosen":"DEFECT","items_purchased":["Vajra","Steam"],"campfire_rested":0,"item_purchase_floors":[3,3],"current_hp_per_floor":[68,57,57,54,60,60,60,32,32,42,48,54,54,74,74,63,77,63,0],"gold":202,"neow_bonus":"TEN_PERCENT_HP_BONUS","is_prod":false,"is_daily":false,"chose_seed":false,"campfire_upgraded":3,"win_rate":0,"timestamp":1549253294,"path_taken":["M","?","$","M","M","R","?","E","T","M","?","M","R","?","R","BOSS","M","?"],"build_version":"2019-01-23","purchased_purges":0,"victory":false,"max_hp_per_floor":[82,82,82,82,82,82,82,82,82,82,82,82,82,82,82,82,82,82,82],"card_choices":[{"not_picked":["Glacier","Go for the Eyes"],"picked":"Ball Lightning","floor":1.0},{"not_picked":["Force Field","Stack"],"picked":"Self Repair","floor":4.0},{"not_picked":["Steam","Sweeping Beam"],"picked":"Conserve Battery","floor":5.0},{"not_picked":["Steam Power","Stack"],"picked":"Hyperbeam","floor":8.0},{"not_picked":["Barrage","Conserve Battery"],"picked":"Capacitor","floor":10.0},{"not_picked":["Redo","Steam"],"picked":"Recycle","floor":11.0},{"not_picked":["Hologram","Tempest"],"picked":"Amplify","floor":12.0},{"not_picked":["All For One","Amplify"],"picked":"Machine Learning","floor":16.0},{"not_picked":["Cold Snap","Ball Lightning"],"picked":"Fusion","floor":18}],"player_experience":458890,"relics_obtained":[{"floor":8.0,"key":"Meat on the Bone"},{"floor":9.0,"key":"Art of War"}],"event_choices":[{"damage_healed":0.0,"max_hp_gain":0.0,"max_hp_loss":0.0,"gold_gain":75.0,"event_name":"World of Goop","player_choice":"Gather Gold","floor":2.0,"gold_loss":0.0,"damage_taken":11.0},{"cards_removed":["Strike_B"],"damage_healed":0.0,"max_hp_gain":0.0,"max_hp_loss":0.0,"gold_gain":0.0,"event_name":"Bonfire Elementals","player_choice":"Offered Basic","floor":7.0,"gold_loss":0.0,"damage_taken":0.0},{"damage_healed":20.0,"max_hp_gain":0.0,"max_hp_loss":0.0,"gold_gain":0.0,"event_name":"The Cleric","player_choice":"Healed","floor":14.0,"gold_loss":35.0,"damage_taken":0.0},{"damage_healed":0,"gold_gain":0,"player_choice":"Fought Bandits","damage_taken":0,"max_hp_gain":0,"max_hp_loss":0,"event_name":"Masked Bandits","floor":19,"gold_loss":0}],"is_beta":false,"boss_relics":[{"not_picked":["Calling Bell","Snecko Eye"],"picked":"Runic Pyramid"}],"items_purged_floors":[],"is_endless":false,"potions_floor_spawned":[1,10,12,16],"killed_by":"Masked Bandits","ascension_level":8}