{"gold_per_floor":[112,112,130,130,55,90,106,124,147,181,201,241,298,298],"floor_reached":14,"playtime":346,"items_purged":["Pain"],"score":216,"play_id":"9565d8b9-4828-44ae-957c-a3d1a3c88a97","local_time":"20181225182734","is_ascension_mode":true,"campfire_choices":[],"neow_cost":"NONE","seed_source_timestamp":171232460068571,"circlet_count":0,"master_deck":["AscendersBane","Strike_B","Strike_B","Strike_B","Strike_B","Defend_B","Defend_B","Defend_B","Defend_B","Zap","Dualcast","Scrape","Gash","Streamline","Hologram","Rebound","Sunder","Coolheaded","Seek"],"relics":["Cracked Core","NeowsBlessing","WarpedTongs","Golden Idol","Regal Pillow","DataDisk","Ancient Tea Set","Happy Flower"],"potions_floor_usage":[14],"damage_taken":[{"damage":0,"enemies":"Jaw Worm","floor":1,"turns":1},{"damage":0,"enemies":"Cultist","floor":3,"turns":1},{"damage":0,"enemies":"Lagavulin","floor":6,"turns":1},{"damage":6,"enemies":"2 Louse","floor":7,"turns":3},{"damage":12,"enemies":"2 Fungi Beasts","floor":8,"turns":3},{"damage":18,"enemies":"Gremlin Nob","floor":10,"turns":4},{"damage":13,"enemies":"3 Louse","floor":11,"turns":2},{"damage":16,"enemies":"3 Sentries","floor":12,"turns":7},{"damage":3,"enemies":"Lots of Slimes","floor":14,"turns":1}],"seed_played":"2936792376523363076","potions_obtained":[{"floor":1,"key":"Dexterity Potion"},{"floor":6,"key":"GamblersBrew"}],"is_trial":false,"path_per_floor":["M","?","M","?","$","E","M","M","T","E","M","E","?","M"],"character_chosen":"DEFECT","items_purchased":[],"campfire_rested":0,"item_purchase_floors":[],"current_hp_per_floor":[68,68,68,68,68,68,62,50,50,32,19,3,3,0],"gold":298,"neow_bonus":"THREE_ENEMY_KILL","is_prod":false,"is_daily":false,"chose_seed":false,"campfire_upgraded":0,"win_rate":0,"timestamp":1545780454,"path_taken":["M","?","?","?","$","E","M","M","T","E","M","E","?","M"],"build_version":"2018-12-20","purchased_purges":1,"victory":false,"max_hp_per_floor":[75,75,75,69,69,69,69,69,69,69,69,69,69,69],"card_choices":[{"not_picked":["BootSequence","Reinforced Body"],"picked":"Scrape","floor":1},{"not_picked":["Heatsinks","Beam Cell"],"picked":"Gash","floor":3},{"not_picked":["Tempest","Steam Power"],"picked":"Streamline","floor":6},{"not_picked":["Compile Driver","Recycle"],"picked":"Hologram","floor":7},{"not_picked":["Ball Lightning","Blizzard"],"picked":"Rebound","floor":8},{"not_picked":["Reinforced Body","Biased Cognition"],"picked":"Sunder","floor":10},{"not_picked":["Steam","White Noise"],"picked":"Coolheaded","floor":11},{"not_picked":["Self Repair","Redo"],"picked":"Seek","floor":12}],"player_experience":402731,"relics_obtained":[{"floor":6,"key":"Regal Pillow"},{"floor":9,"key":"DataDisk"},{"floor":10,"key":"Ancient Tea Set"},{"floor":12,"key":"Happy Flower"}],"event_choices":[{"damage_healed":0,"gold_gain":0,"player_choice":"Rummage","damage_taken":0,"relics_obtained":["WarpedTongs"],"max_hp_gain":0,"max_hp_loss":0,"event_name":"Accursed Blacksmith","floor":2,"gold_loss":0,"cards_obtained":["Pain"]},{"damage_healed":0,"gold_gain":0,"player_choice":"Lose Max HP","damage_taken":0,"relics_obtained":["Golden Idol"],"max_hp_gain":0,"max_hp_loss":6,"event_name":"Golden Idol","floor":4,"gold_loss":0},{"damage_healed":0,"gold_gain":57,"player_choice":"Gained Gold","damage_taken":0,"max_hp_gain":0,"max_hp_loss":0,"event_name":"Golden Wing","floor":13,"gold_loss":0}],"is_beta":false,"boss_relics":[],"items_purged_floors":[5],"is_endless":false,"potions_floor_spawned":[1,6,11,12],"killed_by":"Lots of Slimes","ascension_level":12}