{"gold_per_floor":[116,116,18,18,36,36,46,46,46,71,101,121,134,62,62,62],"floor_reached":16,"playtime":1065,"items_purged":[],"score":100,"play_id":"8f134e69-46d6-48e9-971a-8a16aeca3f9c","local_time":"20190203134949","is_ascension_mode":false,"campfire_choices":[{"floor":6,"key":"REST"},{"data":"Footwork","floor":8,"key":"SMITH"},{"floor":15,"key":"REST"}],"neow_cost":"NONE","seed_source_timestamp":279409784683529,"circlet_count":0,"master_deck":["Defend_G","Defend_G","Defend_G","Defend_G","Defend_G","Strike_G","Strike_G","Strike_G","Strike_G","Survivor","Neutralize+1","Deflect+1","Dagger Throw","Outmaneuver","Acrobatics","Footwork+1","Leg Sweep","Predator","Tools of the Trade"],"relics":["Lizard Tail","Blood Vial","Omamori"],"potions_floor_usage":[10,16],"damage_taken":[{"damage":5,"enemies":"Cultist","floor":1,"turns":5},{"damage":0,"enemies":"2 Louse","floor":5,"turns":5},{"damage":0,"enemies":"Jaw Worm","floor":7,"turns":5},{"damage":23,"enemies":"Gremlin Nob","floor":10,"turns":6},{"damage":3,"enemies":"Gremlin Gang","floor":12,"turns":11},{"damage":3,"enemies":"Looter","floor":13,"turns":5},{"damage":111,"enemies":"Hexaghost","floor":16,"turns":28}],"seed_played":"-4959724981834850550","potions_obtained":[{"floor":5,"key":"Fire Potion"},{"floor":12,"key":"EssenceOfSteel"}],"is_trial":false,"path_per_floor":["M","?","$","?","M","R","M","R","T","E","?","M","M","$","R","B"],"character_chosen":"THE_SILENT","items_purchased":["Dagger Throw","Outmaneuver","Tools of the Trade"],"campfire_rested":2,"item_purchase_floors":[3,3,14],"current_hp_per_floor":[65,65,65,51,51,70,70,70,70,47,47,46,45,45,66,0],"gold":62,"neow_bonus":"BOSS_RELIC","is_prod":false,"is_daily":false,"chose_seed":false,"campfire_upgraded":1,"win_rate":0,"timestamp":1549219789,"path_taken":["M","?","?","?","M","R","M","R","T","E","?","M","M","$","R","BOSS"],"build_version":"2019-01-23","purchased_purges":0,"victory":false,"max_hp_per_floor":[70,70,70,70,70,70,70,70,70,70,70,70,70,70,70,70],"card_choices":[{"not_picked":["Deadly Poison","Expertise"],"picked":"Deflect","floor":1},{"not_picked":["Crippling Poison","Quick Slash"],"picked":"Acrobatics","floor":5},{"not_picked":["Flechettes","Masterful Stab"],"picked":"Footwork","floor":7},{"not_picked":["Crippling Poison","Outmaneuver","Acrobatics"],"picked":"SKIP","floor":10},{"not_picked":["Backflip","Bane"],"picked":"Leg Sweep","floor":12},{"not_picked":["Sucker Punch","Dagger Spray"],"picked":"Predator","floor":13}],"player_experience":140127,"relics_obtained":[{"floor":9,"key":"Blood Vial"},{"floor":10,"key":"Omamori"}],"event_choices":[{"cards_removed":["Strike_G"],"damage_healed":0,"gold_gain":0,"player_choice":"Offered Basic","damage_taken":0,"max_hp_gain":0,"max_hp_loss":0,"event_name":"Bonfire Elementals","floor":2,"gold_loss":0},{"damage_healed":0,"gold_gain":0,"player_choice":"Entered Light","damage_taken":14,"max_hp_gain":0,"max_hp_loss":0,"event_name":"Shining Light","floor":4,"gold_loss":0,"cards_upgraded":["Neutralize","Deflect"]},{"damage_healed":0,"gold_gain":30,"player_choice":"Searched \u00271\u0027 times","damage_taken":0,"max_hp_gain":0,"max_hp_loss":0,"event_name":"Dead Adventurer","floor":11,"gold_loss":0}],"is_beta":false,"boss_relics":[],"items_purged_floors":[],"is_endless":false,"potions_floor_spawned":[5,12],"killed_by":"Hexaghost","ascension_level":0}