{"gold_per_floor":[110,130,130,142,170,182,205,247,284,329,53,53,63,90,90,192,192,205,205,218,218,235,235,262,262,262,262,317,317,333,353,353,452,452,469,75,95,0,0,0,18,38,38,38,38,48,48,48,48,48],"floor_reached":51,"playtime":4930,"items_purged":["Strike_B"],"score":1133,"play_id":"2d2db8b5-9ca2-4e3d-9793-738a2e92486c","local_time":"20190207214523","is_ascension_mode":true,"campfire_choices":[{"data":"Seek","floor":6,"key":"SMITH"},{"data":"Dualcast","floor":12,"key":"SMITH"},{"data":"Loop","floor":15,"key":"SMITH"},{"data":"Amplify","floor":23,"key":"SMITH"},{"data":"Buffer","floor":25,"key":"SMITH"},{"data":"Consume","floor":27,"key":"SMITH"},{"data":"Capacitor","floor":29,"key":"SMITH"},{"data":"Reinforced Body","floor":32,"key":"SMITH"},{"data":"Multi-Cast","floor":40,"key":"SMITH"},{"data":"Coolheaded","floor":45,"key":"SMITH"},{"data":"Skim","floor":49,"key":"SMITH"}],"neow_cost":"NONE","seed_source_timestamp":606682494641072,"circlet_count":0,"master_deck":["AscendersBane","Strike_B","Defend_B+1","Defend_B+1","Defend_B","Defend_B","Zap+1","Dualcast+1","Seek+1","Sweeping Beam","Self Repair","Cold Snap","Ball Lightning","Steam","Amplify+1","Loop+1","Reinforced Body+1","Buffer+1","Steam+1","Seek+1","Stack+1","Consume+1","Capacitor+1","Streamline+1","Hologram+1","Ball Lightning+1","Skim+1","Multi-Cast+1","Coolheaded+1","Capacitor","Glacier","Go for the Eyes+1","Melter+1"],"relics":["Cracked Core","MawBank","War Paint","Regal Pillow","Smiling Mask","Ginger","PreservedInsect","Nuclear Battery","Pocketwatch","Bottled Lightning","Tiny Chest","Cursed Key","Cables","Red Mask"],"potions_floor_usage":[8,16,16,20,24,24,50,50],"damage_taken":[{"damage":1,"enemies":"Cultist","floor":1,"turns":3},{"damage":0,"enemies":"2 Louse","floor":2,"turns":2},{"damage":2,"enemies":"Jaw Worm","floor":5,"turns":3},{"damage":3,"enemies":"Exordium Wildlife","floor":7,"turns":4},{"damage":7,"enemies":"3 Sentries","floor":8,"turns":7},{"damage":20,"enemies":"Gremlin Nob","floor":10,"turns":4},{"damage":0,"enemies":"Red Slaver","floor":13,"turns":3},{"damage":6,"enemies":"Lagavulin","floor":14,"turns":6},{"damage":39,"enemies":"Hexaghost","floor":16,"turns":10},{"damage":22,"enemies":"Chosen","floor":18,"turns":7},{"damage":12,"enemies":"3 Byrds","floor":20,"turns":6},{"damage":7,"enemies":"Snecko","floor":22,"turns":7},{"damage":15,"enemies":"Book of Stabbing","floor":24,"turns":4},{"damage":5,"enemies":"Slavers","floor":28,"turns":5},{"damage":24,"enemies":"Shelled Parasite and Fungi","floor":30,"turns":7},{"damage":0,"enemies":"Centurion and Healer","floor":31,"turns":6},{"damage":0,"enemies":"Champ","floor":33,"turns":8},{"damage":0,"enemies":"3 Shapes","floor":35,"turns":6},{"damage":0,"enemies":"3 Darklings","floor":37,"turns":6},{"damage":0,"enemies":"Spire Growth","floor":41,"turns":6},{"damage":22,"enemies":"Sphere and 2 Shapes","floor":42,"turns":5},{"damage":0,"enemies":"Writhing Mass","floor":46,"turns":9},{"damage":0,"enemies":"Time Eater","floor":50,"turns":12}],"seed_played":"-375313559129505245","potions_obtained":[{"floor":2,"key":"SkillPotion"},{"floor":7,"key":"Swift Potion"},{"floor":8,"key":"GamblersBrew"},{"floor":13,"key":"LiquidBronze"},{"floor":18,"key":"SkillPotion"},{"floor":22,"key":"PowerPotion"},{"floor":33,"key":"Ancient Potion"},{"floor":41,"key":"GamblersBrew"},{"floor":42,"key":"Dexterity Potion"}],"is_trial":false,"path_per_floor":["M","M","?","?","M","R","M","E","T","E","$","R","M","E","R","B",null,"M","?","M","?","M","R","E","R","T","R","E","R","M","M","R","B",null,"M","$","M","?","T","R","M","M","T","?","R","M","T","T","R","B",null],"character_chosen":"DEFECT","items_purchased":["Ginger","Coolheaded","Cables","Capacitor"],"campfire_rested":0,"item_purchase_floors":[11,36,36,36],"current_hp_per_floor":[67,67,60,60,65,65,69,69,69,56,56,56,70,71,71,39,66,51,51,53,53,60,60,59,59,59,59,61,61,51,65,65,72,74,75,75,75,75,75,75,75,53,53,53,53,67,67,67,67,71],"gold":48,"neow_bonus":"ONE_RANDOM_RARE_CARD","is_prod":false,"is_daily":false,"chose_seed":false,"campfire_upgraded":11,"win_rate":0,"timestamp":1549604723,"path_taken":["M","?","?","?","M","R","M","E","T","E","?","R","?","E","R","BOSS","M","?","?","?","M","R","E","R","T","R","E","R","M","M","R","BOSS","M","$","M","?","?","R","M","?","T","?","R","M","?","?","R","BOSS"],"build_version":"2019-01-23","purchased_purges":1,"victory":true,"max_hp_per_floor":[75,75,75,75,75,75,75,75,75,75,75,75,75,75,75,75,75,75,75,75,75,75,75,75,75,75,75,75,75,75,75,75,75,75,75,75,75,75,75,75,75,75,75,71,71,71,71,71,71,71],"card_choices":[{"not_picked":["Rebound","Cold Snap"],"picked":"Sweeping Beam","floor":1},{"not_picked":["Turbo","Beam Cell"],"picked":"Self Repair","floor":2},{"not_picked":["Steam","Fusion"],"picked":"Cold Snap","floor":5},{"not_picked":["Beam Cell","Conserve Battery"],"picked":"Ball Lightning","floor":7},{"not_picked":["Reprogram","Barrage"],"picked":"Steam","floor":8},{"not_picked":["Gash","Barrage"],"picked":"Amplify","floor":10},{"not_picked":["Rip and Tear","Static Discharge"],"picked":"Loop","floor":13},{"not_picked":["Leap","Stack"],"picked":"Reinforced Body","floor":14},{"not_picked":["Rainbow","Hyperbeam"],"picked":"Buffer","floor":16},{"not_picked":["Redo","FTL+1"],"picked":"Steam+1","floor":18},{"not_picked":["Cold Snap","Steam"],"picked":"Stack+1","floor":20},{"not_picked":["Aggregate","Turbo"],"picked":"Streamline+1","floor":22},{"not_picked":["FTL","Leap"],"picked":"Hologram+1","floor":24},{"not_picked":["Leap","Scrape"],"picked":"Ball Lightning+1","floor":28},{"not_picked":["Gash","FTL"],"picked":"Skim","floor":30},{"not_picked":["Steam","Blizzard","Turbo"],"picked":"SKIP","floor":31},{"not_picked":["Hyperbeam","Rainbow"],"picked":"Multi-Cast","floor":33},{"not_picked":["Compile Driver+1","Consume","Auto Shields"],"picked":"SKIP","floor":35},{"not_picked":["Coolheaded","Cold Snap"],"picked":"Glacier","floor":37},{"not_picked":["Sweeping Beam+1","Reinforced Body","Sunder"],"picked":"SKIP","floor":41},{"not_picked":["Lockon+1","Streamline+1"],"picked":"Go for the Eyes+1","floor":42},{"not_picked":["Chill","Scrape+1"],"picked":"Melter+1","floor":46}],"player_experience":497704,"relics_obtained":[{"floor":8,"key":"War Paint"},{"floor":9,"key":"Regal Pillow"},{"floor":10,"key":"Smiling Mask"},{"floor":14,"key":"PreservedInsect"},{"floor":24,"key":"Pocketwatch"},{"floor":26,"key":"Bottled Lightning"},{"floor":28,"key":"Tiny Chest"}],"event_choices":[{"damage_healed":0,"gold_gain":0,"player_choice":"Success","damage_taken":7,"relics_obtained":["MawBank"],"max_hp_gain":0,"max_hp_loss":0,"event_name":"Scrap Ooze","floor":3,"gold_loss":0},{"damage_healed":0,"gold_gain":0,"player_choice":"Grow","damage_taken":0,"max_hp_gain":0,"max_hp_loss":0,"event_name":"Living Wall","floor":4,"gold_loss":0,"cards_upgraded":["Zap"]},{"damage_healed":0,"gold_gain":0,"player_choice":"Copied","damage_taken":0,"max_hp_gain":0,"max_hp_loss":0,"event_name":"Duplicator","floor":19,"gold_loss":0,"cards_obtained":["Seek"]},{"damage_healed":0,"gold_gain":0,"cards_transformed":["Strike_B","Strike_B"],"player_choice":"Became Test Subject","damage_taken":0,"max_hp_gain":0,"max_hp_loss":0,"event_name":"Drug Dealer","floor":21,"gold_loss":0,"cards_obtained":["Consume","Capacitor"]},{"damage_healed":0,"gold_gain":0,"player_choice":"Paid","damage_taken":0,"relics_obtained":["Red Mask"],"max_hp_gain":0,"max_hp_loss":0,"event_name":"Tomb of Lord Red Mask","floor":38,"gold_loss":95},{"damage_healed":0,"gold_gain":0,"player_choice":"Max HP","damage_taken":0,"max_hp_gain":0,"max_hp_loss":4,"event_name":"Winding Halls","floor":44,"gold_loss":0}],"is_beta":false,"boss_relics":[{"not_picked":["Calling Bell","Runic Pyramid"],"picked":"Nuclear Battery"},{"not_picked":["Runic Dome","Empty Cage"],"picked":"Cursed Key"}],"items_purged_floors":[36],"is_endless":false,"potions_floor_spawned":[2,7,8,13,18,22,33,41,42],"ascension_level":10}