{"gold_per_floor":[119,119,136,60,135,165,179,354,378,378,378,406,406,210,210,315,315,332,351,351,364,364,364],"floor_reached":23,"playtime":798,"items_purged":[],"score":222,"play_id":"3305dad0-ae97-41b2-88da-2e88c60420e4","local_time":"20190127154809","is_ascension_mode":false,"campfire_choices":[{"floor":11,"key":"RECALL"},{"floor":13,"key":"REST"},{"data":"Leap","floor":15,"key":"SMITH"}],"neow_cost":"NONE","seed_source_timestamp":83879481545348,"circlet_count":0,"master_deck":["Strike_B","Strike_B","Strike_B","Strike_B","Defend_B","Defend_B","Defend_B","Defend_B","Zap","Dualcast+1","Ball Lightning","Loop","Doubt","Electrodynamics","Consume","Leap+1","Self Repair","Leap"],"relics":["Cracked Core","NeowsBlessing","Regal Pillow","Juzu Bracelet","Torii","Inserter"],"potions_floor_usage":[16,16,21,23],"damage_taken":[{"damage":0,"enemies":"Jaw Worm","floor":1,"turns":1},{"damage":0,"enemies":"Small Slimes","floor":3,"turns":1},{"damage":0,"enemies":"Gremlin Nob","floor":6,"turns":1},{"damage":1,"enemies":"2 Louse","floor":7,"turns":2},{"damage":43,"enemies":"3 Sentries","floor":12,"turns":7},{"damage":33,"enemies":"The Guardian","floor":16,"turns":8},{"damage":20,"enemies":"Spheric Guardian","floor":18,"turns":4},{"damage":16,"enemies":"Shell Parasite","floor":19,"turns":7},{"damage":14,"enemies":"Sentry and Sphere","floor":21,"turns":6},{"damage":84,"enemies":"Book of Stabbing","floor":23,"turns":7}],"seed_played":"8831367437142919737","potions_obtained":[{"floor":3,"key":"Dexterity Potion"},{"floor":7,"key":"Poison Potion"},{"floor":12,"key":"LiquidBronze"},{"floor":16,"key":"Poison Potion"}],"is_trial":false,"path_per_floor":["M","?","M","$","?","E","M","?","T","?","R","E","R","$","R","B",null,"M","M","?","M","?","E"],"character_chosen":"DEFECT","items_purchased":["Capacitor","Consume","Leap","Self Repair"],"campfire_rested":1,"item_purchase_floors":[4,14,14,14],"current_hp_per_floor":[75,75,75,75,64,64,63,63,63,63,63,20,57,57,57,24,75,62,53,39,32,80,0],"gold":364,"neow_bonus":"THREE_ENEMY_KILL","is_prod":false,"is_daily":false,"chose_seed":false,"campfire_upgraded":1,"win_rate":0,"timestamp":1548622089,"path_taken":["M","?","M","$","?","E","M","?","T","?","R","E","R","?","R","BOSS","M","M","?","M","?","E"],"build_version":"2019-01-23","purchased_purges":0,"victory":false,"max_hp_per_floor":[75,75,75,75,75,75,75,75,75,75,75,75,75,75,75,75,75,75,75,80,80,80,80],"card_choices":[{"not_picked":["White Noise","Sunder"],"picked":"Ball Lightning","floor":1},{"not_picked":["Fusion","Turbo","Compile Driver"],"picked":"SKIP","floor":3},{"not_picked":["Rebound","Gash"],"picked":"Loop","floor":6},{"not_picked":["Turbo","Coolheaded","Recycle"],"picked":"SKIP","floor":7},{"not_picked":["Heatsinks","Tempest"],"picked":"Electrodynamics","floor":12},{"not_picked":["Double Energy+1","Doom and Gloom","Compile Driver"],"picked":"SKIP","floor":18},{"not_picked":["Ball Lightning","All For One"],"picked":"Leap","floor":19},{"not_picked":["Steam","Cold Snap","Scrape"],"picked":"SKIP","floor":21}],"player_experience":126426,"relics_obtained":[{"floor":6,"key":"Regal Pillow"},{"floor":9,"key":"Juzu Bracelet"},{"floor":12,"key":"Torii"}],"event_choices":[{"damage_healed":0,"gold_gain":0,"player_choice":"Grow","damage_taken":0,"max_hp_gain":0,"max_hp_loss":0,"event_name":"Living Wall","floor":2,"gold_loss":0,"cards_upgraded":["Dualcast"]},{"damage_healed":0,"gold_gain":75,"player_choice":"Gather Gold","damage_taken":11,"max_hp_gain":0,"max_hp_loss":0,"event_name":"World of Goop","floor":5,"gold_loss":0},{"damage_healed":0,"gold_gain":175,"player_choice":"AGREE","damage_taken":0,"max_hp_gain":0,"max_hp_loss":0,"event_name":"Liars Game","floor":8,"gold_loss":0,"cards_obtained":["Doubt"]},{"damage_healed":0,"gold_gain":0,"player_choice":"Ignored","damage_taken":0,"max_hp_gain":0,"max_hp_loss":0,"event_name":"Golden Wing","floor":10,"gold_loss":0},{"damage_healed":0,"gold_gain":0,"player_choice":"Shed Blood","damage_taken":19,"max_hp_gain":5,"max_hp_loss":0,"event_name":"Forgotten Altar","floor":20,"gold_loss":0},{"cards_removed":["Capacitor"],"damage_healed":48,"gold_gain":0,"player_choice":"Offered Uncommon","damage_taken":0,"max_hp_gain":0,"max_hp_loss":0,"event_name":"Bonfire Elementals","floor":22,"gold_loss":0}],"is_beta":false,"boss_relics":[{"not_picked":["Busted Crown","Philosopher\u0027s Stone"],"picked":"Inserter"}],"items_purged_floors":[],"is_endless":false,"potions_floor_spawned":[3,7,12,16],"killed_by":"Book of Stabbing","ascension_level":0}