{"gold_per_floor":[110,125,136,136,153,179,179,196,196,213,233,233,249,249,249,350,350,324,334,350,13,33,33,33],"floor_reached":24,"playtime":2202,"items_purged":["Strike_R"],"score":204,"play_id":"5c4cf000-6b17-4864-8458-5e0fdb2f3ec6","local_time":"20181226110152","is_ascension_mode":false,"campfire_choices":[{"data":"Armaments","floor":7,"key":"SMITH"},{"data":"Rampage","floor":15,"key":"SMITH"},{"data":"Fiend Fire","floor":23,"key":"SMITH"}],"neow_cost":"NONE","seed_source_timestamp":11091185311986,"circlet_count":0,"master_deck":["Strike_R","Strike_R","Strike_R","Strike_R","Defend_R","Defend_R","Defend_R","Defend_R","Bash","Clothesline","Searing Blow","Armaments+1","Rampage+1","Fiend Fire+1","Body Slam","Intimidate","Infernal Blade","Strike_B","Feed","Dual Wield","Shrug It Off+1","Carnage+1","Disarm"],"relics":["Burning Blood","NeowsBlessing","Bag of Preparation","Charon\u0027s Ashes","Blood Vial","Mark of Pain","Matryoshka"],"potions_floor_usage":[],"damage_taken":[{"damage":0,"enemies":"Cultist","floor":1,"turns":1},{"damage":0,"enemies":"Jaw Worm","floor":2,"turns":1},{"damage":0,"enemies":"Small Slimes","floor":3,"turns":1},{"damage":26,"enemies":"Gremlin Gang","floor":5,"turns":12},{"damage":17,"enemies":"Lagavulin","floor":6,"turns":8},{"damage":11,"enemies":"Red Slaver","floor":8,"turns":4},{"damage":0,"enemies":"Looter","floor":10,"turns":1},{"damage":8,"enemies":"Large Slime","floor":11,"turns":6},{"damage":0,"enemies":"3 Louse","floor":13,"turns":2},{"damage":50,"enemies":"Slime Boss","floor":16,"turns":15},{"damage":25,"enemies":"2 Thieves","floor":18,"turns":5},{"damage":6,"enemies":"Chosen","floor":19,"turns":3},{"damage":9,"enemies":"3 Cultists","floor":20,"turns":4},{"damage":13,"enemies":"Centurion and Healer","floor":22,"turns":6},{"damage":73,"enemies":"Gremlin Leader","floor":24,"turns":4}],"seed_played":"2187567355560326314","potions_obtained":[{"floor":5,"key":"Swift Potion"},{"floor":8,"key":"Fire Potion"},{"floor":11,"key":"EntropicBrew"}],"is_trial":false,"path_per_floor":["M","M","M","?","M","E","R","M","T","M","M","T","M","?","R","B",null,"M","M","M","$","M","R","E"],"character_chosen":"IRONCLAD","items_purchased":["Matryoshka"],"campfire_rested":0,"item_purchase_floors":[21],"current_hp_per_floor":[80,80,80,80,60,49,49,44,44,50,48,48,56,56,56,14,80,61,66,68,68,63,63,0],"gold":33,"neow_bonus":"THREE_ENEMY_KILL","is_prod":false,"is_daily":false,"chose_seed":false,"campfire_upgraded":3,"win_rate":0.0,"timestamp":1545818512,"path_taken":["M","M","M","?","?","E","R","M","T","?","M","?","M","?","R","BOSS","M","?","M","$","M","R","E"],"build_version":"2018-12-20","purchased_purges":1,"victory":false,"max_hp_per_floor":[80,80,80,80,80,80,80,80,80,80,80,80,80,80,80,80,80,80,83,86,86,86,86,86],"card_choices":[{"not_picked":["Clash","Flex"],"picked":"Clothesline","floor":1},{"not_picked":["Twin Strike","Headbutt"],"picked":"Searing Blow","floor":2},{"not_picked":["Headbutt","Warcry"],"picked":"Armaments","floor":3},{"not_picked":["Flame Barrier","Hemokinesis"],"picked":"Rampage","floor":5},{"not_picked":["Clothesline","Combust"],"picked":"Fiend Fire","floor":6},{"not_picked":["Twin Strike","Flame Barrier"],"picked":"Body Slam","floor":8},{"not_picked":["Thunderclap","Burning Pact"],"picked":"Intimidate","floor":10},{"not_picked":["Heavy Blade","Anger"],"picked":"Infernal Blade","floor":11},{"not_picked":["Pommel Strike","Dropkick"],"picked":"Armaments","floor":13},{"not_picked":["Demon Form","Offering"],"picked":"Feed","floor":16},{"not_picked":["Heavy Blade","Sword Boomerang"],"picked":"Dual Wield","floor":18},{"not_picked":["Rupture","Bloodletting"],"picked":"Shrug It Off+1","floor":19},{"not_picked":["Thunderclap","Anger"],"picked":"Carnage+1","floor":20},{"not_picked":["Intimidate","Anger"],"picked":"Disarm","floor":22}],"player_experience":48809,"relics_obtained":[{"floor":6,"key":"Bag of Preparation"},{"floor":9,"key":"Charon\u0027s Ashes"},{"floor":12,"key":"Blood Vial"}],"event_choices":[{"damage_healed":0,"gold_gain":0,"player_choice":"Bought 0 Potions","damage_taken":0,"max_hp_gain":0,"max_hp_loss":0,"event_name":"The Woman in Blue","floor":4,"gold_loss":0},{"cards_removed":["Armaments"],"damage_healed":0,"gold_gain":0,"player_choice":"Took Card","damage_taken":0,"max_hp_gain":0,"max_hp_loss":0,"event_name":"NoteForYourself","floor":14,"gold_loss":0,"cards_obtained":["Strike_B"]}],"is_beta":false,"boss_relics":[{"not_picked":["Eternal Feather","Velvet Choker"],"picked":"Mark of Pain"}],"items_purged_floors":[21],"is_endless":false,"potions_floor_spawned":[5,8,11,16,18,22],"killed_by":"Gremlin Leader","ascension_level":0}