{"gold_per_floor":[219,237,15,31,48,73,73,107,107,137,312,312],"floor_reached":12,"playtime":758,"items_purged":[],"score":113,"play_id":"44cdd4ac-6c0c-4a2d-8276-135dcba1542e","local_time":"20190206151012","is_ascension_mode":true,"campfire_choices":[{"data":"Body Slam","floor":7,"key":"SMITH"}],"neow_cost":"NONE","seed_source_timestamp":323040300351153,"circlet_count":0,"master_deck":["Strike_R","Strike_R","Strike_R","Strike_R","Strike_R","Defend_R","Defend_R","Defend_R","Defend_R","Bash","Sword Boomerang","Rupture","Exhume","Body Slam+1","Shrug It Off","Armaments","Spot Weakness","Doubt"],"relics":["Burning Blood","PreservedInsect","Pear","Frozen Egg 2","Bottled Flame","Gremlin Horn"],"potions_floor_usage":[6,10],"damage_taken":[{"damage":7,"enemies":"Jaw Worm","floor":1,"turns":3},{"damage":0,"enemies":"Small Slimes","floor":2,"turns":3},{"damage":6,"enemies":"Cultist","floor":4,"turns":4},{"damage":36,"enemies":"Exordium Wildlife","floor":5,"turns":5},{"damage":25,"enemies":"Lagavulin","floor":6,"turns":7},{"damage":16,"enemies":"Gremlin Nob","floor":8,"turns":3},{"damage":14,"enemies":"3 Sentries","floor":10,"turns":8},{"damage":32,"enemies":"Lagavulin Event","floor":12,"turns":5}],"seed_played":"-84039733058902147","potions_obtained":[{"floor":2,"key":"FearPotion"},{"floor":8,"key":"SkillPotion"}],"is_trial":false,"path_per_floor":["M","M","$","M","M","E","R","E","T","E","?","?"],"character_chosen":"IRONCLAD","items_purchased":["PreservedInsect","Exhume"],"campfire_rested":0,"item_purchase_floors":[3,3],"current_hp_per_floor":[79,80,80,80,50,41,41,31,31,23,23,0],"gold":312,"neow_bonus":"HUNDRED_GOLD","is_prod":false,"is_daily":false,"chose_seed":false,"campfire_upgraded":1,"win_rate":0,"timestamp":1549483812,"path_taken":["M","M","$","M","M","E","R","E","T","E","?","?"],"build_version":"2019-01-23","purchased_purges":0,"victory":false,"max_hp_per_floor":[80,80,80,80,80,90,90,90,90,90,90,90],"card_choices":[{"not_picked":["Warcry","Pommel Strike"],"picked":"Sword Boomerang","floor":1},{"not_picked":["Twin Strike","Perfected Strike"],"picked":"Rupture","floor":2},{"not_picked":["Headbutt","Pummel"],"picked":"Body Slam","floor":4},{"not_picked":["Body Slam","Sword Boomerang"],"picked":"Shrug It Off","floor":5},{"not_picked":["Havoc","Thunderclap","Warcry"],"picked":"SKIP","floor":6},{"not_picked":["Clash","Seeing Red"],"picked":"Armaments","floor":8},{"not_picked":["Perfected Strike","Warcry"],"picked":"Spot Weakness","floor":10}],"player_experience":197298,"relics_obtained":[{"floor":6,"key":"Pear"},{"floor":8,"key":"Frozen Egg 2"},{"floor":9,"key":"Bottled Flame"},{"floor":10,"key":"Gremlin Horn"}],"event_choices":[{"damage_healed":0,"gold_gain":175,"player_choice":"AGREE","damage_taken":0,"max_hp_gain":0,"max_hp_loss":0,"event_name":"Liars Game","floor":11,"gold_loss":0,"cards_obtained":["Doubt"]},{"damage_healed":0,"gold_gain":0,"player_choice":"Searched \u00271\u0027 times","damage_taken":0,"max_hp_gain":0,"max_hp_loss":0,"event_name":"Dead Adventurer","floor":12,"gold_loss":0}],"is_beta":false,"boss_relics":[],"items_purged_floors":[],"is_endless":false,"potions_floor_spawned":[2,8],"killed_by":"Lagavulin Event","ascension_level":3}