{"gold_per_floor":[109,121,121,121,121,121,162,162,213,400,436,463,156,179,179,310,310,326,251,251],"floor_reached":20,"playtime":649,"items_purged":["Doubt"],"score":236,"play_id":"ef7913cb-c297-480a-ba5e-16168e0a0cb6","local_time":"20181202180253","is_ascension_mode":true,"campfire_choices":[{"data":"Dualcast","floor":6,"key":"SMITH"},{"data":"Streamline","floor":15,"key":"SMITH"}],"neow_cost":"NONE","seed_source_timestamp":162065498180848,"circlet_count":0,"master_deck":["Strike_B","Strike_B","Strike_B","Defend_B","Defend_B","Defend_B","Defend_B","Zap","Dualcast+1","Chill","Gash+1","Streamline+1","Go for the Eyes","Sweeping Beam","Ball Lightning","Core Surge","Self Repair+1"],"relics":["Cracked Core","NeowsBlessing","Golden Idol","Dream Catcher","Bottled Flame","MawBank","Frozen Egg 2","Cursed Key"],"potions_floor_usage":[20,20],"damage_taken":[{"damage":0,"enemies":"Small Slimes","floor":1,"turns":1},{"damage":0,"enemies":"2 Louse","floor":2,"turns":1},{"damage":0,"enemies":"Gremlin Nob","floor":7,"turns":1},{"damage":2,"enemies":"Jaw Worm","floor":11,"turns":3},{"damage":4,"enemies":"Exordium Wildlife","floor":12,"turns":3},{"damage":3,"enemies":"Looter","floor":14,"turns":2},{"damage":23,"enemies":"Slime Boss","floor":16,"turns":8},{"damage":7,"enemies":"Chosen","floor":18,"turns":4},{"damage":52,"enemies":"Colosseum Slavers","floor":20,"turns":5},{"damage":31,"enemies":"Colosseum Nobs","floor":20,"turns":2}],"seed_played":"2769132547847741004","potions_obtained":[{"floor":1,"key":"SpeedPotion"},{"floor":7,"key":"SteroidPotion"},{"floor":14,"key":"Regen Potion"}],"is_trial":false,"path_per_floor":["M","M","?","?","?","R","E","?","T","?","M","M","$","M","R","B",null,"M","?","?"],"character_chosen":"DEFECT","items_purchased":["Frozen Egg 2"],"campfire_rested":0,"item_purchase_floors":[13],"current_hp_per_floor":[75,75,75,69,69,69,69,62,62,62,60,56,56,53,53,30,69,62,62,0],"gold":251,"neow_bonus":"THREE_ENEMY_KILL","is_prod":false,"is_daily":false,"chose_seed":false,"campfire_upgraded":2,"win_rate":0,"timestamp":1543791773,"path_taken":["M","M","?","?","?","R","E","?","T","?","M","M","?","?","R","BOSS","M","?","?"],"build_version":"2018-11-15","purchased_purges":1,"victory":false,"max_hp_per_floor":[75,75,75,69,69,69,69,69,69,69,69,69,69,69,69,69,69,69,69,69],"card_choices":[{"not_picked":["Fusion","Stack"],"picked":"Chill","floor":1},{"not_picked":["Coolheaded","Steam"],"picked":"Gash","floor":2},{"not_picked":["Capacitor","White Noise"],"picked":"Streamline","floor":7},{"not_picked":["Leap","Force Field"],"picked":"Go for the Eyes","floor":11},{"not_picked":["Loop","Coolheaded"],"picked":"Sweeping Beam","floor":12},{"not_picked":["Barrage","Sweeping Beam"],"picked":"Ball Lightning","floor":14},{"not_picked":["Multi-Cast","Seek"],"picked":"Core Surge","floor":16},{"not_picked":["Skim","White Noise"],"picked":"Self Repair+1","floor":18}],"player_experience":236205,"relics_obtained":[{"floor":7,"key":"Bottled Flame"},{"floor":9,"key":"MawBank"}],"event_choices":[{"damage_healed":0,"gold_gain":0,"player_choice":"Grow","damage_taken":0,"max_hp_gain":0,"max_hp_loss":0,"event_name":"Living Wall","floor":3,"gold_loss":0,"cards_upgraded":["Gash"]},{"damage_healed":0,"gold_gain":0,"player_choice":"Lose Max HP","damage_taken":0,"relics_obtained":["Golden Idol"],"max_hp_gain":0,"max_hp_loss":6,"event_name":"Golden Idol","floor":4,"gold_loss":0},{"damage_healed":0,"gold_gain":0,"player_choice":"Box","damage_taken":0,"relics_obtained":["Dream Catcher"],"max_hp_gain":0,"max_hp_loss":0,"event_name":"Big Fish","floor":5,"gold_loss":0,"cards_obtained":["Regret"]},{"cards_removed":["Regret"],"damage_healed":0,"gold_gain":0,"player_choice":"Card Removal","damage_taken":7,"max_hp_gain":0,"max_hp_loss":0,"event_name":"Golden Wing","floor":8,"gold_loss":0},{"damage_healed":0,"gold_gain":175,"player_choice":"AGREE","damage_taken":0,"max_hp_gain":0,"max_hp_loss":0,"event_name":"Liars Game","floor":10,"gold_loss":0,"cards_obtained":["Doubt"]},{"cards_removed":["Strike_B"],"damage_healed":0,"gold_gain":0,"player_choice":"Gave Gold","damage_taken":0,"max_hp_gain":0,"max_hp_loss":0,"event_name":"Beggar","floor":19,"gold_loss":75},{"damage_healed":0,"gold_gain":0,"player_choice":"Fight","damage_taken":0,"max_hp_gain":0,"max_hp_loss":0,"event_name":"Colosseum","floor":20,"gold_loss":0},{"damage_healed":0,"gold_gain":0,"player_choice":"Fought Nobs","damage_taken":0,"max_hp_gain":0,"max_hp_loss":0,"event_name":"Colosseum","floor":20,"gold_loss":0}],"is_beta":false,"boss_relics":[{"not_picked":["Calling Bell","Ectoplasm"],"picked":"Cursed Key"}],"items_purged_floors":[13],"is_endless":false,"potions_floor_spawned":[1,7,14],"killed_by":"Colosseum Nobs","ascension_level":4}