{"gold_per_floor":[117,129,142,159,174,174,203,220,220,233,244,244,24,84,84,189,189,200,213,244,257,237,237,247,247],"floor_reached":25,"playtime":1642,"items_purged":[],"score":209,"play_id":"8c76887f-6619-4318-98fe-2caea64c59cf","local_time":"20190120175108","is_ascension_mode":false,"campfire_choices":[{"data":"Infinite Blades","floor":6,"key":"SMITH"},{"floor":12,"key":"REST"},{"floor":15,"key":"REST"},{"floor":23,"key":"REST"}],"neow_cost":"NONE","seed_source_timestamp":1593317457799933,"circlet_count":0,"master_deck":["Defend_G","Defend_G","Defend_G","Defend_G","Defend_G","Strike_G","Strike_G","Strike_G","Strike_G","Strike_G","Survivor","Neutralize","Prepared","Tactician","Infinite Blades+1","Flying Knee","Acrobatics","Calculated Gamble","Endless Agony","Concentrate","Backstab","Choke","Corpse Explosion","Dagger Throw+1","Infinite Blades+1","Skewer","Tactician","Acrobatics"],"relics":["Ring of the Snake","Strawberry","Pocketwatch","Du-Vu Doll","Art of War","Cursed Key","Red Mask"],"potions_floor_usage":[16,16,16,24],"damage_taken":[{"damage":5,"enemies":"Cultist","floor":1,"turns":4},{"damage":0,"enemies":"Small Slimes","floor":2,"turns":3},{"damage":9,"enemies":"Jaw Worm","floor":3,"turns":5},{"damage":0,"enemies":"Large Slime","floor":4,"turns":8},{"damage":12,"enemies":"Looter","floor":5,"turns":4},{"damage":31,"enemies":"Gremlin Nob","floor":7,"turns":6},{"damage":11,"enemies":"3 Louse","floor":8,"turns":4},{"damage":0,"enemies":"Large Slime","floor":10,"turns":6},{"damage":0,"enemies":"2 Fungi Beasts","floor":11,"turns":4},{"damage":51,"enemies":"Hexaghost","floor":16,"turns":13},{"damage":11,"enemies":"Chosen","floor":18,"turns":5},{"damage":11,"enemies":"Spheric Guardian","floor":19,"turns":4},{"damage":25,"enemies":"Masked Bandits","floor":20,"turns":4},{"damage":11,"enemies":"3 Cultists","floor":21,"turns":3},{"damage":17,"enemies":"Snecko","floor":24,"turns":4},{"damage":42,"enemies":"Slavers","floor":25,"turns":2}],"seed_played":"4283796390517407119","potions_obtained":[{"floor":2,"key":"Poison Potion"},{"floor":7,"key":"Block Potion"},{"floor":8,"key":"EssenceOfSteel"},{"floor":16,"key":"GhostInAJar"},{"floor":18,"key":"FairyPotion"},{"floor":20,"key":"SpeedPotion"},{"floor":22,"key":"PowerPotion"}],"is_trial":false,"path_per_floor":["M","M","M","M","M","R","E","M","T","M","M","R","$","?","R","B",null,"M","M","?","M","?","R","M","E"],"character_chosen":"THE_SILENT","items_purchased":["Choke","Art of War"],"campfire_rested":3,"item_purchase_floors":[13,13],"current_hp_per_floor":[72,72,63,63,51,51,20,9,9,9,9,32,32,32,55,4,77,66,55,30,19,19,42,25,0],"gold":247,"neow_bonus":"RANDOM_COMMON_RELIC","is_prod":false,"is_daily":false,"chose_seed":false,"campfire_upgraded":1,"win_rate":0.0,"timestamp":1548003068,"path_taken":["M","M","M","M","?","R","E","M","T","M","?","R","?","?","R","BOSS","M","M","?","M","?","R","?","E"],"build_version":"2019-01-17v2","purchased_purges":0,"victory":false,"max_hp_per_floor":[77,77,77,77,77,77,77,77,77,77,77,77,77,77,77,77,77,77,77,77,77,77,77,77,77],"card_choices":[{"not_picked":["Deflect","Expertise"],"picked":"Prepared","floor":1},{"not_picked":["Poisoned Stab","Dash"],"picked":"Tactician","floor":2},{"not_picked":["Riddle With Holes","Dodge and Roll"],"picked":"Infinite Blades","floor":3},{"not_picked":["Bane","Deflect"],"picked":"Flying Knee","floor":4},{"not_picked":["Underhanded Strike","Deadly Poison"],"picked":"Acrobatics","floor":5},{"not_picked":["Skewer","Concentrate"],"picked":"Calculated Gamble","floor":7},{"not_picked":["Slice","Wraith Form v2"],"picked":"Endless Agony","floor":8},{"not_picked":["Poisoned Stab","Heel Hook"],"picked":"Concentrate","floor":10},{"not_picked":["Catalyst","Outmaneuver"],"picked":"Backstab","floor":11},{"not_picked":["Grand Finale","Unload"],"picked":"Corpse Explosion","floor":16},{"not_picked":["Flying Knee","Acrobatics"],"picked":"Dagger Throw+1","floor":18},{"not_picked":["Acrobatics+1","Blur"],"picked":"Infinite Blades+1","floor":19},{"not_picked":["Noxious Fumes","Deadly Poison"],"picked":"Skewer","floor":20},{"not_picked":["Footwork+1","Quick Slash"],"picked":"Tactician","floor":21},{"not_picked":["Bouncing Flask","PiercingWail"],"picked":"Acrobatics","floor":24}],"player_experience":211650,"relics_obtained":[{"floor":7,"key":"Pocketwatch"},{"floor":9,"key":"Du-Vu Doll"},{"floor":20,"key":"Red Mask"}],"event_choices":[{"damage_healed":0,"gold_gain":60,"player_choice":"Gained Gold","damage_taken":0,"max_hp_gain":0,"max_hp_loss":0,"event_name":"Golden Wing","floor":14,"gold_loss":0},{"damage_healed":0,"gold_gain":0,"player_choice":"Fought Bandits","damage_taken":0,"max_hp_gain":0,"max_hp_loss":0,"event_name":"Masked Bandits","floor":20,"gold_loss":0},{"damage_healed":0,"gold_gain":0,"player_choice":"Bought 1 Potion","damage_taken":0,"max_hp_gain":0,"max_hp_loss":0,"event_name":"The Woman in Blue","floor":22,"gold_loss":0}],"is_beta":false,"boss_relics":[{"not_picked":["Fusion Hammer","Ring of the Serpent"],"picked":"Cursed Key"}],"items_purged_floors":[],"is_endless":false,"potions_floor_spawned":[2,7,8,11,16,18,20],"killed_by":"Slavers","ascension_level":0}