{"gold_per_floor":[116,134,134,134,6,6,40,58,83,102,102,131,35,46,46,46],"floor_reached":16,"playtime":1498,"items_purged":[],"score":100,"play_id":"997d88cd-ad9e-452a-9e35-db04a8ba2d4d","local_time":"20190102001620","is_ascension_mode":false,"campfire_choices":[{"data":"Pommel Strike","floor":6,"key":"SMITH"},{"floor":15,"key":"REST"}],"neow_cost":"","seed_source_timestamp":0,"circlet_count":0,"master_deck":["Strike_R","Strike_R","Strike_R","Strike_R","Strike_R","Defend_R+1","Defend_R+1","Defend_R","Defend_R","Bash","Iron Wave","Armaments","Pommel Strike+1","Bludgeon","Sword Boomerang","Flame Barrier","Feel No Pain","Carnage","Impatience","Pummel"],"special_seed":0,"relics":["Burning Blood","PreservedInsect","Juzu Bracelet","Unceasing Top","Odd Mushroom"],"potions_floor_usage":[10],"damage_taken":[{"damage":0,"enemies":"2 Louse","floor":1,"turns":3},{"damage":1,"enemies":"Jaw Worm","floor":2,"turns":4},{"damage":49,"enemies":"Gremlin Nob","floor":7,"turns":6},{"damage":0,"enemies":"Small Slimes","floor":8,"turns":3},{"damage":0,"enemies":"Blue Slaver","floor":10,"turns":5},{"damage":17,"enemies":"The Mushroom Lair","floor":12,"turns":6},{"damage":11,"enemies":"2 Fungi Beasts","floor":14,"turns":3},{"damage":41,"enemies":"The Guardian","floor":16,"turns":6}],"seed_played":"-2359956945016557852","potions_obtained":[{"floor":2,"key":"Ancient Potion"},{"floor":8,"key":"Energy Potion"},{"floor":12,"key":"Energy Potion"},{"floor":14,"key":"EssenceOfSteel"}],"is_trial":false,"path_per_floor":["M","M","?","?","$","R","E","M","T","M","?","?","$","M","R","B"],"character_chosen":"IRONCLAD","items_purchased":["Pommel Strike","Bludgeon","Impatience"],"campfire_rested":1,"item_purchase_floors":[5,5,13],"current_hp_per_floor":[80,80,64,64,64,64,21,27,27,33,30,19,19,14,38,0],"gold":46,"neow_bonus":"","is_prod":false,"is_daily":false,"chose_seed":false,"campfire_upgraded":1,"win_rate":0.0,"timestamp":1546406180,"path_taken":["M","M","?","?","?","R","E","?","T","M","?","?","?","M","R","BOSS"],"build_version":"2018-12-20","purchased_purges":0,"victory":false,"max_hp_per_floor":[80,80,80,80,80,80,80,80,80,80,80,80,80,80,80,80],"card_choices":[{"not_picked":["Headbutt","Body Slam"],"picked":"Iron Wave","floor":1},{"not_picked":["Clothesline","Reckless Charge"],"picked":"Armaments","floor":2},{"not_picked":["Searing Blow","Clash"],"picked":"Sword Boomerang","floor":7},{"not_picked":["Clothesline","Sword Boomerang"],"picked":"Flame Barrier","floor":8},{"not_picked":["True Grit","Twin Strike"],"picked":"Feel No Pain","floor":10},{"not_picked":["Flame Barrier","Uppercut"],"picked":"Carnage","floor":12},{"not_picked":["Perfected Strike","Shrug It Off"],"picked":"Pummel","floor":14}],"player_experience":0,"relics_obtained":[{"floor":7,"key":"PreservedInsect"},{"floor":9,"key":"Juzu Bracelet"},{"floor":12,"key":"Odd Mushroom"}],"event_choices":[{"damage_healed":0,"gold_gain":0,"player_choice":"Entered Light","damage_taken":16,"max_hp_gain":0,"max_hp_loss":0,"event_name":"Shining Light","floor":3,"gold_loss":0,"cards_upgraded":["Defend_R","Defend_R"]},{"damage_healed":0,"gold_gain":0,"player_choice":"Ignored","damage_taken":0,"max_hp_gain":0,"max_hp_loss":0,"event_name":"Golden Wing","floor":4,"gold_loss":0},{"damage_healed":0,"gold_gain":0,"player_choice":"Success","damage_taken":3,"relics_obtained":["Unceasing Top"],"max_hp_gain":0,"max_hp_loss":0,"event_name":"Scrap Ooze","floor":11,"gold_loss":0},{"damage_healed":0,"gold_gain":0,"player_choice":"Fought Mushrooms","damage_taken":0,"max_hp_gain":0,"max_hp_loss":0,"event_name":"Mushrooms","floor":12,"gold_loss":0}],"is_beta":false,"boss_relics":[],"items_purged_floors":[],"is_endless":false,"potions_floor_spawned":[2,8,12,14],"killed_by":"The Guardian","ascension_level":0}