{"gold_per_floor":[112,112,37,37,57,57,82,82,136,161,176,176,208,236,236,334,334,351,367,81,81,99,99,115,143,215,225,50,50,50,64,64,167,167,177,187,187,112,130,130,157,167,246,257,272,272,288,288,288,288],"floor_reached":51,"playtime":3270,"items_purged":["Defend_R","Flex","Strike_R"],"score":822,"play_id":"dd984ee6-d7e1-443c-a5e5-e74abcacacc2","local_time":"20181010220149","is_ascension_mode":true,"campfire_choices":[{"data":"Thunderclap","floor":6,"key":"SMITH"},{"floor":8,"key":"REST"},{"floor":12,"key":"REST"},{"floor":15,"key":"REST"},{"data":"Uppercut","floor":23,"key":"SMITH"},{"data":"Demon Form","floor":30,"key":"SMITH"},{"data":"Clothesline","floor":32,"key":"SMITH"},{"data":"Shockwave","floor":40,"key":"SMITH"},{"data":"Spot Weakness","floor":46,"key":"SMITH"},{"data":"Limit Break","floor":49,"key":"SMITH"}],"neow_cost":"PERCENT_DAMAGE","seed_source_timestamp":71933837316547,"circlet_count":0,"master_deck":["Strike_R+1","Strike_R","Strike_R+1","Strike_R","Defend_R","Defend_R","Defend_R","Bash","Intimidate","Thunderclap+1","Spot Weakness+1","Pommel Strike","Warcry","Reaper","Uppercut+1","Ghostly","Ghostly","Ghostly","Ghostly","Ghostly","Shockwave+1","Entrench","Demon Form+1","Limit Break+1","Heavy Blade+1","Shockwave+1","Corruption","Barricade","Heavy Blade+1"],"relics":["Burning Blood","Nunchaku","WingedGreaves","Omamori","Red Skull","Du-Vu Doll","Ginger","Snecko Eye","Lantern","Paper Frog","Matryoshka","Strawberry","Molten Egg 2","Cursed Key","Blue Candle","Bag of Preparation","Meat on the Bone"],"potions_floor_usage":[13,13,18,25,25,33,45,50],"damage_taken":[{"damage":8,"enemies":"2 Louse","floor":1,"turns":2},{"damage":2,"enemies":"Small Slimes","floor":5,"turns":3},{"damage":35,"enemies":"3 Sentries","floor":7,"turns":8},{"damage":24,"enemies":"Gremlin Nob","floor":10,"turns":4},{"damage":0,"enemies":"Cultist","floor":11,"turns":2},{"damage":17,"enemies":"Lagavulin","floor":13,"turns":5},{"damage":8,"enemies":"3 Sentries","floor":14,"turns":4},{"damage":65,"enemies":"Slime Boss","floor":16,"turns":10},{"damage":7,"enemies":"Chosen","floor":18,"turns":4},{"damage":50,"enemies":"Spheric Guardian","floor":19,"turns":6},{"damage":13,"enemies":"Snake Plant","floor":22,"turns":4},{"damage":16,"enemies":"Centurion and Healer","floor":24,"turns":5},{"damage":7,"enemies":"Gremlin Leader","floor":25,"turns":6},{"damage":5,"enemies":"Chosen and Byrds","floor":27,"turns":5},{"damage":2,"enemies":"Snecko","floor":31,"turns":4},{"damage":48,"enemies":"Collector","floor":33,"turns":9},{"damage":5,"enemies":"Orb Walker","floor":35,"turns":5},{"damage":17,"enemies":"3 Darklings","floor":36,"turns":4},{"damage":13,"enemies":"4 Shapes","floor":39,"turns":4},{"damage":19,"enemies":"2 Orb Walkers","floor":41,"turns":5},{"damage":17,"enemies":"Maw","floor":42,"turns":7},{"damage":2,"enemies":"Reptomancer","floor":44,"turns":6},{"damage":7,"enemies":"Sphere and 2 Shapes","floor":45,"turns":4},{"damage":1,"enemies":"Spire Growth","floor":47,"turns":5},{"damage":4,"enemies":"Awakened One","floor":50,"turns":7}],"seed_played":"748678739188252570","potions_obtained":[{"floor":7,"key":"Dexterity Potion"},{"floor":10,"key":"PowerPotion"},{"floor":16,"key":"AttackPotion"},{"floor":19,"key":"Explosive Potion"},{"floor":24,"key":"Fire Potion"},{"floor":31,"key":"SkillPotion"},{"floor":35,"key":"Dexterity Potion"},{"floor":44,"key":"Fire Potion"}],"is_trial":false,"path_per_floor":["M","?","$","?","M","R","E","R","T","E","M","R","E","E","R","B",null,"M","M","$","?","M","R","M","E","T","M","$","T","R","M","R","B",null,"M","M","?","$","M","R","E","M","T","M","M","R","M","?","R","B"],"character_chosen":"IRONCLAD","items_purchased":["Uppercut","Lantern","Clothesline","Corruption"],"campfire_rested":3,"item_purchase_floors":[20,20,28,38],"current_hp_per_floor":[54,59,59,42,46,46,17,42,42,24,30,55,44,42,67,8,85,85,41,41,41,38,38,28,27,27,42,42,49,49,49,49,44,49,49,49,49,49,42,42,36,29,29,49,49,49,49,49,49,49],"gold":288,"neow_bonus":"ONE_RARE_RELIC","is_prod":false,"is_daily":false,"chose_seed":false,"campfire_upgraded":7,"win_rate":0,"timestamp":1539223309,"path_taken":["M","?","$","?","M","R","E","R","T","E","?","R","E","E","R","BOSS","M","M","$","?","M","R","M","E","T","M","$","?","R","?","R","BOSS","M","M","?","?","M","R","E","M","T","M","M","R","M","?","R","BOSS"],"build_version":"2018-10-04v2","purchased_purges":3,"victory":true,"max_hp_per_floor":[80,85,85,85,85,85,85,85,85,85,85,85,85,85,85,85,85,85,85,85,42,42,42,42,42,42,42,42,49,49,49,49,49,49,49,49,49,49,49,49,49,49,49,49,49,49,49,49,49,49],"card_choices":[{"not_picked":["Clash","Disarm"],"picked":"Intimidate","floor":1},{"not_picked":["Twin Strike","Anger"],"picked":"Thunderclap","floor":5},{"not_picked":["Demon Form","Whirlwind"],"picked":"Spot Weakness","floor":7},{"not_picked":["Warcry","Reckless Charge","Sword Boomerang"],"picked":"SKIP","floor":10},{"not_picked":["Bloodletting","Hemokinesis"],"picked":"Pommel Strike","floor":11},{"not_picked":["Feel No Pain","Pummel"],"picked":"Flex","floor":13},{"not_picked":["Iron Wave","Juggernaut"],"picked":"Warcry","floor":14},{"not_picked":["Bludgeon","Barricade"],"picked":"Reaper","floor":16},{"not_picked":["Clash+1","Flex+1","Feel No Pain"],"picked":"SKIP","floor":18},{"not_picked":["Shrug It Off","Armaments","Iron Wave"],"picked":"SKIP","floor":19},{"not_picked":["Body Slam+1","Thunderclap"],"picked":"Shockwave","floor":22},{"not_picked":["Twin Strike","Combust+1"],"picked":"Entrench","floor":24},{"not_picked":["Rampage","Rupture"],"picked":"Demon Form","floor":25},{"not_picked":["Warcry+1","Havoc","Pummel"],"picked":"SKIP","floor":27},{"not_picked":["Anger+1","Pommel Strike+1","True Grit"],"picked":"SKIP","floor":31},{"not_picked":["Brutality","Berserk"],"picked":"Limit Break","floor":33},{"not_picked":["Reckless Charge+1","Wild Strike+1"],"picked":"Heavy Blade+1","floor":35},{"not_picked":["Twin Strike+1","Wild Strike+1"],"picked":"Shockwave+1","floor":36},{"not_picked":["Warcry+1","Thunderclap+1","Body Slam+1"],"picked":"SKIP","floor":39},{"not_picked":["Thunderclap+1","Whirlwind+1","Clash+1"],"picked":"SKIP","floor":41},{"not_picked":["Clothesline+1","Seeing Red+1"],"picked":"Barricade","floor":42},{"not_picked":["Metallicize+1","Armaments+1","Dropkick+1"],"picked":"SKIP","floor":44},{"not_picked":["Power Through+1","Burning Pact"],"picked":"Heavy Blade+1","floor":45},{"not_picked":["Armaments","Twin Strike+1","Ghostly Armor"],"picked":"SKIP","floor":47}],"player_experience":243746,"relics_obtained":[{"floor":7,"key":"WingedGreaves"},{"floor":9,"key":"Omamori"},{"floor":10,"key":"Red Skull"},{"floor":13,"key":"Du-Vu Doll"},{"floor":14,"key":"Ginger"},{"floor":25,"key":"Paper Frog"},{"floor":26,"key":"Matryoshka"},{"floor":29,"key":"Strawberry"},{"floor":29,"key":"Molten Egg 2"},{"floor":41,"key":"Blue Candle"},{"floor":43,"key":"Bag of Preparation"},{"floor":43,"key":"Meat on the Bone"}],"event_choices":[{"event_name":"Big Fish","player_choice":"Donut","floor":2,"damage_taken":0},{"event_name":"Shining Light","player_choice":"Entered Light","floor":4,"damage_taken":0},{"event_name":"Ghosts","player_choice":"Became a Ghost","floor":21,"damage_taken":0},{"event_name":"SensoryStone","player_choice":"Memory 1","floor":37,"damage_taken":0},{"event_name":"Falling","player_choice":"Removed Attack","floor":48,"damage_taken":0}],"is_beta":false,"boss_relics":[{"not_picked":["Eternal Feather","Pandora\u0027s Box"],"picked":"Snecko Eye"},{"not_picked":["Tiny House","Orrery"],"picked":"Cursed Key"}],"items_purged_floors":[3,20,28],"is_endless":false,"potions_floor_spawned":[7,10,16,19,24,31,35,44],"ascension_level":2}