{"gold_per_floor":[116,58,78,26,45,45,74,74,74,101,101,118,143,156,156,251,251,269,73,84,103,103],"floor_reached":22,"playtime":1689,"items_purged":["Strike_G"],"score":237,"play_id":"253088ae-5f97-4bb1-a89f-f139e998a21e","local_time":"20190206202405","is_ascension_mode":true,"campfire_choices":[{"floor":6,"key":"DIG"},{"floor":8,"key":"REST"},{"floor":11,"key":"DIG"},{"floor":15,"key":"REST"}],"neow_cost":"NONE","seed_source_timestamp":0,"circlet_count":0,"master_deck":["Defend_G","Defend_G","Defend_G","Defend_G","Defend_G","Strike_G","Strike_G","Strike_G","Strike_G","Survivor","Neutralize","Quick Slash","Cloak And Dagger","Bouncing Flask","Dash","PiercingWail","Deadly Poison","Night Terror","Cloak And Dagger","Venomology","Poisoned Stab","Well Laid Plans","Crippling Poison","Crippling Poison"],"special_seed":0,"relics":["Ring of the Serpent","NeowsBlessing","Shovel","Boot","Bird Faced Urn","Smiling Mask","Ice Cream","Vajra"],"potions_floor_usage":[7,16,18,20,20,21,22,22],"damage_taken":[{"damage":0,"enemies":"Small Slimes","floor":1,"turns":1},{"damage":0,"enemies":"Cultist","floor":3,"turns":1},{"damage":0,"enemies":"2 Louse","floor":5,"turns":1},{"damage":33,"enemies":"Lagavulin","floor":7,"turns":7},{"damage":11,"enemies":"3 Sentries","floor":10,"turns":7},{"damage":0,"enemies":"Looter","floor":12,"turns":3},{"damage":16,"enemies":"Gremlin Nob","floor":13,"turns":4},{"damage":5,"enemies":"Blue Slaver","floor":14,"turns":4},{"damage":43,"enemies":"Slime Boss","floor":16,"turns":11},{"damage":25,"enemies":"Shell Parasite","floor":18,"turns":7},{"damage":18,"enemies":"Chosen","floor":20,"turns":6},{"damage":26,"enemies":"Snecko","floor":21,"turns":6},{"damage":34,"enemies":"Chosen and Byrds","floor":22,"turns":8}],"seed_played":"4208497014972434701","potions_obtained":[{"floor":3,"key":"Fire Potion"},{"floor":13,"key":"GamblersBrew"},{"floor":14,"key":"Swift Potion"},{"floor":18,"key":"Regen Potion"}],"is_trial":false,"path_per_floor":["M","?","M","$","M","R","E","R","T","E","R","M","E","M","R","B",null,"M","$","M","M","M"],"character_chosen":"THE_SILENT","items_purchased":["Cloak And Dagger","Well Laid Plans","Crippling Poison"],"campfire_rested":2,"item_purchase_floors":[4,19,19],"current_hp_per_floor":[70,70,70,70,70,70,37,58,58,47,47,47,31,26,47,4,70,45,45,44,32,0],"gold":103,"neow_bonus":"THREE_ENEMY_KILL","is_prod":false,"is_daily":false,"chose_seed":false,"campfire_upgraded":0,"win_rate":0,"timestamp":1549502645,"path_taken":["M","?","M","$","M","R","E","R","T","E","R","M","E","M","R","BOSS","M","$","M","M","M"],"build_version":"2019-01-23","purchased_purges":1,"victory":false,"max_hp_per_floor":[70,70,70,70,70,70,70,70,70,70,70,70,70,70,70,70,70,70,70,70,70,70],"card_choices":[{"not_picked":["Prepared","Flechettes","Deflect"],"picked":"SKIP","floor":1},{"not_picked":["Deflect","Endless Agony"],"picked":"Quick Slash","floor":3},{"not_picked":["Leg Sweep","Distraction"],"picked":"Bouncing Flask","floor":5},{"not_picked":["Riddle With Holes","Distraction"],"picked":"Dash","floor":7},{"not_picked":["Dodge and Roll","Blade Dance"],"picked":"PiercingWail","floor":10},{"not_picked":["Outmaneuver","Flying Knee"],"picked":"Deadly Poison","floor":12},{"not_picked":["Distraction","Leg Sweep"],"picked":"Night Terror","floor":13},{"not_picked":["Backflip","Finisher"],"picked":"Cloak And Dagger","floor":14},{"not_picked":["Die Die Die","Doppelganger"],"picked":"Venomology","floor":16},{"not_picked":["Underhanded Strike+1","Quick Slash+1"],"picked":"Poisoned Stab","floor":18},{"not_picked":["Slice","Predator+1","Choke"],"picked":"SKIP","floor":20},{"not_picked":["Bane","Prepared"],"picked":"Crippling Poison","floor":21}],"player_experience":204157,"relics_obtained":[{"floor":6,"key":"Boot"},{"floor":7,"key":"Bird Faced Urn"},{"floor":10,"key":"Smiling Mask"},{"floor":11,"key":"Ice Cream"},{"floor":13,"key":"Vajra"}],"event_choices":[{"damage_healed":0,"gold_gain":0,"player_choice":"Paid Gold","damage_taken":0,"relics_obtained":["Shovel"],"max_hp_gain":0,"max_hp_loss":0,"event_name":"WeMeetAgain","floor":2,"gold_loss":58}],"is_beta":false,"boss_relics":[{"not_picked":["Eternal Feather","Cursed Key"],"picked":"Ring of the Serpent"}],"items_purged_floors":[19],"is_endless":false,"potions_floor_spawned":[3,13,14,18],"killed_by":"Chosen and Byrds","ascension_level":3}