{"gold_per_floor":[19,36,48,13,13,46,46,79,79,79,94,105,132,193,193,289,289,300,300,290,290,170,198,209,209,209,221,148,160,187,199,211,318,330,352,364],"floor_reached":36,"playtime":1092,"items_purged":["Defend_B"],"score":663,"play_id":"47a6ebe0-1cb2-494a-899a-c6c7c8efeb1e","local_time":"20181217164552","is_ascension_mode":true,"campfire_choices":[{"data":"Beam Cell","floor":7,"key":"SMITH"},{"data":"Zap","floor":10,"key":"SMITH"},{"floor":15,"key":"REST"},{"data":"1","floor":25,"key":"LIFT"},{"data":"2","floor":29,"key":"LIFT"},{"data":"3","floor":32,"key":"LIFT"}],"neow_cost":"NO_GOLD","seed_source_timestamp":264884447982946,"circlet_count":0,"master_deck":["AscendersBane","Defend_B+1","Defend_B","Defend_B","Zap+1","Dualcast+1","Ball Lightning","Beam Cell+1","Leap","Conserve Battery","Gash","Streamline","Gash","Coolheaded","Seek","Gash","Bite","Bite","Bite","Bite","Bite","FTL+1","Scrape","Go for the Eyes","Rebound","Hologram","FTL+1","Echo Form+1"],"relics":["Cracked Core","Ginger","NlothsMask","Mummified Hand","Pantograph","War Paint","Sozu","Girya","MawBank","Frozen Egg 2","Anchor","Busted Crown"],"potions_floor_usage":[23,33],"damage_taken":[{"damage":1,"enemies":"Cultist","floor":1,"turns":3},{"damage":11,"enemies":"2 Louse","floor":2,"turns":2},{"damage":3,"enemies":"Small Slimes","floor":3,"turns":2},{"damage":17,"enemies":"Gremlin Nob","floor":6,"turns":4},{"damage":19,"enemies":"Lagavulin","floor":8,"turns":5},{"damage":0,"enemies":"Exordium Wildlife","floor":11,"turns":3},{"damage":6,"enemies":"Gremlin Gang","floor":12,"turns":5},{"damage":18,"enemies":"3 Sentries","floor":13,"turns":6},{"damage":21,"enemies":"Slime Boss","floor":16,"turns":7},{"damage":18,"enemies":"Spheric Guardian","floor":18,"turns":4},{"damage":11,"enemies":"2 Thieves","floor":20,"turns":4},{"damage":0,"enemies":"Gremlin Leader","floor":23,"turns":8},{"damage":20,"enemies":"Centurion and Healer","floor":24,"turns":6},{"damage":12,"enemies":"Shelled Parasite and Fungi","floor":30,"turns":3},{"damage":53,"enemies":"Champ","floor":33,"turns":10},{"damage":15,"enemies":"3 Shapes","floor":35,"turns":4},{"damage":65,"enemies":"2 Orb Walkers","floor":36,"turns":5}],"seed_played":"2184125195411304959","potions_obtained":[{"floor":1,"key":"GamblersBrew"},{"floor":2,"key":"Strength Potion"},{"floor":12,"key":"EssenceOfSteel"}],"is_trial":false,"path_per_floor":["M","M","M","?","?","E","R","E","T","R","M","M","E","?","R","B",null,"M","?","M","?","$","E","M","R","T","?","?","R","M","T","R","B",null,"M","?"],"character_chosen":"DEFECT","items_purchased":["Go for the Eyes"],"campfire_rested":1,"item_purchase_floors":[22],"current_hp_per_floor":[67,56,53,71,71,54,54,35,35,35,35,29,11,11,33,37,66,48,48,47,47,47,52,42,42,42,42,42,42,36,36,36,13,42,37,0],"gold":364,"neow_bonus":"ONE_RARE_RELIC","is_prod":false,"is_daily":false,"chose_seed":false,"campfire_upgraded":2,"win_rate":0,"timestamp":1545083152,"path_taken":["M","M","?","?","?","E","R","E","T","R","?","M","E","?","R","BOSS","M","?","M","?","?","E","?","R","T","?","?","R","M","?","R","BOSS","M","?"],"build_version":"2018-12-13","purchased_purges":1,"victory":false,"max_hp_per_floor":[75,75,75,75,75,75,75,75,75,75,75,75,75,75,75,75,75,75,52,52,52,52,52,52,52,52,52,52,52,52,52,52,52,52,52,52],"card_choices":[{"not_picked":["Storm","Recycle"],"picked":"Ball Lightning","floor":1},{"not_picked":["Hologram","Chill"],"picked":"Beam Cell","floor":2},{"not_picked":["Beam Cell","Steam"],"picked":"Leap","floor":3},{"not_picked":["Rebound","Coolheaded"],"picked":"Conserve Battery","floor":6},{"not_picked":["Doom and Gloom","Skim"],"picked":"Gash","floor":8},{"not_picked":["Turbo","Redo"],"picked":"Streamline","floor":11},{"not_picked":["Echo Form","Sunder"],"picked":"Gash","floor":12},{"not_picked":["Biased Cognition","Beam Cell"],"picked":"Coolheaded","floor":13},{"not_picked":["Rainbow","Multi-Cast"],"picked":"Seek","floor":16},{"not_picked":["Rebound","Chill+1"],"picked":"Gash","floor":18},{"not_picked":["Ball Lightning","Sunder"],"picked":"FTL+1","floor":20},{"not_picked":["Conserve Battery","Capacitor+1"],"picked":"Rebound","floor":23},{"not_picked":["Ball Lightning","Tempest"],"picked":"Hologram","floor":24},{"not_picked":["Cold Snap","Recycle"],"picked":"FTL+1","floor":30},{"not_picked":["Seek","Thunder Strike"],"picked":"Echo Form+1","floor":33},{"not_picked":["Turbo+1"],"picked":"SKIP","floor":35}],"player_experience":359392,"relics_obtained":[{"floor":6,"key":"Mummified Hand"},{"floor":8,"key":"Pantograph"},{"floor":13,"key":"War Paint"},{"floor":23,"key":"Girya"},{"floor":26,"key":"MawBank"}],"event_choices":[{"damage_healed":18,"gold_gain":0,"player_choice":"Healed","damage_taken":0,"max_hp_gain":0,"max_hp_loss":0,"event_name":"The Cleric","floor":4,"gold_loss":35},{"damage_healed":0,"gold_gain":0,"player_choice":"Trade","damage_taken":0,"relics_obtained":["NlothsMask"],"max_hp_gain":0,"max_hp_loss":0,"event_name":"FaceTrader","floor":5,"gold_loss":0},{"damage_healed":0,"gold_gain":61,"player_choice":"Gained Gold","damage_taken":0,"max_hp_gain":0,"max_hp_loss":0,"event_name":"Golden Wing","floor":14,"gold_loss":0},{"damage_healed":0,"gold_gain":0,"player_choice":"Became a vampire","damage_taken":0,"max_hp_gain":0,"max_hp_loss":23,"event_name":"Vampires","floor":19,"gold_loss":0,"cards_obtained":["Bite","Bite","Bite","Bite","Bite"]},{"damage_healed":0,"gold_gain":0,"player_choice":"Read","damage_taken":0,"max_hp_gain":0,"max_hp_loss":0,"event_name":"The Library","floor":21,"gold_loss":0,"cards_obtained":["Scrape"]},{"damage_healed":0,"gold_gain":0,"player_choice":"Opened","damage_taken":0,"relics_obtained":["Frozen Egg 2"],"max_hp_gain":0,"max_hp_loss":0,"event_name":"The Mausoleum","floor":27,"gold_loss":0},{"damage_healed":0,"gold_gain":0,"player_choice":"Obtained Relic","damage_taken":0,"relics_obtained":["Anchor"],"max_hp_gain":0,"max_hp_loss":0,"event_name":"Addict","floor":28,"gold_loss":85},{"damage_healed":0,"gold_gain":0,"player_choice":"Fight","damage_taken":0,"max_hp_gain":0,"max_hp_loss":0,"event_name":"Mysterious Sphere","floor":36,"gold_loss":0}],"is_beta":false,"boss_relics":[{"not_picked":["Coffee Dripper","Fusion Hammer"],"picked":"Sozu"},{"not_picked":["White Beast Statue","Velvet Choker"],"picked":"Busted Crown"}],"items_purged_floors":[22],"is_endless":false,"potions_floor_spawned":[1,2,12,16,20,24,30],"killed_by":"2 Orb Walkers","ascension_level":10}