{"gold_per_floor":[154,229,229,264,279,279,314,329,354,354,369,96,131,131,131,231,231,266,301,316,137,137,187,15,50,75,75,75,90,120,135,135,255,255,270,370,385,385],"floor_reached":38,"playtime":1901,"items_purged":[],"score":660,"play_id":"eca403fa-9eb2-41ba-afc2-679f3acf1330","local_time":"20181123225053","daily_mods":["Allstar","Hoarder","Terminal"],"is_ascension_mode":false,"campfire_choices":[{"data":"Mind Blast","floor":6,"key":"SMITH"},{"floor":10,"key":"REST"},{"data":"Adrenaline","floor":15,"key":"SMITH"},{"data":"Noxious Fumes","floor":28,"key":"SMITH"},{"data":"Glass Knife","floor":32,"key":"SMITH"}],"neow_cost":"","seed_source_timestamp":498282140226765,"circlet_count":0,"master_deck":["Defend_G","Defend_G","Defend_G","Defend_G","Defend_G","Strike_G","Strike_G","Strike_G","Strike_G","Strike_G","Survivor","Neutralize","Violence","Violence","Violence","Thinking Ahead","Thinking Ahead","Thinking Ahead","Chrysalis","Chrysalis","Chrysalis","HandOfGreed","HandOfGreed","HandOfGreed","Mind Blast+1","Mind Blast+1","Terror","Terror","Terror","Flash of Steel","Flash of Steel","Flash of Steel","Prepared","Prepared","Prepared","Cloak And Dagger","Cloak And Dagger","Cloak And Dagger","Adrenaline","Adrenaline","Adrenaline+1","Deadly Poison","Deadly Poison","Deadly Poison","Prepared","Prepared","Prepared","Malaise","Malaise","Malaise","Escape Plan","Escape Plan","Escape Plan","Expertise+1","Expertise+1","Expertise+1","Panache","Panache","Panache","Adrenaline","Adrenaline","Adrenaline","Noxious Fumes","Noxious Fumes","Noxious Fumes+1","Deadly Poison+1","Deadly Poison+1","Deadly Poison+1","Regret","Regret","Regret","Backflip","Backflip","Backflip","Glass Knife","Glass Knife+1","Glass Knife","Distraction","Distraction","Distraction","Acrobatics+1","Acrobatics+1","Acrobatics+1","Flying Knee+1","Flying Knee+1","Flying Knee+1","Leg Sweep+1","Leg Sweep+1","Leg Sweep+1"],"special_seed":17859,"relics":["Ring of the Snake","Anchor","Pantograph","Cursed Key","Incense Burner","Pen Nib","Dream Catcher","Velvet Choker"],"potions_floor_usage":[16,16],"damage_taken":[{"damage":0,"enemies":"Small Slimes","floor":1,"turns":3},{"damage":6,"enemies":"Jaw Worm","floor":4,"turns":2},{"damage":0,"enemies":"Cultist","floor":5,"turns":2},{"damage":0,"enemies":"3 Louse","floor":7,"turns":2},{"damage":3,"enemies":"Exordium Wildlife","floor":8,"turns":2},{"damage":0,"enemies":"Red Slaver","floor":11,"turns":1},{"damage":0,"enemies":"Blue Slaver","floor":13,"turns":1},{"damage":19,"enemies":"The Guardian","floor":16,"turns":9},{"damage":0,"enemies":"Shell Parasite","floor":18,"turns":1},{"damage":0,"enemies":"3 Byrds","floor":19,"turns":4},{"damage":0,"enemies":"3 Cultists","floor":20,"turns":3},{"damage":0,"enemies":"Slavers","floor":23,"turns":2},{"damage":0,"enemies":"Shelled Parasite and Fungi","floor":25,"turns":1},{"damage":3,"enemies":"Centurion and Healer","floor":29,"turns":1},{"damage":0,"enemies":"Gremlin Leader","floor":30,"turns":1},{"damage":0,"enemies":"Sentry and Sphere","floor":31,"turns":1},{"damage":2,"enemies":"Automaton","floor":33,"turns":3},{"damage":30,"enemies":"3 Darklings","floor":35,"turns":7},{"damage":0,"enemies":"Orb Walker","floor":37,"turns":1},{"damage":7,"enemies":"3 Darklings","floor":38,"turns":2}],"seed_played":"-6046446197112950682","potions_obtained":[{"floor":1,"key":"FearPotion"},{"floor":5,"key":"FearPotion"},{"floor":8,"key":"Block Potion"},{"floor":16,"key":"Energy Potion"},{"floor":19,"key":"Poison Potion"}],"is_trial":false,"path_per_floor":["M","?","?","M","M","R","M","M","T","R","M","$","M","?","R","B",null,"M","M","M","$","?","E","$","M","T","?","R","M","E","M","R","B",null,"M","?","M","M"],"character_chosen":"THE_SILENT","items_purchased":["Deadly Poison","Pantograph","Panache","Adrenaline","Noxious Fumes"],"campfire_rested":1,"item_purchase_floors":[12,12,21,24,24],"current_hp_per_floor":[68,57,57,51,51,51,51,48,48,59,58,57,56,55,54,35,52,51,50,49,48,42,42,42,42,42,42,41,38,38,38,37,35,35,5,5,5,0],"gold":385,"neow_bonus":"","is_prod":false,"is_daily":true,"chose_seed":false,"campfire_upgraded":4,"win_rate":0,"timestamp":1543031453,"path_taken":["M","?","?","?","M","R","M","M","T","R","M","$","M","?","R","BOSS","M","M","M","$","?","E","$","?","T","?","R","M","E","M","R","BOSS","M","?","M","M"],"build_version":"2018-11-15","purchased_purges":0,"victory":false,"max_hp_per_floor":[68,67,66,65,64,63,62,61,60,59,58,57,56,55,54,53,52,51,50,49,48,47,46,45,44,43,42,41,40,39,38,37,36,35,34,33,32,32],"card_choices":[{"not_picked":["Leg Sweep","PiercingWail"],"picked":"Terror","floor":1},{"not_picked":["Underhanded Strike","Backflip"],"picked":"Prepared","floor":4},{"not_picked":["Catalyst","Dodge and Roll","All Out Attack"],"picked":"SKIP","floor":5},{"not_picked":["Backflip","Flying Knee"],"picked":"Cloak And Dagger","floor":7},{"not_picked":["Flechettes","Leg Sweep","Sucker Punch"],"picked":"SKIP","floor":8},{"not_picked":["Leg Sweep","Prepared"],"picked":"Adrenaline","floor":11},{"not_picked":["Dagger Throw","Predator"],"picked":"Prepared","floor":13},{"not_picked":["Bullet Time","Grand Finale"],"picked":"Malaise","floor":16},{"not_picked":["Dagger Throw","Deflect"],"picked":"Escape Plan","floor":18},{"not_picked":["Prepared+1","Acrobatics+1"],"picked":"Expertise+1","floor":19},{"not_picked":["Poisoned Stab","Infinite Blades","Cloak And Dagger"],"picked":"SKIP","floor":20},{"not_picked":["Concentrate","Flying Knee+1","Prepared"],"picked":"SKIP","floor":23},{"not_picked":["All Out Attack+1","Flechettes"],"picked":"Deadly Poison+1","floor":25},{"not_picked":["Dagger Spray","Sucker Punch"],"picked":"Glass Knife","floor":29},{"not_picked":["Leg Sweep","Outmaneuver+1"],"picked":"Distraction","floor":30},{"not_picked":["Riddle With Holes","Flying Knee"],"picked":"Acrobatics+1","floor":31},{"not_picked":["Bane+1","Underhanded Strike"],"picked":"Flying Knee+1","floor":35},{"not_picked":["Well Laid Plans+1","Acrobatics"],"picked":"Leg Sweep+1","floor":37}],"player_experience":623667,"relics_obtained":[{"floor":9,"key":"Anchor"},{"floor":23,"key":"Incense Burner"},{"floor":26,"key":"Pen Nib"},{"floor":30,"key":"Dream Catcher"}],"event_choices":[{"damage_healed":0,"gold_gain":75,"player_choice":"Gather Gold","damage_taken":11,"max_hp_gain":0,"max_hp_loss":0,"event_name":"World of Goop","floor":2,"gold_loss":0},{"damage_healed":0,"gold_gain":0,"cards_transformed":["Mind Blast"],"player_choice":"Transformed","damage_taken":0,"max_hp_gain":0,"max_hp_loss":0,"event_name":"Transmorgrifier","floor":3,"gold_loss":0,"cards_obtained":["Flash of Steel"]},{"damage_healed":0,"gold_gain":0,"player_choice":"Grow","damage_taken":0,"max_hp_gain":0,"max_hp_loss":0,"event_name":"Living Wall","floor":14,"gold_loss":0,"cards_upgraded":["Mind Blast"]},{"damage_healed":0,"gold_gain":0,"player_choice":"","damage_taken":6,"max_hp_gain":0,"max_hp_loss":0,"event_name":"Knowing Skull","floor":22,"potions_obtained":[],"gold_loss":0,"cards_obtained":[]},{"damage_healed":0,"gold_gain":0,"player_choice":"Read","damage_taken":0,"max_hp_gain":0,"max_hp_loss":0,"event_name":"The Library","floor":27,"gold_loss":0,"cards_obtained":["Backflip"]},{"damage_healed":0,"gold_gain":100,"player_choice":"Pray","damage_taken":0,"max_hp_gain":0,"max_hp_loss":0,"event_name":"Golden Shrine","floor":36,"gold_loss":0}],"is_beta":false,"boss_relics":[{"not_picked":["Busted Crown","Tiny House"],"picked":"Cursed Key"},{"not_picked":["White Beast Statue","Runic Dome"],"picked":"Velvet Choker"}],"items_purged_floors":[],"is_endless":false,"potions_floor_spawned":[1,5,8,16,19,23,25,31,35],"killed_by":"3 Darklings","ascension_level":0}