{"path_per_floor":["M","$","?","M","?","R","$","E","T","M","R","M","M","E","R","B",null,"M","M","M","$"],"character_chosen":"DEFECT","items_purchased":["Self Repair","Loop"],"gold_per_floor":[114,45,45,57,57,57,57,85,85,98,98,117,135,160,160,257,257,269,289,299,143,143],"floor_reached":22,"campfire_rested":0,"playtime":1447,"item_purchase_floors":[2,21],"current_hp_per_floor":[75,75,72,72,72,72,72,53,53,59,59,51,39,17,17,23,75,44,21,15,15,0],"items_purged":["Strike_B"],"gold":143,"score":196,"play_id":"5ef1c3ed-34b3-4d8d-a3a5-38d5c956f1d3","local_time":"20180528194209","is_prod":false,"is_daily":false,"chose_seed":false,"is_ascension_mode":false,"campfire_upgraded":3,"win_rate":0,"timestamp":1527504129,"campfire_choices":[{"data":"Zap","floor":6,"key":"SMITH"},{"data":"Redo","floor":11,"key":"SMITH"},{"data":"Loop","floor":15,"key":"SMITH"}],"path_taken":["M","$","?","M","?","R","$","E","T","M","R","?","M","E","R","BOSS","M","M","M","$","M"],"build_version":"2018-05-27","seed_source_timestamp":11513184875760,"purchased_purges":1,"victory":false,"master_deck":["Strike_B","Strike_B","Strike_B","Defend_B","Defend_B","Defend_B","Defend_B","Zap+1","Dualcast","White Noise","Self Repair","Redo+1","Capacitor","Ball Lightning","Redo","Aggregate","Loop+1","Rainbow","Hello World","Static Discharge","Redo","Loop"],"max_hp_per_floor":[75,75,75,75,75,75,75,75,75,75,75,75,75,75,75,75,75,75,80,80,80,80],"relics":["White Beast Statue","Omamori","Gremlin Horn","Pantograph","Bronze Scales","Philosopher\u0027s Stone"],"card_choices":[{"not_picked":["Sweeping Beam","Go for the Eyes"],"picked":"White Noise","floor":1},{"not_picked":["Consume","Sunder"],"picked":"Redo","floor":4},{"not_picked":["Compile Driver","Conserve Battery"],"picked":"Capacitor","floor":8},{"not_picked":["Compile Driver","White Noise"],"picked":"Ball Lightning","floor":10},{"not_picked":["Compile Driver","Cold Snap"],"picked":"Redo","floor":12},{"not_picked":["Rebound","Skim"],"picked":"Aggregate","floor":13},{"not_picked":["Reboot","Beam Cell"],"picked":"Loop","floor":14},{"not_picked":["Hyperbeam","Seek"],"picked":"Rainbow","floor":16},{"not_picked":["Cold Snap+1","Gash+1"],"picked":"Hello World","floor":18},{"not_picked":["Leap","Beam Cell"],"picked":"Static Discharge","floor":19},{"not_picked":["Beam Cell","Reinforced Body+1"],"picked":"Redo","floor":20}],"player_experience":177869,"potions_floor_usage":[8,12,13,14,16,16,18,19,20],"damage_taken":[{"damage":0,"enemies":"Small Slimes","floor":1,"turns":2},{"damage":0,"enemies":"2 Louse","floor":4,"turns":3},{"damage":26,"enemies":"Lagavulin","floor":8,"turns":5},{"damage":1,"enemies":"Cultist","floor":10,"turns":4},{"damage":15,"enemies":"Exordium Wildlife","floor":12,"turns":5},{"damage":19,"enemies":"Exordium Thugs","floor":13,"turns":4},{"damage":22,"enemies":"3 Sentries","floor":14,"turns":4},{"damage":26,"enemies":"Hexaghost","floor":16,"turns":7},{"damage":38,"enemies":"2 Thieves","floor":18,"turns":4},{"damage":35,"enemies":"Shell Parasite","floor":19,"turns":5},{"damage":28,"enemies":"Snecko","floor":20,"turns":6},{"damage":20,"enemies":"Chosen and Byrds","floor":22,"turns":2}],"relics_obtained":[{"floor":8,"key":"Gremlin Horn"},{"floor":9,"key":"Pantograph"},{"floor":14,"key":"Bronze Scales"}],"event_choices":[{"event_name":"Scrap Ooze","player_choice":"success","floor":3,"damage_taken":3},{"event_name":"The Lab","player_choice":"Got Potions","floor":5,"damage_taken":0}],"boss_relics":[{"not_picked":["Tiny House","Runic Dome"],"picked":"Philosopher\u0027s Stone"}],"items_purged_floors":[21],"potions_floor_spawned":[1,4,8,10,12,13,14,16,18,19,20],"seed_played":"-5403808496183513981","killed_by":"Chosen and Byrds","ascension_level":0,"potions_obtained":[{"floor":1,"key":"AttackPotion"},{"floor":4,"key":"PowerPotion"},{"floor":5,"key":"Block Potion"},{"floor":5,"key":"Fire Potion"},{"floor":8,"key":"PowerPotion"},{"floor":12,"key":"AttackPotion"},{"floor":13,"key":"Poison Potion"},{"floor":14,"key":"Swift Potion"},{"floor":16,"key":"Regen Potion"},{"floor":18,"key":"Fruit Juice"},{"floor":19,"key":"FearPotion"},{"floor":20,"key":"SteroidPotion"}],"is_trial":false}