{"path_per_floor":["M","?","?","M","M","E","R","E","T","M","M","T","R","M","R","B",null,"M","$","M","?","M","R","E","M","T","R","$","R","?","?","R","B",null,"M","?","?","M","M","R","M","R","T","M","M","R","?","M","R"],"character_chosen":"THE_SILENT","items_purchased":["Shovel"],"gold_per_floor":[114,114,114,133,149,184,184,219,219,239,250,275,275,295,295,399,399,399,87,12,12,12,12,12,12,12,12,12,12,12,12,12,12,12,12,12,12,12,12,12,12,12,12,12,12,12,12,12,12,12],"floor_reached":50,"campfire_rested":10,"playtime":4075,"current_hp_per_floor":[68,54,54,56,56,45,66,24,24,15,17,17,42,42,68,62,82,79,79,53,53,19,44,17,14,14,39,39,64,64,64,84,58,84,82,37,37,2,34,59,28,53,53,47,47,74,90,74,74,0],"items_purged":[],"gold":12,"score":499,"play_id":"fc401db7-929c-4f24-a1ca-d8c7260cc492","local_time":"20180331164800","is_prod":false,"is_daily":false,"is_ascension_mode":false,"campfire_upgraded":1,"timestamp":1522529280,"path_taken":["M","?","?","M","M","E","R","E","T","?","M","?","R","M","R","BOSS","M","$","M","?","M","R","E","M","T","R","$","R","?","?","R","BOSS","M","?","?","M","M","R","M","R","T","M","M","R","?","?","R","BOSS"],"build_version":"2018-03-29v2","purchased_purges":0,"victory":false,"master_deck":["Defend_G","Defend_G","Defend_G","Defend_G","Strike_G","Strike_G","Strike_G","Survivor+1","Neutralize+1","Distraction+1","Burst+1","All Out Attack+1","Outmaneuver","Flying Knee","Noxious Fumes","Dash","Tools of the Trade","Flying Knee+1","Outmaneuver+1","Die Die Die","Predator","All Out Attack","Dash","Slice+1","Noxious Fumes","Envenom+1","Blur+1","Masterful Stab+1","Dagger Spray+1","Blur","After Image","Deflect+1","All Out Attack+1","Writhe"],"max_hp_per_floor":[70,70,70,72,72,72,72,74,74,76,78,78,80,80,82,82,82,82,82,84,84,84,84,84,84,84,84,84,84,84,84,84,84,84,84,84,84,84,86,86,86,86,86,88,90,90,90,92,92,92],"relics":["Astrolabe","Singing Bowl","Unceasing Top","Dream Catcher","Ginger","Happy Flower","Ectoplasm","Shovel","Torii","Orichalcum","Lizard Tail","Old Coin","Smiling Mask"],"card_choices":[{"not_picked":["Quick Slash","Catalyst"],"picked":"Outmaneuver","floor":1},{"not_picked":["Dodge and Roll","Poisoned Stab"],"picked":"Flying Knee","floor":5},{"not_picked":["Heel Hook","Skewer"],"picked":"Noxious Fumes","floor":6},{"not_picked":["Skewer","Bane"],"picked":"Dash","floor":14},{"not_picked":["Die Die Die","Phantasmal Killer"],"picked":"Tools of the Trade","floor":16},{"not_picked":["Quick Slash","Skewer"],"picked":"Flying Knee","floor":18},{"not_picked":["Flechettes","Acrobatics"],"picked":"Outmaneuver","floor":22},{"not_picked":["Acrobatics","Sucker Punch"],"picked":"Die Die Die","floor":23},{"not_picked":["Adrenaline","Dagger Spray"],"picked":"Predator","floor":24},{"not_picked":["Underhanded Strike","Crippling Poison"],"picked":"All Out Attack","floor":25},{"not_picked":["Outmaneuver","Sucker Punch"],"picked":"Dash","floor":27},{"not_picked":["Heel Hook","Prepared"],"picked":"Slice","floor":29},{"not_picked":["All Out Attack","Accuracy"],"picked":"Noxious Fumes","floor":32},{"not_picked":["Bullet Time","Corpse Explosion"],"picked":"Envenom","floor":33},{"not_picked":["Dagger Spray","Flying Knee"],"picked":"Blur","floor":35},{"not_picked":["Predator","Cloak And Dagger"],"picked":"Masterful Stab","floor":36},{"not_picked":["Backflip","Sucker Punch"],"picked":"Dagger Spray","floor":38},{"not_picked":["Crippling Poison","Backstab"],"picked":"Blur","floor":40},{"not_picked":["Outmaneuver","Deadly Poison"],"picked":"After Image","floor":41},{"not_picked":["Bane","Quick Slash"],"picked":"Deflect","floor":42},{"not_picked":["Poisoned Stab","Dagger Spray"],"picked":"All Out Attack","floor":46}],"player_experience":65101,"potions_floor_usage":[8,11,16,16,33,38,38,39,48,50],"damage_taken":[{"damage":2,"enemies":"Small Slimes","floor":1,"turns":4},{"damage":0,"enemies":"Jaw Worm","floor":4,"turns":5},{"damage":0,"enemies":"2 Louse","floor":5,"turns":1},{"damage":11,"enemies":"Lagavulin","floor":6,"turns":7},{"damage":44,"enemies":"Gremlin Nob","floor":8,"turns":6},{"damage":11,"enemies":"Looter","floor":10,"turns":3},{"damage":0,"enemies":"Lots of Slimes","floor":11,"turns":3},{"damage":0,"enemies":"Exordium Wildlife","floor":14,"turns":2},{"damage":6,"enemies":"Hexaghost","floor":16,"turns":12},{"damage":3,"enemies":"Shell Parasite","floor":18,"turns":6},{"damage":28,"enemies":"2 Thieves","floor":20,"turns":4},{"damage":34,"enemies":"Cultist and Chosen","floor":22,"turns":9},{"damage":27,"enemies":"Book of Stabbing","floor":24,"turns":7},{"damage":3,"enemies":"Centurion and Healer","floor":25,"turns":7},{"damage":26,"enemies":"Automaton","floor":33,"turns":9},{"damage":2,"enemies":"Orb Walker","floor":35,"turns":3},{"damage":45,"enemies":"Mysterious Sphere","floor":36,"turns":7},{"damage":41,"enemies":"3 Darklings","floor":38,"turns":4},{"damage":12,"enemies":"Sphere and 2 Shapes","floor":39,"turns":4},{"damage":31,"enemies":"Maw","floor":41,"turns":7},{"damage":8,"enemies":"4 Shapes","floor":44,"turns":4},{"damage":2,"enemies":"3 Darklings","floor":45,"turns":5},{"damage":18,"enemies":"Sphere and 2 Shapes","floor":48,"turns":4},{"damage":88,"enemies":"Awakened One","floor":50,"turns":13}],"event_choices":[{"event_name":"Shining Light","player_choice":"Entered Light","floor":2,"damage_taken":0},{"event_name":"Big Fish","player_choice":"Box","floor":3,"damage_taken":0},{"event_name":"Ghosts","player_choice":"Ignored","floor":21,"damage_taken":0},{"event_name":"Beggar","player_choice":"Ignored","floor":30,"damage_taken":0},{"event_name":"Addict","player_choice":"Ignored","floor":31,"damage_taken":0},{"event_name":"Mysterious Sphere","player_choice":"Fight","floor":36,"damage_taken":0},{"event_name":"Fountain of Cleansing","player_choice":"Removed Curse","floor":37,"damage_taken":0},{"event_name":"Winding Halls","player_choice":"Writhe","floor":47,"damage_taken":0}],"boss_relics":[{"not_picked":["Snecko Eye","Cursed Key"],"picked":"Ectoplasm"},{"not_picked":["Philosopher\u0027s Stone","Black Star"],"picked":"Lizard Tail"}],"potions_floor_spawned":[5,8,10,14,24,25,36,38,44,45],"seed_played":"7959341849493567369","killed_by":"Awakened One","ascension_level":0,"is_trial":false}