{"gold_per_floor":[114,129,144,69,69,69,99,114,114,144,159,174,139,139,139,239,239,254,304,319,394,421,433,460,502,564,576,638,715,806,833,845,957,969,996,1158,1220,1247,136,166,166,266,341,371,371,643,658,233,233,233],"floor_reached":50,"playtime":5076,"items_purged":["Accuracy","Dropkick","Perfected Strike"],"score":630,"play_id":"1a592580-60dd-438d-8d8b-fa2ea57a2fb5","local_time":"20181130202747","daily_mods":["Insanity","Diverse","Lethality"],"is_ascension_mode":false,"campfire_choices":[{"data":"Armaments","floor":15,"key":"SMITH"},{"floor":23,"key":"REST"},{"floor":27,"key":"REST"},{"floor":32,"key":"REST"},{"floor":41,"key":"REST"},{"data":"Armaments","floor":45,"key":"SMITH"},{"floor":49,"key":"REST"}],"neow_cost":"","seed_source_timestamp":0,"circlet_count":0,"master_deck":["Aggregate","Acrobatics","Barrage","Chill","Leap","Glacier","Flying Knee","Burning Pact","Armaments+1","Reckless Charge","Sword Boomerang","Go for the Eyes","Rupture","Conserve Battery","Bloodletting","Anger","Genetic Algorithm","Chaos","Streamline","Rupture","Predator","Hemokinesis","Dash","Clash","Armaments+1","Stack","Clash","Sucker Punch","Twin Strike","Stack","Flying Knee","Dodge and Roll","Dagger Spray+1","Blade Dance","Clash","Finisher","Flechettes","Uppercut","Underhanded Strike","Auto Shields","Blood for Blood+1","Perfected Strike","Turbo","Dodge and Roll","Shrug It Off","Self Repair","True Grit","Inflame","Seek","Armaments","Malaise","Blizzard","White Noise","Setup+1","Hologram+1","Evolve","Conserve Battery","Zap","Dash+1","Cloak And Dagger+1","Inflame","Core Surge","Ball Lightning","Metallicize","Sadistic Nature","Bandage Up","Headbutt","Havoc+1","Spot Weakness","Master of Strategy","Hologram","Outmaneuver"],"special_seed":17865,"relics":["FrozenCore","Art of War","Letter Opener","Blue Candle","SsserpentHead","Sozu","MawBank","Vajra","Regal Pillow","Red Mask","Mango","Strange Spoon","Matryoshka","Dodecahedron","Du-Vu Doll","Happy Flower","Boot","Symbiotic Virus","Mercury Hourglass","Meat on the Bone","Membership Card","Whetstone"],"potions_floor_usage":[7,16,18,33],"damage_taken":[{"damage":3,"enemies":"Cultist","floor":1,"turns":2},{"damage":0,"enemies":"Small Slimes","floor":2,"turns":2},{"damage":13,"enemies":"Jaw Worm","floor":3,"turns":2},{"damage":6,"enemies":"Lagavulin","floor":7,"turns":5},{"damage":0,"enemies":"Blue Slaver","floor":8,"turns":3},{"damage":12,"enemies":"3 Sentries","floor":10,"turns":3},{"damage":9,"enemies":"Exordium Thugs","floor":11,"turns":3},{"damage":13,"enemies":"Looter","floor":12,"turns":2},{"damage":17,"enemies":"Slime Boss","floor":16,"turns":5},{"damage":2,"enemies":"Spheric Guardian","floor":18,"turns":3},{"damage":2,"enemies":"2 Thieves","floor":20,"turns":3},{"damage":28,"enemies":"Centurion and Healer","floor":22,"turns":4},{"damage":7,"enemies":"Snecko","floor":24,"turns":3},{"damage":33,"enemies":"Book of Stabbing","floor":25,"turns":4},{"damage":29,"enemies":"Snake Plant","floor":29,"turns":4},{"damage":0,"enemies":"Masked Bandits","floor":30,"turns":3},{"damage":16,"enemies":"Shelled Parasite and Fungi","floor":31,"turns":4},{"damage":69,"enemies":"Automaton","floor":33,"turns":9},{"damage":9,"enemies":"Orb Walker","floor":35,"turns":3},{"damage":4,"enemies":"Mind Bloom Boss Battle","floor":36,"turns":7},{"damage":10,"enemies":"3 Shapes","floor":38,"turns":3},{"damage":47,"enemies":"Giant Head","floor":40,"turns":9},{"damage":29,"enemies":"Nemesis","floor":44,"turns":5},{"damage":2,"enemies":"Spire Growth","floor":47,"turns":5},{"damage":93,"enemies":"Donu and Deca","floor":50,"turns":7}],"seed_played":"-379525432082753387","potions_obtained":[{"floor":1,"key":"Regen Potion"},{"floor":3,"key":"SteroidPotion"},{"floor":12,"key":"AttackPotion"},{"floor":16,"key":"Block Potion"}],"is_trial":false,"path_per_floor":["M","M","M","$","?","$","E","M","T","E","M","M","?","?","R","B",null,"M","?","M","T","M","R","M","E","T","R","?","M","?","M","R","B",null,"M","?","?","M","$","E","R","T","T","E","R","?","M","$","R","B"],"character_chosen":"DEFECT","items_purchased":["Strange Spoon","Sadistic Nature","Bandage Up","Matryoshka","Dodecahedron","Headbutt","Membership Card","Whetstone","Master of Strategy","Hologram","Outmaneuver"],"campfire_rested":5,"item_purchase_floors":[39,39,39,39,39,39,48,48,48,48,48],"current_hp_per_floor":[72,72,59,59,59,59,67,74,74,62,53,47,65,65,65,55,75,73,73,71,71,43,65,65,39,39,75,75,46,46,37,74,5,75,66,76,76,73,73,39,79,79,79,54,54,54,63,63,85,0],"gold":233,"neow_bonus":"","is_prod":false,"is_daily":true,"chose_seed":false,"campfire_upgraded":2,"win_rate":0,"timestamp":1543627667,"path_taken":["M","M","?","$","?","?","E","M","T","E","M","?","?","?","R","BOSS","M","?","M","?","M","R","M","E","T","R","?","?","?","M","R","BOSS","M","?","?","M","$","E","R","?","T","E","R","?","M","?","R","BOSS"],"build_version":"2018-11-15","purchased_purges":3,"victory":false,"max_hp_per_floor":[75,75,75,75,75,75,75,75,75,75,75,75,75,75,75,75,75,75,75,75,75,75,75,75,75,75,75,75,75,75,75,75,75,75,75,89,85,85,85,85,85,85,85,85,85,85,85,85,85,85],"card_choices":[{"not_picked":["Sword Boomerang","Warcry"],"picked":"Shrug It Off","floor":1},{"not_picked":["Redo","Leg Sweep"],"picked":"Self Repair","floor":2},{"not_picked":["Sucker Punch","Flying Knee","Stack"],"picked":"SKIP","floor":3},{"not_picked":["Scrape","Finisher"],"picked":"True Grit","floor":7},{"not_picked":["Evolve","Loop"],"picked":"Inflame","floor":8},{"not_picked":["Cloak And Dagger","Prepared","Lockon"],"picked":"SKIP","floor":10},{"not_picked":["Clothesline","Underhanded Strike"],"picked":"Seek","floor":11},{"not_picked":["Infernal Blade","Reprogram"],"picked":"Armaments","floor":12},{"not_picked":["Unload","Double Tap"],"picked":"Malaise","floor":16},{"not_picked":["Stack","Hologram","Tempest"],"picked":"SKIP","floor":18},{"not_picked":["Reckless Charge","True Grit","Dagger Throw"],"picked":"SKIP","floor":20},{"not_picked":["Loop+1","Feel No Pain+1"],"picked":"Setup+1","floor":22},{"not_picked":["Leap","Rebound+1"],"picked":"Hologram+1","floor":24},{"not_picked":["Stack","Expertise"],"picked":"Evolve","floor":25},{"not_picked":["Riddle With Holes","Compile Driver"],"picked":"Dash+1","floor":29},{"not_picked":["Sweeping Beam","Rainbow"],"picked":"Cloak And Dagger+1","floor":30},{"not_picked":["Glacier","Pommel Strike"],"picked":"Inflame","floor":31},{"not_picked":["Berserk","Brutality"],"picked":"Core Surge","floor":33},{"not_picked":["Predator","Skim+1"],"picked":"Ball Lightning","floor":35},{"not_picked":["Doppelganger","Dagger Throw"],"picked":"Metallicize","floor":38},{"not_picked":["All Out Attack+1","Capacitor+1"],"picked":"Havoc+1","floor":40},{"not_picked":["True Grit","Conserve Battery"],"picked":"Spot Weakness","floor":44},{"not_picked":["Blade Dance","Deflect+1","Masterful Stab"],"picked":"SKIP","floor":47}],"player_experience":662335,"relics_obtained":[{"floor":7,"key":"Art of War"},{"floor":9,"key":"Letter Opener"},{"floor":10,"key":"Blue Candle"},{"floor":21,"key":"MawBank"},{"floor":25,"key":"Vajra"},{"floor":26,"key":"Regal Pillow"},{"floor":30,"key":"Red Mask"},{"floor":36,"key":"Mango"},{"floor":40,"key":"Du-Vu Doll"},{"floor":42,"key":"Happy Flower"},{"floor":42,"key":"Boot"},{"floor":43,"key":"Symbiotic Virus"},{"floor":43,"key":"Mercury Hourglass"},{"floor":44,"key":"Meat on the Bone"}],"event_choices":[{"cards_removed":["Perfected Strike"],"damage_healed":0,"gold_gain":0,"player_choice":"Purged","damage_taken":0,"max_hp_gain":0,"max_hp_loss":0,"event_name":"Purifier","floor":5,"gold_loss":0},{"damage_healed":18,"gold_gain":0,"player_choice":"Healed","damage_taken":0,"max_hp_gain":0,"max_hp_loss":0,"event_name":"The Cleric","floor":13,"gold_loss":35},{"damage_healed":0,"gold_gain":0,"player_choice":"Trade","damage_taken":0,"relics_obtained":["SsserpentHead"],"max_hp_gain":0,"max_hp_loss":0,"event_name":"FaceTrader","floor":14,"gold_loss":0},{"damage_healed":0,"gold_gain":0,"cards_transformed":["Streamline","Bane"],"player_choice":"Became Test Subject","damage_taken":0,"max_hp_gain":0,"max_hp_loss":0,"event_name":"Drug Dealer","floor":19,"gold_loss":0,"cards_obtained":["Blizzard","White Noise"]},{"damage_healed":0,"gold_gain":0,"player_choice":"2 cards matched","damage_taken":0,"max_hp_gain":0,"max_hp_loss":0,"event_name":"Match and Keep!","floor":28,"gold_loss":0,"cards_obtained":["Conserve Battery","Zap"]},{"damage_healed":0,"gold_gain":0,"player_choice":"Fought Bandits","damage_taken":0,"max_hp_gain":0,"max_hp_loss":0,"event_name":"Masked Bandits","floor":30,"gold_loss":0},{"damage_healed":0,"gold_gain":0,"player_choice":"Fight","damage_taken":0,"max_hp_gain":0,"max_hp_loss":0,"event_name":"MindBloom","floor":36,"gold_loss":0},{"damage_healed":0,"gold_gain":0,"player_choice":"Max HP","damage_taken":0,"max_hp_gain":0,"max_hp_loss":4,"event_name":"Winding Halls","floor":37,"gold_loss":0},{"damage_healed":0,"gold_gain":222,"player_choice":"Wore Mask","damage_taken":0,"max_hp_gain":0,"max_hp_loss":0,"event_name":"Tomb of Lord Red Mask","floor":46,"gold_loss":0}],"is_beta":false,"boss_relics":[{"not_picked":["Astrolabe","Calling Bell"],"picked":"Sozu"},{"not_picked":["Cursed Key","Runic Pyramid"],"picked":"FrozenCore"}],"items_purged_floors":[4,39,48],"is_endless":false,"potions_floor_spawned":[1,3,12,16,20,22,30,33,38],"killed_by":"Donu and Deca","ascension_level":0}