{"path_per_floor":["M","?","M","?","M","E","R","?","T","$","R","M","E","M","R","B",null,"M","M","M","M","?","R","E","R","T","?","M","M","R","M","R","B",null,"M","M","$","?","M","E","M","R","T","?","R","?","?","?","R"],"character_chosen":"IRONCLAD","items_purchased":["Bottled Lightning","Poison Potion"],"gold_per_floor":[111,111,127,127,141,167,167,188,262,7,7,17,45,65,65,160,160,173,186,201,212,212,212,241,241,241,166,185,198,198,217,217,316,316,326,345,220,220,237,269,280,280,326,0,0,0,45,45,45,45],"floor_reached":50,"campfire_rested":5,"playtime":3609,"current_hp_per_floor":[75,59,59,59,55,45,45,38,38,38,38,40,33,39,63,36,80,72,68,39,26,26,50,36,36,36,36,16,20,44,53,77,11,80,74,68,68,80,60,28,15,51,51,51,63,63,59,59,71,0],"items_purged":["Body Slam"],"gold":45,"score":502,"play_id":"3698fe4d-a89d-481c-8869-6c6145d0e9f5","local_time":"20180324152433","is_prod":false,"is_daily":false,"is_ascension_mode":false,"campfire_upgraded":5,"timestamp":1521919473,"path_taken":["M","?","M","?","M","E","R","?","T","?","R","M","E","M","R","BOSS","M","M","M","M","?","R","E","R","T","?","?","M","R","M","R","BOSS","M","M","$","?","M","E","M","R","T","?","R","?","?","?","R","BOSS"],"build_version":"2018-03-22v2","purchased_purges":1,"victory":false,"master_deck":["Strike_R","Strike_R","Strike_R","Strike_R","Strike_R","Defend_R","Defend_R+1","Defend_R","Bash","Headbutt+1","Disarm+1","Anger","Juggernaut+1","Thunderclap","Anger","Blood for Blood","True Grit","Barricade+1","Flex+1","Perfected Strike+1","Perfected Strike","Reaper+1","Metallicize+1","Seeing Red+1","Impervious","Pommel Strike+1","Inflame","Armaments+1","Fire Breathing","Feel No Pain+1","Sever Soul+1"],"max_hp_per_floor":[80,80,80,80,80,80,80,80,80,80,80,80,80,80,80,80,80,80,80,80,80,80,80,80,80,80,80,80,80,80,80,80,80,80,80,80,80,80,80,80,80,80,80,80,80,80,80,80,80,80],"relics":["Burning Blood","Bronze Scales","Odd Mushroom","Mercury Hourglass","Bottled Lightning","Omamori","Velvet Choker","Centennial Puzzle","Sundial","Eternal Feather","Unceasing Top","Happy Flower","Red Mask","Girya"],"card_choices":[{"not_picked":["Clothesline","Shrug It Off"],"picked":"Headbutt","floor":0},{"not_picked":["Iron Wave","Headbutt"],"picked":"Body Slam","floor":1},{"not_picked":["Headbutt","Clash"],"picked":"Disarm","floor":3},{"not_picked":["True Grit","Headbutt"],"picked":"Anger","floor":5},{"not_picked":["Rampage","Anger"],"picked":"Juggernaut","floor":6},{"not_picked":["Anger","Shrug It Off"],"picked":"Thunderclap","floor":8},{"not_picked":["Pommel Strike","Body Slam"],"picked":"Anger","floor":12},{"not_picked":["Demon Form","Twin Strike"],"picked":"Blood for Blood","floor":13},{"not_picked":["Rupture","Shockwave"],"picked":"True Grit","floor":14},{"not_picked":["Double Tap","Bludgeon"],"picked":"Barricade","floor":16},{"not_picked":["Headbutt","Blood for Blood"],"picked":"Entrench","floor":18},{"not_picked":["Clothesline","Headbutt"],"picked":"Flex","floor":19},{"not_picked":["Dropkick","Body Slam"],"picked":"Perfected Strike","floor":20},{"not_picked":["Cleave","Disarm"],"picked":"Perfected Strike","floor":21},{"not_picked":["Hemokinesis","Flex"],"picked":"Reaper","floor":24},{"not_picked":["Blood for Blood","Clash"],"picked":"Metallicize","floor":28},{"not_picked":["Warcry","Sword Boomerang"],"picked":"Seeing Red","floor":29},{"not_picked":["Berserk","Brutality"],"picked":"Impervious","floor":33},{"not_picked":["Body Slam","True Grit"],"picked":"Pommel Strike","floor":35},{"not_picked":["Clash","Pommel Strike"],"picked":"Inflame","floor":36},{"not_picked":["Seeing Red","Thunderclap"],"picked":"Armaments","floor":39},{"not_picked":["Pommel Strike","Clash"],"picked":"Fire Breathing","floor":40},{"not_picked":["Searing Blow","Hemokinesis"],"picked":"Feel No Pain","floor":41},{"not_picked":["Heavy Blade","Corruption"],"picked":"Sever Soul","floor":47}],"player_experience":21627,"potions_floor_usage":[6,6,8,16,28,29,41,50,50,50],"damage_taken":[{"damage":11,"enemies":"Jaw Worm","floor":1,"turns":2},{"damage":6,"enemies":"Cultist","floor":3,"turns":3},{"damage":10,"enemies":"Small Slimes","floor":5,"turns":4},{"damage":16,"enemies":"Gremlin Nob","floor":6,"turns":4},{"damage":13,"enemies":"The Mushroom Lair","floor":8,"turns":3},{"damage":4,"enemies":"3 Louse","floor":12,"turns":2},{"damage":13,"enemies":"3 Sentries","floor":13,"turns":4},{"damage":0,"enemies":"Large Slime","floor":14,"turns":4},{"damage":33,"enemies":"Slime Boss","floor":16,"turns":9},{"damage":14,"enemies":"Chosen","floor":18,"turns":6},{"damage":10,"enemies":"3 Byrds","floor":19,"turns":3},{"damage":35,"enemies":"Slaver and Parasite","floor":20,"turns":5},{"damage":19,"enemies":"Snake Plant","floor":21,"turns":3},{"damage":20,"enemies":"Book of Stabbing","floor":24,"turns":4},{"damage":36,"enemies":"Cultist and Chosen","floor":28,"turns":6},{"damage":9,"enemies":"3 Cultists","floor":29,"turns":4},{"damage":6,"enemies":"Chosen and Byrds","floor":31,"turns":4},{"damage":72,"enemies":"Automaton","floor":33,"turns":11},{"damage":17,"enemies":"3 Shapes","floor":35,"turns":7},{"damage":12,"enemies":"Orb Walker","floor":36,"turns":3},{"damage":26,"enemies":"3 Darklings","floor":39,"turns":5},{"damage":48,"enemies":"2 Orb Walkers","floor":40,"turns":5},{"damage":39,"enemies":"4 Shapes","floor":41,"turns":5},{"damage":10,"enemies":"Mysterious Sphere","floor":47,"turns":4},{"damage":94,"enemies":"Donu and Deca","floor":50,"turns":5}],"event_choices":[{"event_name":"Shining Light","player_choice":"Entered Light","floor":2,"damage_taken":0},{"event_name":"The Lab","player_choice":"Got Potions","floor":4,"damage_taken":0},{"event_name":"Mushrooms","player_choice":"Fought Mushrooms","floor":8,"damage_taken":0},{"event_name":"Drug Dealer","player_choice":"Ignored","floor":22,"damage_taken":0},{"event_name":"Beggar","player_choice":"Gave Gold","floor":27,"damage_taken":0},{"event_name":"Winding Halls","player_choice":"Writhe","floor":38,"damage_taken":0},{"event_name":"Tomb of Lord Red Mask","player_choice":"Paid","floor":44,"damage_taken":0},{"event_name":"Wheel of Change","player_choice":"Curse","floor":46,"damage_taken":0},{"event_name":"Mysterious Sphere","player_choice":"Fight","floor":47,"damage_taken":0}],"boss_relics":[{"not_picked":["Astrolabe","Runic Pyramid"],"picked":"Velvet Choker"},{"not_picked":["White Beast Statue","Snecko Eye"],"picked":"Eternal Feather"}],"potions_floor_spawned":[3,5,13,16,24,29,33,40,41,47],"seed_played":"-6966986599642421684","killed_by":"Donu and Deca","ascension_level":0,"is_trial":false}