{"gold_per_floor":[114,114,125,90,35,35,49,49,98,116,129,155,180,211,223,311,323,323,323,278,2,2,2],"floor_reached":23,"playtime":522,"items_purged":["Strike_B"],"score":382,"play_id":"06cf9756-c960-4870-afec-bdbf00cf1d00","local_time":"20181229211358","is_ascension_mode":true,"campfire_choices":[{"data":"Sunder","floor":6,"key":"SMITH"},{"floor":15,"key":"REST"}],"neow_cost":"PERCENT_DAMAGE","seed_source_timestamp":185323702760060,"circlet_count":0,"master_deck":["AscendersBane","Strike_B","Strike_B+1","Strike_B","Defend_B","Defend_B","Defend_B","Defend_B","Zap","Dualcast+1","Streamline+1","Sunder+1","Rebound","Glacier","Ball Lightning","Gash","Beam Cell","Echo Form+1","Undo","Leap","Coolheaded","Electrodynamics"],"relics":["Cracked Core","Turnip","Bronze Scales","Vajra","Nunchaku","MawBank","Ectoplasm","Regal Pillow"],"potions_floor_usage":[12],"damage_taken":[{"damage":2,"enemies":"Jaw Worm","floor":1,"turns":3},{"damage":7,"enemies":"Small Slimes","floor":3,"turns":2},{"damage":0,"enemies":"Cultist","floor":7,"turns":2},{"damage":4,"enemies":"2 Fungi Beasts","floor":10,"turns":2},{"damage":6,"enemies":"Blue Slaver","floor":11,"turns":3},{"damage":0,"enemies":"Gremlin Nob","floor":12,"turns":2},{"damage":5,"enemies":"Exordium Thugs","floor":14,"turns":4},{"damage":20,"enemies":"Slime Boss","floor":16,"turns":6},{"damage":7,"enemies":"3 Byrds","floor":18,"turns":2},{"damage":18,"enemies":"2 Thieves","floor":20,"turns":3},{"damage":16,"enemies":"Centurion and Healer","floor":22,"turns":5},{"damage":19,"enemies":"Gremlin Leader","floor":23,"turns":2}],"seed_played":"6630133063452397850","potions_obtained":[{"floor":7,"key":"Dexterity Potion"},{"floor":10,"key":"GamblersBrew"},{"floor":11,"key":"Fire Potion"},{"floor":12,"key":"Block Potion"}],"is_trial":false,"path_per_floor":["M","?","M","?","?","R","M","?","T","M","M","E","T","M","R","B",null,"M","?","M","$","M","E"],"character_chosen":"DEFECT","items_purchased":["Regal Pillow","Coolheaded"],"campfire_rested":1,"item_purchase_floors":[21,21],"current_hp_per_floor":[44,23,16,33,33,33,33,33,33,29,23,23,23,18,39,19,58,51,51,33,33,17,0],"gold":2,"neow_bonus":"ONE_RARE_RELIC","is_prod":false,"is_daily":false,"chose_seed":false,"campfire_upgraded":1,"win_rate":0,"timestamp":1546136038,"path_taken":["M","?","M","?","?","R","?","?","T","M","M","E","?","M","R","BOSS","M","?","M","$","?","E"],"build_version":"2018-12-20","purchased_purges":1,"victory":false,"max_hp_per_floor":[71,71,71,71,71,71,71,71,71,71,71,71,71,71,71,71,71,71,71,71,71,71,71],"card_choices":[{"not_picked":["Barrage","Auto Shields"],"picked":"Streamline","floor":1},{"not_picked":["BootSequence","Ball Lightning"],"picked":"Sunder","floor":3},{"not_picked":["Hello World","Hologram"],"picked":"Rebound","floor":7},{"not_picked":["Scrape","Beam Cell"],"picked":"Glacier","floor":10},{"not_picked":["Compile Driver","Capacitor"],"picked":"Ball Lightning","floor":11},{"not_picked":["Steam","Stack"],"picked":"Gash","floor":12},{"not_picked":["Rebound","Scrape"],"picked":"Beam Cell","floor":14},{"not_picked":["Multi-Cast","Buffer"],"picked":"Echo Form","floor":16},{"not_picked":["Turbo","Capacitor"],"picked":"Undo","floor":18},{"not_picked":["Barrage","Beam Cell"],"picked":"Leap","floor":20},{"not_picked":["Compile Driver","Leap"],"picked":"Electrodynamics","floor":22}],"player_experience":438685,"relics_obtained":[{"floor":9,"key":"Vajra"},{"floor":12,"key":"Nunchaku"},{"floor":13,"key":"MawBank"}],"event_choices":[{"damage_healed":0,"gold_gain":0,"player_choice":"Entered Light","damage_taken":21,"max_hp_gain":0,"max_hp_loss":0,"event_name":"Shining Light","floor":2,"gold_loss":0,"cards_upgraded":["Dualcast","Strike_B"]},{"damage_healed":17,"gold_gain":0,"player_choice":"Healed","damage_taken":0,"max_hp_gain":0,"max_hp_loss":0,"event_name":"The Cleric","floor":4,"gold_loss":35},{"damage_healed":0,"gold_gain":0,"player_choice":"Paid Gold","damage_taken":0,"relics_obtained":["Bronze Scales"],"max_hp_gain":0,"max_hp_loss":0,"event_name":"WeMeetAgain","floor":5,"gold_loss":55},{"damage_healed":0,"gold_gain":0,"player_choice":"Grow","damage_taken":0,"max_hp_gain":0,"max_hp_loss":0,"event_name":"Living Wall","floor":8,"gold_loss":0,"cards_upgraded":["Streamline"]},{"damage_healed":0,"gold_gain":0,"player_choice":"Upgraded","damage_taken":0,"max_hp_gain":0,"max_hp_loss":0,"event_name":"Upgrade Shrine","floor":19,"gold_loss":0,"cards_upgraded":["Echo Form"]}],"is_beta":false,"boss_relics":[{"not_picked":["Black Star","Calling Bell"],"picked":"Ectoplasm"}],"items_purged_floors":[21],"is_endless":false,"potions_floor_spawned":[7,10,11,12,18],"killed_by":"Gremlin Leader","ascension_level":15}