{"gold_per_floor":[119,137,137,157,157,192,212,228,228,269,336,336],"floor_reached":12,"playtime":599,"items_purged":[],"score":95,"play_id":"de2056a4-69e0-4f9a-a60c-9d4d14ce79e4","local_time":"20181117091703","is_ascension_mode":true,"campfire_choices":[],"neow_cost":"NONE","seed_source_timestamp":234548432479584,"circlet_count":0,"master_deck":["Strike_B","Strike_B","Strike_B","Strike_B","Defend_B","Defend_B","Defend_B","Defend_B","Zap","Dualcast","Beam Cell","Leap","Chaos","All For One","Gash","Gash"],"relics":["Cracked Core","Bag of Marbles","Golden Idol","FaceOfCleric","Letter Opener","The Courier","Shovel"],"potions_floor_usage":[10,12],"damage_taken":[{"damage":0,"enemies":"Small Slimes","floor":1,"turns":2},{"damage":6,"enemies":"Jaw Worm","floor":2,"turns":2},{"damage":0,"enemies":"Cultist","floor":4,"turns":2},{"damage":37,"enemies":"Lagavulin","floor":6,"turns":9},{"damage":3,"enemies":"3 Louse","floor":7,"turns":3},{"damage":0,"enemies":"Large Slime","floor":8,"turns":5},{"damage":9,"enemies":"3 Sentries","floor":10,"turns":4},{"damage":9,"enemies":"Exordium Wildlife","floor":12,"turns":3}],"seed_played":"-1553185313212459288","potions_obtained":[{"floor":6,"key":"PowerPotion"},{"floor":10,"key":"PowerPotion"}],"is_trial":false,"path_per_floor":["M","M","?","M","?","E","M","M","T","E","?","M"],"character_chosen":"DEFECT","items_purchased":[],"campfire_rested":0,"item_purchase_floors":[],"current_hp_per_floor":[75,69,51,51,51,15,13,14,14,6,6,0],"gold":336,"neow_bonus":"RANDOM_COMMON_RELIC","is_prod":false,"is_daily":false,"chose_seed":false,"campfire_upgraded":0,"win_rate":0,"timestamp":1542464223,"path_taken":["M","M","?","M","?","E","M","?","T","E","?","M"],"build_version":"2018-11-15","purchased_purges":0,"victory":false,"max_hp_per_floor":[75,75,75,75,75,76,77,78,78,79,79,79],"card_choices":[{"not_picked":["Go for the Eyes","Heatsinks"],"picked":"Beam Cell","floor":1},{"not_picked":["Redo","Ball Lightning","Reinforced Body"],"picked":"SKIP","floor":2},{"not_picked":["Undo","Rebound"],"picked":"Leap","floor":4},{"not_picked":["Fusion","Heatsinks"],"picked":"Chaos","floor":6},{"not_picked":["Undo","Compile Driver"],"picked":"All For One","floor":7},{"not_picked":["Melter","Rebound"],"picked":"Gash","floor":8},{"not_picked":["Melter","Chaos"],"picked":"Gash","floor":10}],"player_experience":121873,"relics_obtained":[{"floor":6,"key":"Letter Opener"},{"floor":9,"key":"The Courier"},{"floor":10,"key":"Shovel"}],"event_choices":[{"damage_healed":0,"gold_gain":0,"player_choice":"Take Damage","damage_taken":18,"relics_obtained":["Golden Idol"],"max_hp_gain":0,"max_hp_loss":0,"event_name":"Golden Idol","floor":3,"gold_loss":0},{"damage_healed":0,"gold_gain":0,"player_choice":"Trade","damage_taken":0,"relics_obtained":["FaceOfCleric"],"max_hp_gain":0,"max_hp_loss":0,"event_name":"FaceTrader","floor":5,"gold_loss":0},{"damage_healed":0,"gold_gain":67,"player_choice":"Gained Gold","damage_taken":0,"max_hp_gain":0,"max_hp_loss":0,"event_name":"Golden Wing","floor":11,"gold_loss":0}],"is_beta":false,"boss_relics":[],"items_purged_floors":[],"is_endless":false,"potions_floor_spawned":[6,10],"killed_by":"Exordium Wildlife","ascension_level":1}