{"gold_per_floor":[17,17,28,40,57,92,105,105],"floor_reached":8,"playtime":2299,"items_purged":[],"score":69,"play_id":"3144668f-8e0a-45e3-befa-84188fea2479","local_time":"20181011140727","is_ascension_mode":true,"campfire_choices":[],"neow_cost":"NO_GOLD","seed_source_timestamp":128583293787607,"circlet_count":0,"master_deck":["Strike_R","Strike_R","Strike_R","Strike_R","Strike_R","Defend_R","Defend_R","Defend_R","Defend_R","Bash","Double Tap","Warcry","Thunderclap","Spot Weakness","Metallicize","Heavy Blade","Perfected Strike"],"relics":["Burning Blood","Dodecahedron","Prayer Wheel"],"potions_floor_usage":[6],"damage_taken":[{"damage":13,"enemies":"Jaw Worm","floor":1,"turns":4},{"damage":6,"enemies":"2 Louse","floor":3,"turns":3},{"damage":1,"enemies":"Cultist","floor":4,"turns":3},{"damage":12,"enemies":"Gremlin Gang","floor":5,"turns":5},{"damage":33,"enemies":"3 Sentries","floor":6,"turns":8},{"damage":14,"enemies":"Lots of Slimes","floor":7,"turns":4},{"damage":13,"enemies":"Exordium Wildlife","floor":8,"turns":1}],"seed_played":"-4830977330955310699","potions_obtained":[{"floor":4,"key":"Block Potion"}],"is_trial":false,"path_per_floor":["M","?","M","M","M","E","M"],"character_chosen":"IRONCLAD","items_purchased":[],"campfire_rested":0,"item_purchase_floors":[],"current_hp_per_floor":[73,48,48,53,47,20,12,0],"gold":105,"neow_bonus":"THREE_RARE_CARDS","is_prod":false,"is_daily":false,"chose_seed":false,"campfire_upgraded":0,"win_rate":0,"timestamp":1539281247,"path_taken":["M","?","?","M","M","E","?","?"],"build_version":"2018-10-04v2","purchased_purges":0,"victory":false,"max_hp_per_floor":[80,80,80,80,80,80,80,80],"card_choices":[{"not_picked":["Offering","Dark Embrace"],"picked":"Double Tap","floor":0},{"not_picked":["Clothesline","Power Through","Burning Pact"],"picked":"SKIP","floor":1},{"not_picked":["Sword Boomerang","Havoc"],"picked":"Warcry","floor":3},{"not_picked":["Bloodletting","Heavy Blade"],"picked":"Thunderclap","floor":4},{"not_picked":["Rage","Clash"],"picked":"Spot Weakness","floor":5},{"not_picked":["Sword Boomerang","Fire Breathing"],"picked":"Metallicize","floor":6},{"not_picked":["Sever Soul","Anger"],"picked":"Heavy Blade","floor":7},{"not_picked":["Corruption","Twin Strike"],"picked":"Perfected Strike","floor":7}],"player_experience":251806,"relics_obtained":[{"floor":6,"key":"Prayer Wheel"}],"event_choices":[{"event_name":"Scrap Ooze","player_choice":"success","floor":2,"damage_taken":25}],"is_beta":false,"boss_relics":[],"items_purged_floors":[],"is_endless":false,"potions_floor_spawned":[4],"killed_by":"Exordium Wildlife","ascension_level":3}