{"gold_per_floor":[116,126,138,138,151,151,170,170,220,220,145,145,155,155,155,226,226,236,132,132,143,155,187,187,203,203,203,403,453,453,466,466,544,544,557,13,30,46,46,46,59,59,59,78,78,91,91,110,110,110],"floor_reached":51,"playtime":5593,"items_purged":["Defend_G","Sucker Punch"],"score":1177,"play_id":"ed13deed-fbe3-42cc-ad80-6d010be794fc","local_time":"20190207014801","is_ascension_mode":true,"campfire_choices":[{"data":"Well Laid Plans","floor":6,"key":"SMITH"},{"data":"Noxious Fumes","floor":8,"key":"SMITH"},{"data":"Neutralize","floor":10,"key":"SMITH"},{"data":"Survivor","floor":12,"key":"SMITH"},{"data":"Deadly Poison","floor":15,"key":"SMITH"},{"data":"Corpse Explosion","floor":24,"key":"SMITH"},{"floor":27,"key":"REST"},{"data":"Footwork","floor":32,"key":"SMITH"},{"data":"Footwork","floor":40,"key":"SMITH"},{"floor":49,"key":"REST"}],"neow_cost":"PERCENT_DAMAGE","seed_source_timestamp":2012457849000641,"circlet_count":0,"master_deck":["AscendersBane","Defend_G","Defend_G","Survivor+1","Neutralize+1","Well Laid Plans+1","Bullet Time","Noxious Fumes+1","Deadly Poison+1","Corpse Explosion+1","Wraith Form v2+1","Deflect+1","Storm of Steel+1","Cloak And Dagger","Crippling Poison+1","Caltrops","Deadly Poison","Footwork+1","Footwork+1","Footwork","PiercingWail","Panacea","Deflect","Bouncing Flask+1","Deflect+1","Expertise+1","Acrobatics"],"relics":["Ring of the Snake","Juzu Bracelet","Astrolabe","GremlinMask","Singing Bowl","Bottled Flame","Velvet Choker","Happy Flower","Strawberry","Pen Nib"],"potions_floor_usage":[16,23,23,33,33,33,38,44,50,50],"damage_taken":[{"damage":3,"enemies":"Cultist","floor":1,"turns":5},{"damage":1,"enemies":"2 Louse","floor":2,"turns":3},{"damage":1,"enemies":"Small Slimes","floor":3,"turns":5},{"damage":10,"enemies":"Red Slaver","floor":5,"turns":4},{"damage":8,"enemies":"Lots of Slimes","floor":7,"turns":8},{"damage":3,"enemies":"Looter","floor":13,"turns":4},{"damage":6,"enemies":"The Guardian","floor":16,"turns":9},{"damage":3,"enemies":"Shell Parasite","floor":18,"turns":5},{"damage":0,"enemies":"3 Byrds","floor":21,"turns":3},{"damage":0,"enemies":"Shelled Parasite and Fungi","floor":22,"turns":4},{"damage":26,"enemies":"Book of Stabbing","floor":23,"turns":5},{"damage":3,"enemies":"Snecko","floor":25,"turns":5},{"damage":14,"enemies":"Centurion and Healer","floor":31,"turns":5},{"damage":23,"enemies":"Champ","floor":33,"turns":13},{"damage":6,"enemies":"Orb Walker","floor":35,"turns":4},{"damage":9,"enemies":"3 Shapes","floor":37,"turns":5},{"damage":8,"enemies":"Sphere and 2 Shapes","floor":38,"turns":6},{"damage":39,"enemies":"Writhing Mass","floor":41,"turns":6},{"damage":27,"enemies":"Jaw Worm Horde","floor":44,"turns":5},{"damage":41,"enemies":"Spire Growth","floor":46,"turns":6},{"damage":17,"enemies":"4 Shapes","floor":48,"turns":4},{"damage":30,"enemies":"Donu and Deca","floor":50,"turns":8}],"seed_played":"8921717752911491109","potions_obtained":[{"floor":2,"key":"AttackPotion"},{"floor":5,"key":"Ancient Potion"},{"floor":13,"key":"Swift Potion"},{"floor":22,"key":"Poison Potion"},{"floor":23,"key":"EntropicBrew"},{"floor":33,"key":"FearPotion"},{"floor":37,"key":"Strength Potion"},{"floor":46,"key":"PowerPotion"},{"floor":48,"key":"SkillPotion"}],"is_trial":false,"path_per_floor":["M","M","M","?","M","R","M","R","T","R","?","R","M","?","R","B",null,"M","$","?","M","M","E","R","M","T","R","?","?","?","M","R","B",null,"M","$","M","M","?","R","M","T","T","M","?","M","?","M","R","B",null],"character_chosen":"THE_SILENT","items_purchased":["Cloak And Dagger","Footwork","PiercingWail","Panacea","Happy Flower","EssenceOfSteel"],"campfire_rested":2,"item_purchase_floors":[19,36,36,36,36,36],"current_hp_per_floor":[41,40,39,44,34,34,26,26,26,26,26,26,23,23,23,17,58,55,55,55,55,55,29,29,28,28,49,49,49,49,37,37,14,60,54,54,45,37,61,61,22,29,29,2,78,39,41,24,48,18],"gold":110,"neow_bonus":"REMOVE_TWO","is_prod":false,"is_daily":false,"chose_seed":false,"campfire_upgraded":8,"win_rate":0,"timestamp":1549522081,"path_taken":["M","M","?","?","M","R","M","R","T","R","?","R","M","?","R","BOSS","M","$","?","M","M","E","R","M","T","R","?","?","?","M","R","BOSS","M","$","M","M","?","R","M","?","T","M","?","M","?","M","R","BOSS"],"build_version":"2019-01-23","purchased_purges":2,"victory":true,"max_hp_per_floor":[66,66,66,71,71,71,71,71,71,71,71,71,71,71,71,71,71,71,71,71,71,71,71,71,73,73,73,73,73,73,75,75,75,75,75,75,75,75,61,61,61,68,68,68,78,80,82,82,82,82],"card_choices":[{"not_picked":["Tactician","Masterful Stab"],"picked":"Sucker Punch","floor":1},{"not_picked":["Dodge and Roll","Noxious Fumes"],"picked":"Well Laid Plans","floor":2},{"not_picked":["Sucker Punch","Reflex","Flying Knee"],"picked":"SKIP","floor":3},{"not_picked":["Dodge and Roll","Dash"],"picked":"Bullet Time","floor":5},{"not_picked":["Deflect","Backstab"],"picked":"Noxious Fumes","floor":7},{"not_picked":["Blur","Cloak And Dagger"],"picked":"Deadly Poison","floor":13},{"not_picked":["Storm of Steel","Tools of the Trade"],"picked":"Corpse Explosion","floor":16},{"not_picked":["Quick Slash","Infinite Blades+1","Terror"],"picked":"SKIP","floor":18},{"not_picked":["Reflex+1","Infinite Blades"],"picked":"Crippling Poison+1","floor":21},{"not_picked":["Bane","Dagger Spray"],"picked":"Caltrops","floor":22},{"not_picked":["Storm of Steel","Choke"],"picked":"Deadly Poison","floor":23},{"not_picked":["Deflect","Deadly Poison","Poisoned Stab"],"picked":"Singing Bowl","floor":25},{"not_picked":["Choke","Bullet Time","Blade Dance"],"picked":"Singing Bowl","floor":31},{"not_picked":["Unload","Storm of Steel"],"picked":"Tools of the Trade","floor":33},{"not_picked":["Deadly Poison","Sucker Punch"],"picked":"Footwork","floor":35},{"not_picked":["Quick Slash","Flying Knee+1"],"picked":"Deflect","floor":37},{"not_picked":["Cloak And Dagger","Setup"],"picked":"Bouncing Flask+1","floor":38},{"not_picked":["Cloak And Dagger","Acrobatics"],"picked":"Deflect+1","floor":41},{"not_picked":["Poisoned Stab","Acrobatics"],"picked":"Expertise+1","floor":44},{"not_picked":["Outmaneuver","Bullet Time","Dagger Throw"],"picked":"Singing Bowl","floor":46},{"not_picked":["Sadistic Nature","Swift Strike","PanicButton"],"picked":"Singing Bowl","floor":47},{"not_picked":["Sucker Punch","Skewer"],"picked":"Acrobatics","floor":48}],"player_experience":3537549,"relics_obtained":[{"floor":9,"key":"Juzu Bracelet"},{"floor":23,"key":"Singing Bowl"},{"floor":26,"key":"Bottled Flame"},{"floor":42,"key":"Strawberry"},{"floor":43,"key":"Pen Nib"}],"event_choices":[{"damage_healed":0,"gold_gain":0,"player_choice":"Donut","damage_taken":0,"max_hp_gain":5,"max_hp_loss":0,"event_name":"Big Fish","floor":4,"gold_loss":0},{"cards_removed":["Strike_G"],"damage_healed":0,"gold_gain":0,"player_choice":"Card Removal","damage_taken":0,"max_hp_gain":0,"max_hp_loss":0,"event_name":"The Cleric","floor":11,"gold_loss":75},{"cards_removed":["Strike_G"],"damage_healed":0,"gold_gain":0,"player_choice":"Purged","damage_taken":0,"max_hp_gain":0,"max_hp_loss":0,"event_name":"Purifier","floor":14,"gold_loss":0},{"damage_healed":0,"gold_gain":0,"player_choice":"Trade","damage_taken":0,"relics_obtained":["GremlinMask"],"max_hp_gain":0,"max_hp_loss":0,"event_name":"FaceTrader","floor":20,"gold_loss":0},{"damage_healed":0,"gold_gain":200,"player_choice":"Gold","damage_taken":0,"max_hp_gain":0,"max_hp_loss":0,"event_name":"Wheel of Change","floor":28,"gold_loss":0},{"damage_healed":0,"gold_gain":50,"player_choice":"Stole From Cult","damage_taken":0,"max_hp_gain":0,"max_hp_loss":0,"event_name":"Nest","floor":29,"gold_loss":0},{"damage_healed":0,"gold_gain":0,"player_choice":"Read","damage_taken":0,"max_hp_gain":0,"max_hp_loss":0,"event_name":"The Library","floor":30,"gold_loss":0,"cards_obtained":["Footwork"]},{"damage_healed":61,"gold_gain":0,"player_choice":"Heal","damage_taken":0,"max_hp_gain":0,"max_hp_loss":14,"event_name":"The Moai Head","floor":39,"gold_loss":0},{"cards_removed":["Tools of the Trade"],"damage_healed":66,"gold_gain":0,"player_choice":"Offered Rare","damage_taken":0,"max_hp_gain":10,"max_hp_loss":0,"event_name":"Bonfire Elementals","floor":45,"gold_loss":0},{"damage_healed":0,"gold_gain":0,"player_choice":"Memory 1","damage_taken":0,"max_hp_gain":0,"max_hp_loss":0,"event_name":"SensoryStone","floor":47,"gold_loss":0}],"is_beta":false,"boss_relics":[{"not_picked":["Coffee Dripper","Ring of the Serpent"],"picked":"Astrolabe"},{"not_picked":["HoveringKite","Runic Pyramid"],"picked":"Velvet Choker"}],"items_purged_floors":[19,36],"is_endless":false,"potions_floor_spawned":[2,5,13,22,23,33,37,46,48],"ascension_level":17}