{"gold_per_floor":[109,126,126,146,146,146,185,208,208,208,208],"floor_reached":11,"playtime":218,"items_purged":[],"score":131,"play_id":"eed0aa1e-6f98-4dff-ad22-dcf80e3f845b","local_time":"20181230192803","is_ascension_mode":true,"campfire_choices":[{"data":"Go for the Eyes","floor":6,"key":"SMITH"}],"neow_cost":"NONE","seed_source_timestamp":265673397216749,"circlet_count":0,"master_deck":["AscendersBane","Strike_B","Strike_B","Strike_B","Strike_B","Defend_B","Defend_B","Defend_B","Defend_B","Zap","Dualcast","Steam","Cold Snap","Go for the Eyes+1","Rip and Tear","Loop","All For One"],"relics":["Cracked Core","NeowsBlessing","Golden Idol","Pantograph","Dead Branch"],"potions_floor_usage":[],"damage_taken":[{"damage":0,"enemies":"Small Slimes","floor":1,"turns":1},{"damage":0,"enemies":"Cultist","floor":2,"turns":1},{"damage":0,"enemies":"2 Louse","floor":4,"turns":1},{"damage":22,"enemies":"Lagavulin","floor":7,"turns":8},{"damage":16,"enemies":"Large Slime","floor":8,"turns":5},{"damage":1,"enemies":"2 Fungi Beasts","floor":11,"turns":2}],"seed_played":"189113803743548999","potions_obtained":[{"floor":1,"key":"Fire Potion"},{"floor":8,"key":"Ancient Potion"}],"is_trial":false,"path_per_floor":["M","M","$","M","?","R","E","M","T","?","M"],"character_chosen":"DEFECT","items_purchased":[],"campfire_rested":0,"item_purchase_floors":[],"current_hp_per_floor":[64,64,64,64,64,64,42,26,26,26,25],"gold":208,"neow_bonus":"THREE_ENEMY_KILL","is_prod":false,"is_daily":false,"chose_seed":false,"campfire_upgraded":1,"win_rate":0,"timestamp":1546216083,"path_taken":["M","M","$","M","?","R","E","M","T","?","M"],"build_version":"2018-12-20","purchased_purges":0,"victory":false,"max_hp_per_floor":[71,71,71,71,64,64,64,64,64,64,64],"card_choices":[{"not_picked":["Stack","Tempest"],"picked":"Steam","floor":1},{"not_picked":["Go for the Eyes","Barrage"],"picked":"Cold Snap","floor":2},{"not_picked":["Storm","Barrage"],"picked":"Go for the Eyes","floor":4},{"not_picked":["Amplify","Chaos"],"picked":"Rip and Tear","floor":7},{"not_picked":["Double Energy","Conserve Battery"],"picked":"Loop","floor":8}],"player_experience":460201,"relics_obtained":[{"floor":7,"key":"Pantograph"},{"floor":9,"key":"Dead Branch"}],"event_choices":[{"damage_healed":0,"gold_gain":0,"player_choice":"Lose Max HP","damage_taken":0,"relics_obtained":["Golden Idol"],"max_hp_gain":0,"max_hp_loss":7,"event_name":"Golden Idol","floor":5,"gold_loss":0},{"damage_healed":0,"gold_gain":0,"player_choice":"1 cards matched","damage_taken":0,"max_hp_gain":0,"max_hp_loss":0,"event_name":"Match and Keep!","floor":10,"gold_loss":0,"cards_obtained":["All For One"]}],"is_beta":false,"boss_relics":[],"items_purged_floors":[],"is_endless":false,"potions_floor_spawned":[1,8],"killed_by":"2 Fungi Beasts","ascension_level":16}