{"gold_per_floor":[118,68,30,47,47,66,80,50,75,75,75,75,75,136,136,136],"floor_reached":16,"playtime":1044,"items_purged":[],"score":119,"play_id":"e450e207-1be6-419e-a4c0-48680432b5e2","local_time":"20190201173130","is_ascension_mode":true,"campfire_choices":[{"data":"Footwork","floor":10,"key":"SMITH"},{"data":"Neutralize","floor":12,"key":"SMITH"},{"data":"Crippling Poison","floor":15,"key":"SMITH"}],"neow_cost":"PERCENT_DAMAGE","seed_source_timestamp":195903530297221,"circlet_count":0,"master_deck":["Defend_G","Defend_G","Defend_G","Defend_G","Strike_G","Strike_G","Strike_G","Strike_G","Survivor","Neutralize+1","Burst+1","Footwork+1","Dagger Spray","Crippling Poison+1","Dagger Throw","Terror","Well Laid Plans"],"relics":["Ring of the Snake","Anchor","Oddly Smooth Stone","Ancient Tea Set"],"potions_floor_usage":[16,16],"damage_taken":[{"damage":3,"enemies":"Small Slimes","floor":1,"turns":6},{"damage":5,"enemies":"Cultist","floor":4,"turns":7},{"damage":1,"enemies":"2 Louse","floor":6,"turns":4},{"damage":0,"enemies":"Large Slime","floor":7,"turns":8},{"damage":0,"enemies":"Looter","floor":8,"turns":4},{"damage":5,"enemies":"Lagavulin Event","floor":14,"turns":7},{"damage":13,"enemies":"Slime Boss","floor":16,"turns":4}],"seed_played":"-8427685501902999692","potions_obtained":[{"floor":6,"key":"Explosive Potion"},{"floor":7,"key":"FearPotion"},{"floor":14,"key":"Swift Potion"}],"is_trial":false,"path_per_floor":["M","?","$","M","?","M","M","M","T","R","?","R","?","?","R","B"],"character_chosen":"THE_SILENT","items_purchased":["Footwork"],"campfire_rested":0,"item_purchase_floors":[3],"current_hp_per_floor":[42,42,42,37,37,36,36,36,36,36,24,24,17,12,12,0],"gold":136,"neow_bonus":"THREE_RARE_CARDS","is_prod":false,"is_daily":false,"chose_seed":false,"campfire_upgraded":3,"win_rate":0,"timestamp":1549009890,"path_taken":["M","?","$","M","?","?","M","M","T","R","?","R","?","?","R","BOSS"],"build_version":"2019-01-23","purchased_purges":0,"victory":false,"max_hp_per_floor":[70,70,70,70,70,70,70,70,70,70,70,70,70,70,70,70],"card_choices":[{"not_picked":["Corpse Explosion","Adrenaline"],"picked":"Burst","floor":0},{"not_picked":["Dagger Throw","Expertise","Heel Hook"],"picked":"SKIP","floor":1},{"not_picked":["Expertise","Terror"],"picked":"Dagger Spray","floor":4},{"not_picked":["Prepared","Deadly Poison"],"picked":"Crippling Poison","floor":6},{"not_picked":["Acrobatics","Prepared"],"picked":"Dagger Throw","floor":7},{"not_picked":["Bane","Slice"],"picked":"Terror","floor":8},{"not_picked":["Poisoned Stab","Outmaneuver"],"picked":"Well Laid Plans","floor":14}],"player_experience":871726,"relics_obtained":[{"floor":9,"key":"Anchor"},{"floor":14,"key":"Ancient Tea Set"}],"event_choices":[{"cards_removed":["Strike_G"],"damage_healed":0,"gold_gain":0,"player_choice":"Card Removal","damage_taken":0,"max_hp_gain":0,"max_hp_loss":0,"event_name":"The Cleric","floor":2,"gold_loss":50},{"damage_healed":0,"gold_gain":0,"player_choice":"Upgraded","damage_taken":0,"max_hp_gain":0,"max_hp_loss":0,"event_name":"Upgrade Shrine","floor":5,"gold_loss":0,"cards_upgraded":["Burst"]},{"damage_healed":0,"gold_gain":0,"player_choice":"Success","damage_taken":12,"relics_obtained":["Oddly Smooth Stone"],"max_hp_gain":0,"max_hp_loss":0,"event_name":"Scrap Ooze","floor":11,"gold_loss":0},{"cards_removed":["Defend_G"],"damage_healed":0,"gold_gain":0,"player_choice":"Card Removal","damage_taken":7,"max_hp_gain":0,"max_hp_loss":0,"event_name":"Golden Wing","floor":13,"gold_loss":0},{"damage_healed":0,"gold_gain":0,"player_choice":"Searched \u00272\u0027 times","damage_taken":0,"max_hp_gain":0,"max_hp_loss":0,"event_name":"Dead Adventurer","floor":14,"gold_loss":0}],"is_beta":false,"boss_relics":[],"items_purged_floors":[],"is_endless":false,"potions_floor_spawned":[6,7,14],"killed_by":"Slime Boss","ascension_level":7}