{"gold_per_floor":[362,158,170,95,113,113,147,147,147,160,171,171],"floor_reached":12,"playtime":603,"items_purged":["Pain"],"score":96,"play_id":"f3cbf58d-8afd-4a23-8c73-e3c1aeba055e","local_time":"20180914164358","is_ascension_mode":true,"campfire_choices":[{"data":"Zap","floor":6,"key":"SMITH"},{"data":"Glacier","floor":8,"key":"SMITH"}],"neow_cost":"CURSE","seed_source_timestamp":71047232137817,"circlet_count":0,"master_deck":["Strike_B","Strike_B","Strike_B","Strike_B","Defend_B","Defend_B","Defend_B","Defend_B","Zap+1","Dualcast","Coolheaded","Coolheaded","Stack","Glacier+1","Defragment","Static Discharge"],"relics":["Cracked Core","Runic Capacitor","Emotion Chip","Molten Egg 2"],"potions_floor_usage":[],"damage_taken":[{"damage":7,"enemies":"Cultist","floor":1,"turns":4},{"damage":7,"enemies":"Small Slimes","floor":3,"turns":3},{"damage":4,"enemies":"Jaw Worm","floor":5,"turns":5},{"damage":33,"enemies":"Lagavulin","floor":7,"turns":9},{"damage":7,"enemies":"Large Slime","floor":10,"turns":8},{"damage":0,"enemies":"Red Slaver","floor":11,"turns":4},{"damage":19,"enemies":"Lots of Slimes","floor":12,"turns":2}],"seed_played":"4040058953579247056","potions_obtained":[{"floor":5,"key":"Fire Potion"},{"floor":7,"key":"SneckoOil"},{"floor":11,"key":"PowerPotion"}],"is_trial":false,"path_per_floor":["M","$","M","$","M","R","E","R","T","M","M"],"character_chosen":"DEFECT","items_purchased":["Runic Capacitor"],"campfire_rested":0,"item_purchase_floors":[2],"current_hp_per_floor":[68,68,61,61,57,57,24,24,24,17,17,0],"gold":171,"neow_bonus":"TWO_FIFTY_GOLD","is_prod":false,"is_daily":false,"chose_seed":false,"campfire_upgraded":2,"win_rate":0,"timestamp":1536911038,"path_taken":["M","$","M","$","M","R","E","R","T","M","M","?"],"build_version":"2018-09-12","purchased_purges":1,"victory":false,"max_hp_per_floor":[75,75,75,75,75,75,75,75,75,75,75,75],"card_choices":[{"not_picked":["Skim","Stack"],"picked":"Coolheaded","floor":1},{"not_picked":["Streamline","Turbo"],"picked":"Coolheaded","floor":3},{"not_picked":["Reprogram","Rebound"],"picked":"Stack","floor":5},{"not_picked":["Conserve Battery","Static Discharge"],"picked":"Glacier","floor":7},{"not_picked":["Compile Driver+1","Barrage+1"],"picked":"Defragment","floor":10},{"not_picked":["Recycle","Scrape+1"],"picked":"Static Discharge","floor":11}],"player_experience":425403,"relics_obtained":[{"floor":7,"key":"Emotion Chip"},{"floor":9,"key":"Molten Egg 2"}],"event_choices":[],"is_beta":true,"boss_relics":[],"items_purged_floors":[4],"is_endless":false,"potions_floor_spawned":[5,7,11],"killed_by":"Lots of Slimes","ascension_level":4}