{"path_per_floor":["M","?","M","?","M","R","$","R","T","R","M","E","M","E","R","B",null,"M","M","$","?","?","E","R","M","T","R","M","R","E","M","R"],"character_chosen":"THE_SILENT","items_purchased":["Ice Cream","Noxious Fumes","Flying Knee","Sadistic Nature"],"gold_per_floor":[110,410,425,425,442,442,47,47,70,70,82,116,130,156,156,253,253,266,277,65,65,65,92,92,105,158,158,171,171,202,214,214,214],"floor_reached":33,"campfire_rested":6,"playtime":2509,"current_hp_per_floor":[70,58,55,41,38,38,38,59,59,59,53,42,32,19,40,26,70,42,14,14,14,14,15,36,20,20,56,30,66,28,17,53,0],"items_purged":[],"gold":214,"score":295,"play_id":"3fd53a12-c012-4a0c-b209-dc977c0fa0c3","local_time":"20180412225243","is_prod":false,"is_daily":false,"is_ascension_mode":false,"campfire_upgraded":2,"timestamp":1523541163,"path_taken":["M","?","M","?","M","R","$","R","T","R","M","E","M","E","R","BOSS","M","M","$","?","?","E","R","M","T","R","?","R","E","M","R","BOSS"],"build_version":"2018-04-05v2","purchased_purges":0,"victory":false,"master_deck":["Defend_G","Defend_G","Defend_G","Defend_G","Defend_G","Strike_G","Strike_G","Strike_G+1","Strike_G","Strike_G","Survivor","Neutralize","Crippling Poison+1","Prepared","Distraction+1","Noxious Fumes+1","Flying Knee","Prepared","Die Die Die","Poisoned Stab","Dodge and Roll","Burst","Caltrops+1","Slice","Sadistic Nature","Decay","Distraction+1","Backflip+1","Die Die Die","Outmaneuver+1","Prepared+1"],"max_hp_per_floor":[70,70,70,70,70,70,70,70,70,70,70,70,70,70,70,70,70,70,70,70,70,70,70,70,70,70,70,70,70,70,70,70,70],"relics":["Lizard Tail","Old Coin","Ice Cream","Pen Nib","Lantern","Philosopher\u0027s Stone","Nloth\u0027s Gift","Toxic Egg 2","Regal Pillow","Tingsha"],"card_choices":[{"not_picked":["Endless Agony","Sucker Punch"],"picked":"Crippling Poison","floor":1},{"not_picked":["Underhanded Strike","PiercingWail"],"picked":"Prepared","floor":3},{"not_picked":["Dagger Throw","Predator"],"picked":"Distraction","floor":5},{"not_picked":["Infinite Blades","Caltrops"],"picked":"Prepared","floor":11},{"not_picked":["Sucker Punch","Terror"],"picked":"Die Die Die","floor":12},{"not_picked":["Dodge and Roll","Dagger Spray"],"picked":"Poisoned Stab","floor":13},{"not_picked":["Dagger Throw","Riddle With Holes"],"picked":"Dodge and Roll","floor":14},{"not_picked":["Die Die Die","Venomology"],"picked":"Burst","floor":16},{"not_picked":["Dodge and Roll","Masterful Stab"],"picked":"Caltrops","floor":18},{"not_picked":["Dagger Throw","Dagger Spray"],"picked":"Slice","floor":19},{"not_picked":["Tools of the Trade","Poisoned Stab"],"picked":"Distraction","floor":23},{"not_picked":["Deflect","Expertise"],"picked":"Backflip","floor":25},{"not_picked":["Deflect","Dagger Spray"],"picked":"Die Die Die","floor":28},{"not_picked":["Slice","Backflip"],"picked":"Outmaneuver","floor":30},{"not_picked":["Dagger Spray","Quick Slash"],"picked":"Prepared","floor":31}],"player_experience":27095,"potions_floor_usage":[19,30,30,31,33],"damage_taken":[{"damage":0,"enemies":"Small Slimes","floor":1,"turns":4},{"damage":3,"enemies":"2 Louse","floor":3,"turns":4},{"damage":3,"enemies":"Jaw Worm","floor":5,"turns":4},{"damage":6,"enemies":"Looter","floor":11,"turns":4},{"damage":11,"enemies":"Gremlin Nob","floor":12,"turns":4},{"damage":10,"enemies":"Exordium Wildlife","floor":13,"turns":4},{"damage":13,"enemies":"Lagavulin","floor":14,"turns":4},{"damage":14,"enemies":"Hexaghost","floor":16,"turns":11},{"damage":28,"enemies":"Shell Parasite","floor":18,"turns":6},{"damage":37,"enemies":"3 Byrds","floor":19,"turns":3},{"damage":43,"enemies":"Book of Stabbing","floor":23,"turns":5},{"damage":16,"enemies":"Centurion and Healer","floor":25,"turns":9},{"damage":26,"enemies":"3 Cultists","floor":28,"turns":5},{"damage":38,"enemies":"Gremlin Leader","floor":30,"turns":6},{"damage":11,"enemies":"Sentry and Sphere","floor":31,"turns":4},{"damage":56,"enemies":"Collector","floor":33,"turns":5}],"event_choices":[{"event_name":"Scrap Ooze","player_choice":"success","floor":2,"damage_taken":12},{"event_name":"Shining Light","player_choice":"Entered Light","floor":4,"damage_taken":0},{"event_name":"N\u0027loth","player_choice":"Traded a Oddly Smooth Stone","floor":21,"damage_taken":0},{"event_name":"Forgotten Altar","player_choice":"Smashed Altar","floor":22,"damage_taken":0}],"boss_relics":[{"not_picked":["Runic Pyramid","Snecko Eye"],"picked":"Philosopher\u0027s Stone"}],"potions_floor_spawned":[1,5,16,23,28,30],"seed_played":"6181638700146721201","killed_by":"Collector","ascension_level":0,"is_trial":false}