{"gold_per_floor":[114,214,230,243,41,41,69,69,69,69,1,21,51,81,81,180,180,194,182,182,4,19,45,45,75,125,155,155,10,10,30,30,30],"floor_reached":33,"playtime":2449,"items_purged":[],"score":352,"play_id":"4cdd5751-291b-4d53-9f31-30f7c3a74428","local_time":"20190122142923","is_ascension_mode":true,"campfire_choices":[{"data":"Brutality","floor":6,"key":"SMITH"},{"data":"Inflame","floor":8,"key":"SMITH"},{"data":"Disarm","floor":10,"key":"SMITH"},{"data":"Shockwave","floor":15,"key":"SMITH"},{"floor":24,"key":"REST"},{"data":"Ghostly","floor":32,"key":"SMITH"}],"neow_cost":"CURSE","seed_source_timestamp":742649538047625,"circlet_count":0,"master_deck":["Strike_R","Strike_R","Strike_R+1","Defend_R","Defend_R","Defend_R","Defend_R","Bash+1","Parasite","Reaper","Twin Strike","Clothesline","Immolate","Brutality+1","Shrug It Off","Disarm+1","Inflame+1","Rampage","Shockwave+1","Feed","Shrug It Off","Spot Weakness","Bludgeon","Mayhem","Ghostly Armor","Thunderclap+1","Ghostly+1","Ghostly","Ghostly","Ghostly","Ghostly","Feel No Pain","Uppercut","Whirlwind"],"relics":["Black Blood","Pantograph","Anchor","Pear","Strawberry","Oddly Smooth Stone","Blue Candle","Whetstone"],"potions_floor_usage":[7,7,13,13,18,19,25,27,33],"damage_taken":[{"damage":18,"enemies":"Jaw Worm","floor":1,"turns":3},{"damage":6,"enemies":"Cultist","floor":3,"turns":3},{"damage":0,"enemies":"2 Louse","floor":4,"turns":3},{"damage":6,"enemies":"Gremlin Nob","floor":7,"turns":3},{"damage":21,"enemies":"Exordium Thugs","floor":12,"turns":4},{"damage":29,"enemies":"3 Sentries","floor":13,"turns":5},{"damage":68,"enemies":"Slime Boss","floor":16,"turns":10},{"damage":7,"enemies":"3 Byrds","floor":18,"turns":4},{"damage":13,"enemies":"2 Thieves","floor":19,"turns":4},{"damage":25,"enemies":"Centurion and Healer","floor":22,"turns":5},{"damage":53,"enemies":"Book of Stabbing","floor":23,"turns":6},{"damage":42,"enemies":"Gremlin Leader","floor":25,"turns":7},{"damage":38,"enemies":"Slavers","floor":27,"turns":6},{"damage":36,"enemies":"3 Cultists","floor":31,"turns":6},{"damage":50,"enemies":"Automaton","floor":33,"turns":6}],"seed_played":"-6571626672201122618","potions_obtained":[{"floor":3,"key":"Fire Potion"},{"floor":4,"key":"PowerPotion"},{"floor":7,"key":"Ancient Potion"},{"floor":12,"key":"PowerPotion"},{"floor":13,"key":"LiquidBronze"},{"floor":18,"key":"Block Potion"},{"floor":23,"key":"Fire Potion"},{"floor":25,"key":"Energy Potion"},{"floor":27,"key":"Ancient Potion"},{"floor":31,"key":"Poison Potion"}],"is_trial":false,"path_per_floor":["M","?","M","M","$","R","E","R","T","R","$","M","E","?","R","B",null,"M","M","?","$","M","E","R","E","T","E","?","$","?","M","R","B"],"character_chosen":"IRONCLAD","items_purchased":["Brutality","Shrug It Off","Disarm","Rampage","Mayhem","Whetstone"],"campfire_rested":1,"item_purchase_floors":[5,5,5,11,21,29],"current_hp_per_floor":[70,70,70,79,79,79,79,79,79,79,79,65,77,77,77,32,90,93,90,90,90,75,39,69,61,61,66,51,51,51,25,25,0],"gold":30,"neow_bonus":"THREE_RARE_CARDS","is_prod":false,"is_daily":false,"chose_seed":false,"campfire_upgraded":5,"win_rate":0,"timestamp":1548185363,"path_taken":["M","?","M","?","$","R","E","R","T","R","$","M","E","?","R","BOSS","M","M","?","$","M","E","R","E","T","E","?","$","?","?","R","BOSS"],"build_version":"2019-01-17v2","purchased_purges":0,"victory":false,"max_hp_per_floor":[80,80,80,80,80,80,80,80,80,80,80,80,90,90,90,90,90,93,93,93,93,93,100,100,100,100,103,51,51,51,51,51,51],"card_choices":[{"not_picked":["Double Tap","Barricade"],"picked":"Reaper","floor":0},{"not_picked":["Perfected Strike","Warcry"],"picked":"Twin Strike","floor":1},{"not_picked":["Anger","Power Through"],"picked":"Clothesline","floor":3},{"not_picked":["True Grit","Sword Boomerang"],"picked":"Immolate","floor":4},{"not_picked":["Bloodletting","Havoc"],"picked":"Inflame","floor":7},{"not_picked":["Wild Strike","Flex","Headbutt"],"picked":"SKIP","floor":12},{"not_picked":["Rupture","Uppercut"],"picked":"Shockwave","floor":13},{"not_picked":["Exhume","Immolate"],"picked":"Feed","floor":16},{"not_picked":["Cleave","Thunderclap"],"picked":"Shrug It Off","floor":18},{"not_picked":["Iron Wave","Twin Strike"],"picked":"Spot Weakness","floor":19},{"not_picked":["Warcry","Twin Strike","Headbutt"],"picked":"SKIP","floor":22},{"not_picked":["Carnage","Pommel Strike+1","Clothesline"],"picked":"SKIP","floor":23},{"not_picked":["Shrug It Off","Havoc"],"picked":"Ghostly Armor","floor":25},{"not_picked":["Cleave","Bludgeon"],"picked":"Thunderclap+1","floor":27},{"not_picked":["Searing Blow","Twin Strike"],"picked":"Whirlwind","floor":31}],"player_experience":144560,"relics_obtained":[{"floor":7,"key":"Pantograph"},{"floor":9,"key":"Anchor"},{"floor":13,"key":"Pear"},{"floor":23,"key":"Strawberry"},{"floor":25,"key":"Oddly Smooth Stone"},{"floor":27,"key":"Blue Candle"}],"event_choices":[{"damage_healed":0,"gold_gain":100,"player_choice":"Pray","damage_taken":0,"max_hp_gain":0,"max_hp_loss":0,"event_name":"Golden Shrine","floor":2,"gold_loss":0},{"damage_healed":0,"gold_gain":30,"player_choice":"Searched \u00271\u0027 times","damage_taken":0,"max_hp_gain":0,"max_hp_loss":0,"event_name":"Dead Adventurer","floor":14,"gold_loss":0},{"damage_healed":0,"gold_gain":0,"player_choice":"Read","damage_taken":0,"max_hp_gain":0,"max_hp_loss":0,"event_name":"The Library","floor":20,"gold_loss":0,"cards_obtained":["Bludgeon"]},{"damage_healed":0,"gold_gain":0,"player_choice":"Became a Ghost","damage_taken":0,"max_hp_gain":0,"max_hp_loss":52,"event_name":"Ghosts","floor":28,"gold_loss":0,"cards_obtained":["Ghostly","Ghostly","Ghostly","Ghostly","Ghostly"]},{"damage_healed":0,"gold_gain":0,"cards_transformed":["Strike_R","Strike_R"],"player_choice":"Became Test Subject","damage_taken":0,"max_hp_gain":0,"max_hp_loss":0,"event_name":"Drug Dealer","floor":30,"gold_loss":0,"cards_obtained":["Feel No Pain","Uppercut"]}],"is_beta":false,"boss_relics":[{"not_picked":["Lizard Tail","Runic Cube"],"picked":"Black Blood"}],"items_purged_floors":[],"is_endless":false,"potions_floor_spawned":[3,4,7,12,13,18,23,25,27,31],"killed_by":"Automaton","ascension_level":1}