{"gold_per_floor":[118,129,129,53,68,68,83,117,117,117,136,136,136,146,146,220,220,236,236,249,62,73,73,73,89,114,114],"floor_reached":27,"playtime":1502,"items_purged":["Strike_G"],"score":430,"play_id":"5384321d-73a9-4e2e-816e-3191d86e8972","local_time":"20181125212908","is_ascension_mode":true,"campfire_choices":[{"data":"Poisoned Stab","floor":6.0,"key":"SMITH"},{"data":"Footwork","floor":10,"key":"SMITH"},{"floor":13,"key":"REST"},{"floor":15,"key":"REST"},{"floor":23,"key":"REST"}],"neow_cost":"NONE","seed_source_timestamp":229831710666100,"circlet_count":0,"master_deck":["AscendersBane","Defend_G","Defend_G","Defend_G","Defend_G","Defend_G","Strike_G","Strike_G","Strike_G","Strike_G","Survivor","Neutralize","Backflip","Dagger Spray","Footwork+1","Poisoned Stab+1","Flying Knee","Crippling Poison","Dash","Night Terror","Predator","Die Die Die","Dodge and Roll","Choke","Predator","Injury"],"special_seed":0,"relics":["Cursed Key","Sozu","Nloth\u0027s Gift","Pen Nib"],"potions_floor_usage":[16,18],"damage_taken":[{"damage":1.0,"enemies":"2 Louse","floor":1.0,"turns":4.0},{"damage":0.0,"enemies":"Cultist","floor":2.0,"turns":4.0},{"damage":0.0,"enemies":"Jaw Worm","floor":5.0,"turns":5.0},{"damage":0.0,"enemies":"Red Slaver","floor":7.0,"turns":3.0},{"damage":36.0,"enemies":"Lagavulin","floor":8.0,"turns":6.0},{"damage":8,"enemies":"Looter","floor":11,"turns":3},{"damage":7,"enemies":"Exordium Thugs","floor":14,"turns":5},{"damage":4,"enemies":"The Guardian","floor":16,"turns":15},{"damage":11,"enemies":"2 Thieves","floor":18,"turns":4},{"damage":1,"enemies":"3 Byrds","floor":20,"turns":5},{"damage":18,"enemies":"Centurion and Healer","floor":22,"turns":10},{"damage":31,"enemies":"Cultist and Chosen","floor":25,"turns":6},{"damage":22,"enemies":"3 Cultists","floor":27,"turns":3}],"seed_played":"-5423125013312435186","potions_obtained":[{"floor":2.0,"key":"Regen Potion"},{"floor":3.0,"key":"FearPotion"},{"floor":7.0,"key":"Fruit Juice"},{"floor":11,"key":"SteroidPotion"},{"floor":14,"key":"Explosive Potion"}],"is_trial":false,"path_per_floor":["M","M","?","$","M","R","M","E","T","R","M","?","R","M","R","B",null,"M","?","M","$","M","R","$","M","T","M"],"character_chosen":"THE_SILENT","items_purchased":["Footwork","Dodge and Roll","Choke"],"campfire_rested":3,"item_purchase_floors":[4,21,21],"current_hp_per_floor":[58,58,58,58,58,58,63,27,27,27,19,1,22,15,36,32,61,50,50,49,49,31,52,52,21,21,0],"gold":114,"neow_bonus":"BOSS_RELIC","is_prod":false,"is_daily":false,"chose_seed":false,"campfire_upgraded":2,"win_rate":0,"timestamp":1543199348,"path_taken":["M","M","?","$","M","R","M","E","T","R","?","?","R","M","R","BOSS","M","?","?","$","M","R","?","M","T","M"],"build_version":"2018-11-15","purchased_purges":1,"victory":false,"max_hp_per_floor":[66,66,66,66,66,66,71,71,71,71,71,71,71,71,71,71,71,71,71,71,71,71,71,71,71,71,71],"card_choices":[{"not_picked":["Bane","Escape Plan"],"picked":"Backflip","floor":1.0},{"not_picked":["Accuracy","Slice"],"picked":"Dagger Spray","floor":2.0},{"not_picked":["Calculated Gamble","Terror"],"picked":"Poisoned Stab","floor":5.0},{"not_picked":["Wraith Form v2","Cloak And Dagger"],"picked":"Flying Knee","floor":7.0},{"not_picked":["Acrobatics","Infinite Blades"],"picked":"Crippling Poison","floor":8.0},{"not_picked":["Outmaneuver","Flying Knee","Sucker Punch"],"picked":"SKIP","floor":11},{"not_picked":["Slice","Footwork"],"picked":"Dash","floor":14},{"not_picked":["Storm of Steel","Wraith Form v2"],"picked":"Night Terror","floor":16},{"not_picked":["Sucker Punch","Outmaneuver"],"picked":"Predator","floor":18},{"not_picked":["Deflect","Dagger Spray"],"picked":"Die Die Die","floor":20},{"not_picked":["PiercingWail","Eviscerate"],"picked":"Predator","floor":22},{"not_picked":["Dagger Spray","Blade Dance","A Thousand Cuts"],"picked":"SKIP","floor":25}],"player_experience":1686119,"relics_obtained":[{"floor":8.0,"key":"Ancient Tea Set"},{"floor":26,"key":"Pen Nib"}],"event_choices":[{"damage_healed":0.0,"max_hp_gain":0.0,"max_hp_loss":0.0,"gold_gain":0.0,"event_name":"Lab","player_choice":"Got Potions","floor":3.0,"gold_loss":0.0,"damage_taken":0.0},{"damage_healed":0,"gold_gain":0,"player_choice":"Fled","damage_taken":18,"max_hp_gain":0,"max_hp_loss":0,"event_name":"Scrap Ooze","floor":12,"gold_loss":0},{"damage_healed":0,"gold_gain":0,"player_choice":"Traded Relic","damage_taken":0,"relics_obtained":["Nloth\u0027s Gift"],"max_hp_gain":0,"max_hp_loss":0,"event_name":"N\u0027loth","floor":19,"relics_lost":["Ancient Tea Set"],"gold_loss":0}],"is_beta":true,"boss_relics":[{"not_picked":["Coffee Dripper","Ectoplasm"],"picked":"Sozu"}],"items_purged_floors":[21],"is_endless":false,"potions_floor_spawned":[2,5,7,11,14,25],"killed_by":"3 Cultists","ascension_level":20}