{"gold_per_floor":[115,115,125,142,142,142,167,186,238,238,256,256,281,130,130,233,533,520,41,61,78,78],"floor_reached":22,"playtime":1400,"items_purged":[],"score":186,"play_id":"e191ad86-3b39-45b6-a466-1bc981612977","local_time":"20190109102203","is_ascension_mode":false,"campfire_choices":[{"data":"Fiend Fire","floor":6,"key":"SMITH"},{"data":"Shrug It Off","floor":10,"key":"SMITH"},{"data":"Armaments","floor":12,"key":"SMITH"},{"floor":15,"key":"REST"}],"neow_cost":"CURSE","seed_source_timestamp":715655599625770,"circlet_count":0,"master_deck":["Strike_R","Strike_R","Strike_R+1","Strike_R","Strike_R","Defend_R","Defend_R+1","Defend_R","Defend_R","Bash+1","Fiend Fire+1","Uppercut+1","Shrug It Off+1","True Grit","Armaments+1","Entrench","Whirlwind","Feed","Decay","Shame","Injury","Iron Wave+1","True Grit","Heavy Blade+1"],"relics":["Burning Blood","Shuriken","Whetstone","Potion Belt","Anchor","Calling Bell","PreservedInsect","Molten Egg 2","Old Coin","Medical Kit","Nunchaku"],"potions_floor_usage":[],"damage_taken":[{"damage":3,"enemies":"Small Slimes","floor":1,"turns":2},{"damage":6,"enemies":"Jaw Worm","floor":3,"turns":4},{"damage":0,"enemies":"Cultist","floor":4,"turns":3},{"damage":28,"enemies":"Gremlin Nob","floor":7,"turns":4},{"damage":8,"enemies":"Gremlin Gang","floor":8,"turns":9},{"damage":2,"enemies":"Blue Slaver","floor":11,"turns":4},{"damage":48,"enemies":"The Guardian","floor":16,"turns":16},{"damage":17,"enemies":"2 Thieves","floor":18,"turns":4},{"damage":36,"enemies":"Spheric Guardian","floor":20,"turns":6},{"damage":27,"enemies":"Shelled Parasite and Fungi","floor":21,"turns":10},{"damage":24,"enemies":"Sentry and Sphere","floor":22,"turns":4}],"seed_played":"8891324689826360159","potions_obtained":[{"floor":1,"key":"Dexterity Potion"},{"floor":4,"key":"Ancient Potion"},{"floor":11,"key":"Ancient Potion"},{"floor":21,"key":"Ancient Potion"}],"is_trial":false,"path_per_floor":["M","?","M","M","?","R","E","M","T","R","M","R","T","$","R","B",null,"M","$","M","M","M"],"character_chosen":"IRONCLAD","items_purchased":["Anchor","Medical Kit","Nunchaku"],"campfire_rested":1,"item_purchase_floors":[14,19,19],"current_hp_per_floor":[80,80,80,80,64,64,42,40,40,40,44,44,44,44,68,26,80,69,69,39,22,0],"gold":78,"neow_bonus":"THREE_RARE_CARDS","is_prod":false,"is_daily":false,"chose_seed":false,"campfire_upgraded":3,"win_rate":0.0,"timestamp":1547025723,"path_taken":["M","?","M","M","?","R","E","M","T","R","M","R","?","?","R","BOSS","M","$","M","?","?"],"build_version":"2019-01-03v4","purchased_purges":0,"victory":false,"max_hp_per_floor":[80,80,80,80,80,80,80,80,80,80,80,80,80,80,80,80,80,80,80,80,84,84],"card_choices":[{"not_picked":["Juggernaut","Limit Break"],"picked":"Fiend Fire","floor":0},{"not_picked":["Hemokinesis","Body Slam"],"picked":"Uppercut","floor":1},{"not_picked":["Sword Boomerang","Pommel Strike"],"picked":"Shrug It Off","floor":3},{"not_picked":["Thunderclap","Sword Boomerang"],"picked":"True Grit","floor":4},{"not_picked":["True Grit","Double Tap"],"picked":"Armaments","floor":7},{"not_picked":["Sever Soul","Flex"],"picked":"Entrench","floor":8},{"not_picked":["Rupture","Warcry"],"picked":"Whirlwind","floor":11},{"not_picked":["Bludgeon","Exhume"],"picked":"Feed","floor":16},{"not_picked":["Pummel+1","Anger+1"],"picked":"Iron Wave+1","floor":18},{"not_picked":["Twin Strike+1","Headbutt+1"],"picked":"True Grit","floor":20},{"not_picked":["Iron Wave+1","Armaments"],"picked":"Heavy Blade+1","floor":21}],"player_experience":133509,"relics_obtained":[{"floor":7,"key":"Shuriken"},{"floor":9,"key":"Whetstone"},{"floor":13,"key":"Potion Belt"},{"floor":17,"key":"PreservedInsect"},{"floor":17,"key":"Molten Egg 2"},{"floor":17,"key":"Old Coin"}],"event_choices":[{"cards_removed":["Shame"],"damage_healed":0,"gold_gain":0,"player_choice":"Forget","damage_taken":0,"max_hp_gain":0,"max_hp_loss":0,"event_name":"Living Wall","floor":2,"gold_loss":0},{"damage_healed":0,"gold_gain":0,"player_choice":"Entered Light","damage_taken":16,"max_hp_gain":0,"max_hp_loss":0,"event_name":"Shining Light","floor":5,"gold_loss":0,"cards_upgraded":["Bash","Defend_R"]}],"is_beta":false,"boss_relics":[{"not_picked":["Mark of Pain","Runic Cube"],"picked":"Calling Bell"}],"items_purged_floors":[],"is_endless":false,"potions_floor_spawned":[1,4,11,21],"killed_by":"Sentry and Sphere","ascension_level":0}