{"gold_per_floor":[117,192,145,145,158,158,185,75,75,104,27,27,27,44,44,145,145,164,164,180,180,196,196,196,53,76,76,90,102,102,120,120,222,222,237,337,337,351,366,366],"floor_reached":40,"playtime":1858,"items_purged":["Strike_B"],"score":469,"play_id":"47d2dc73-9370-4e05-a8fe-1b936eee3b7b","local_time":"20181114164856","is_ascension_mode":false,"campfire_choices":[{"data":"Ball Lightning","floor":6,"key":"SMITH"},{"data":"Redo","floor":15,"key":"SMITH"},{"data":"Electrodynamics","floor":23,"key":"SMITH"},{"data":"Lockon","floor":27,"key":"SMITH"},{"data":"Redo","floor":30,"key":"SMITH"},{"data":"Static Discharge","floor":32,"key":"SMITH"}],"neow_cost":"NONE","seed_source_timestamp":1199937873177,"circlet_count":0,"master_deck":["Defend_B","Defend_B","Defend_B","Zap","Dualcast","Barrage","Ball Lightning+1","Redo+1","Lockon+1","Redo+1","Self Repair","Gash+1","Electrodynamics+1","Loop+1","Bite+1","Bite+1","Bite+1","Bite+1","Bite+1","Cold Snap+1","Gash+1","Defragment+1","Redo+1","Gash+1","Static Discharge+1","All For One+1","Sweeping Beam+1","Gash+1","Reprogram+1","Machine Learning"],"relics":["Cracked Core","NeowsBlessing","Mango","Molten Egg 2","Bag of Preparation","Sozu","Mummified Hand","Anchor","Lantern","Fusion Hammer","Nunchaku"],"potions_floor_usage":[16,16,40,40],"damage_taken":[{"damage":0,"enemies":"2 Louse","floor":1,"turns":1},{"damage":0,"enemies":"Jaw Worm","floor":5,"turns":1},{"damage":0,"enemies":"Gremlin Nob","floor":7,"turns":1},{"damage":40,"enemies":"3 Sentries","floor":10,"turns":5},{"damage":0,"enemies":"Cultist","floor":14,"turns":2},{"damage":45,"enemies":"Hexaghost","floor":16,"turns":8},{"damage":15,"enemies":"2 Thieves","floor":18,"turns":4},{"damage":15,"enemies":"Shell Parasite","floor":20,"turns":3},{"damage":21,"enemies":"Snake Plant","floor":22,"turns":2},{"damage":0,"enemies":"Cultist and Chosen","floor":28,"turns":2},{"damage":10,"enemies":"Centurion and Healer","floor":29,"turns":2},{"damage":19,"enemies":"3 Cultists","floor":31,"turns":4},{"damage":25,"enemies":"Collector","floor":33,"turns":6},{"damage":8,"enemies":"3 Shapes","floor":35,"turns":2},{"damage":11,"enemies":"Mind Bloom Boss Battle","floor":36,"turns":4},{"damage":1,"enemies":"3 Darklings","floor":38,"turns":2},{"damage":8,"enemies":"4 Shapes","floor":39,"turns":5},{"damage":84,"enemies":"Reptomancer","floor":40,"turns":4}],"seed_played":"-1501262294525134685","potions_obtained":[{"floor":1,"key":"Fire Potion"},{"floor":5,"key":"GamblersBrew"},{"floor":10,"key":"AttackPotion"},{"floor":16,"key":"Poison Potion"}],"is_trial":false,"path_per_floor":["M","?","$","?","M","R","E","$","T","E","$","?","?","M","R","B",null,"M","?","M","?","M","R","T","$","T","R","M","M","R","M","R","B",null,"M","?","?","M","M","E"],"character_chosen":"DEFECT","items_purchased":["Barrage","Lockon","Self Repair","Anchor"],"campfire_rested":0,"item_purchase_floors":[3,8,11,25],"current_hp_per_floor":[75,64,64,69,69,69,83,83,83,43,43,43,43,50,50,12,89,81,62,60,60,39,39,39,39,39,39,45,51,51,47,47,50,62,57,55,55,62,62,0],"gold":366,"neow_bonus":"THREE_ENEMY_KILL","is_prod":false,"is_daily":false,"chose_seed":false,"campfire_upgraded":6,"win_rate":0.0,"timestamp":1542232136,"path_taken":["M","?","$","?","?","R","E","?","T","E","$","?","?","M","R","BOSS","M","?","M","?","?","R","?","$","T","R","M","M","R","M","R","BOSS","M","?","?","M","M","E"],"build_version":"2018-11-08","purchased_purges":1,"victory":false,"max_hp_per_floor":[75,75,75,75,75,75,89,89,89,89,89,89,89,89,89,89,89,89,62,62,62,62,62,62,62,62,62,62,62,62,62,62,62,62,62,62,62,62,62,62],"card_choices":[{"not_picked":["BootSequence","Chill"],"picked":"Redo","floor":1},{"not_picked":["Hologram","Streamline"],"picked":"Ball Lightning","floor":5},{"not_picked":["Double Energy","Stack"],"picked":"Redo","floor":7},{"not_picked":["Steam","Conserve Battery"],"picked":"Redo","floor":10},{"not_picked":["Conserve Battery","Self Repair"],"picked":"Gash+1","floor":14},{"not_picked":["Amplify","Rainbow"],"picked":"Electrodynamics","floor":16},{"not_picked":["Reprogram","Defragment"],"picked":"Loop+1","floor":18},{"not_picked":["Stack","Steam"],"picked":"Cold Snap+1","floor":20},{"not_picked":["Conserve Battery","Static Discharge"],"picked":"Defragment+1","floor":22},{"not_picked":["Beam Cell+1","BootSequence"],"picked":"Redo","floor":28},{"not_picked":["Steam","Go for the Eyes+1"],"picked":"Gash+1","floor":29},{"not_picked":["Stack","Rainbow"],"picked":"Static Discharge","floor":31},{"not_picked":["Multi-Cast","Reboot"],"picked":"All For One+1","floor":33},{"not_picked":["Melter+1","Coolheaded+1"],"picked":"Sweeping Beam+1","floor":35},{"not_picked":["Streamline+1","Beam Cell+1"],"picked":"Gash+1","floor":36},{"not_picked":["Conserve Battery","Leap"],"picked":"Reprogram+1","floor":38},{"not_picked":["Redo+1","Rip and Tear+1"],"picked":"Machine Learning","floor":39}],"player_experience":79861,"relics_obtained":[{"floor":7,"key":"Mango"},{"floor":9,"key":"Molten Egg 2"},{"floor":10,"key":"Bag of Preparation"},{"floor":24,"key":"Mummified Hand"},{"floor":26,"key":"Lantern"},{"floor":36,"key":"Nunchaku"}],"event_choices":[{"damage_healed":0,"gold_gain":75,"player_choice":"Gather Gold","damage_taken":11,"max_hp_gain":0,"max_hp_loss":0,"event_name":"World of Goop","floor":2,"gold_loss":0},{"cards_removed":["Redo"],"damage_healed":5,"gold_gain":0,"player_choice":"Offered Common","damage_taken":0,"max_hp_gain":0,"max_hp_loss":0,"event_name":"Bonfire Elementals","floor":4,"gold_loss":0},{"cards_removed":["Redo"],"damage_healed":5,"gold_gain":0,"player_choice":"Offered Special","damage_taken":0,"max_hp_gain":0,"max_hp_loss":0,"event_name":"Bonfire Elementals","floor":4,"gold_loss":0},{"damage_healed":0,"gold_gain":0,"player_choice":"Grow","damage_taken":0,"max_hp_gain":0,"max_hp_loss":0,"event_name":"Living Wall","floor":12,"gold_loss":0,"cards_upgraded":["Redo"]},{"damage_healed":0,"gold_gain":0,"player_choice":"Ignored","damage_taken":0,"max_hp_gain":0,"max_hp_loss":0,"event_name":"Liars Game","floor":13,"gold_loss":0},{"damage_healed":0,"gold_gain":0,"player_choice":"Became a vampire","damage_taken":0,"max_hp_gain":0,"max_hp_loss":27,"event_name":"Vampires","floor":19,"gold_loss":0,"cards_obtained":["Bite","Bite","Bite","Bite","Bite"]},{"damage_healed":0,"gold_gain":0,"player_choice":"Copied","damage_taken":0,"max_hp_gain":0,"max_hp_loss":0,"event_name":"Duplicator","floor":21,"gold_loss":0,"cards_obtained":["Gash"]},{"damage_healed":0,"gold_gain":0,"player_choice":"Fight","damage_taken":0,"max_hp_gain":0,"max_hp_loss":0,"event_name":"MindBloom","floor":36,"gold_loss":0},{"cards_removed":["Defend_B"],"damage_healed":0,"gold_gain":0,"player_choice":"Removed Skill","damage_taken":0,"max_hp_gain":0,"max_hp_loss":0,"event_name":"Falling","floor":37,"gold_loss":0}],"is_beta":false,"boss_relics":[{"not_picked":["Snecko Eye","Tiny House"],"picked":"Sozu"},{"not_picked":["Philosopher\u0027s Stone","Runic Dome"],"picked":"Fusion Hammer"}],"items_purged_floors":[8],"is_endless":false,"potions_floor_spawned":[1,5,10,16,22,28,33,35],"killed_by":"Reptomancer","ascension_level":0}