{"path_per_floor":["M","?","?","M","M","R","E","?","T","M","R","?","M","M","R","B",null,"M","T","?","M","M","R","M","R","T","?","R","E"],"character_chosen":"DEFECT","items_purchased":[],"gold_per_floor":[17,17,17,31,48,48,81,256,256,267,267,322,340,359,359,462,462,479,479,479,491,511,511,524,524,599,524,524,558,558],"floor_reached":30,"campfire_rested":1,"playtime":1744,"item_purchase_floors":[],"current_hp_per_floor":[75,75,75,75,69,69,49,49,49,48,48,34,21,8,30,15,75,64,64,52,47,34,34,39,39,39,39,39,13,0],"items_purged":[],"gold":558,"score":313,"play_id":"bf0accbb-6826-40ab-85c7-213f0899f40a","local_time":"20180528221735","is_prod":false,"is_daily":false,"chose_seed":false,"is_ascension_mode":true,"campfire_upgraded":5,"win_rate":0,"timestamp":1527513455,"campfire_choices":[{"data":"Chaos","floor":6.0,"key":"SMITH"},{"data":"Defragment","floor":11.0,"key":"SMITH"},{"floor":15.0,"key":"REST"},{"data":"Consume","floor":23,"key":"SMITH"},{"data":"Chaos","floor":25,"key":"SMITH"},{"data":"Darkness","floor":28,"key":"SMITH"}],"path_taken":["M","?","?","?","?","R","E","?","T","M","R","?","?","M","R","BOSS","M","?","?","M","M","R","M","R","T","?","R","E","M"],"build_version":"2018-05-27","seed_source_timestamp":0,"purchased_purges":0,"victory":false,"master_deck":["Defend_B","Defend_B","Zap","Dualcast","Darkness+1","Auto Shields","Chaos+1","Redo","Chaos+1","Defragment+1","Turbo","Consume+1","Turbo","Fission","Bite","Bite","Bite","Bite","Bite","Redo","Go for the Eyes","Consume+1","Redo","Go for the Eyes","Redo","Turbo+1"],"max_hp_per_floor":[75,75,75,75,75,75,75,75,75,75,75,75,75,75,75,75,75,75,75,52,52,52,52,52,52,52,52,52,52,52],"relics":["Cracked Core","Cables","Prayer Wheel","Bronze Scales","Velvet Choker","Bottled Tornado","Mercury Hourglass","Sundial"],"card_choices":[{"not_picked":["Barrage","Hologram"],"picked":"Darkness","floor":1.0},{"not_picked":["Streamline","Compile Driver"],"picked":"Chaos","floor":4.0},{"not_picked":["Cold Snap","Stack"],"picked":"Redo","floor":5.0},{"not_picked":["Rainbow","Go for the Eyes"],"picked":"Chaos","floor":7.0},{"not_picked":["Consume","Aggregate"],"picked":"Defragment","floor":10.0},{"not_picked":["Conserve Battery","Gash","Doom and Gloom"],"picked":"SKIP","floor":10.0},{"not_picked":["Hologram","Beam Cell"],"picked":"Turbo","floor":13.0},{"not_picked":["Compile Driver","Stack","Streamline"],"picked":"SKIP","floor":13.0},{"not_picked":["Scrape","Double Energy"],"picked":"Consume","floor":14.0},{"not_picked":["Reinforced Body","Reboot"],"picked":"Turbo","floor":14.0},{"not_picked":["Seek","All For One"],"picked":"Fission","floor":16.0},{"not_picked":["Sweeping Beam","Leap","Blizzard"],"picked":"SKIP","floor":18},{"not_picked":["Ball Lightning","Hologram+1","Amplify"],"picked":"SKIP","floor":18},{"not_picked":["Cold Snap","Aggregate+1"],"picked":"Redo","floor":21},{"not_picked":["Rebound+1","Compile Driver"],"picked":"Go for the Eyes","floor":21},{"not_picked":["Force Field","Rainbow"],"picked":"Consume+1","floor":22},{"not_picked":["Compile Driver","Streamline+1"],"picked":"Redo","floor":22},{"not_picked":["Tempest+1","Hologram"],"picked":"Go for the Eyes","floor":24},{"not_picked":["Rip and Tear","Beam Cell"],"picked":"Redo","floor":24},{"not_picked":["Barrage+1","Leap+1"],"picked":"Turbo+1","floor":29}],"player_experience":183151,"potions_floor_usage":[29,29],"damage_taken":[{"damage":0.0,"enemies":"2 Louse","floor":1.0,"turns":2.0},{"damage":0.0,"enemies":"Cultist","floor":4.0,"turns":3.0},{"damage":6.0,"enemies":"Jaw Worm","floor":5.0,"turns":3.0},{"damage":20.0,"enemies":"Lagavulin","floor":7.0,"turns":4.0},{"damage":1.0,"enemies":"Exordium Wildlife","floor":10.0,"turns":3.0},{"damage":14.0,"enemies":"3 Sentries","floor":12.0,"turns":5.0},{"damage":13.0,"enemies":"Lots of Slimes","floor":13.0,"turns":3.0},{"damage":13.0,"enemies":"Gremlin Gang","floor":14.0,"turns":4.0},{"damage":15.0,"enemies":"Hexaghost","floor":16.0,"turns":6.0},{"damage":11,"enemies":"Chosen","floor":18,"turns":6},{"damage":5,"enemies":"Spheric Guardian","floor":21,"turns":3},{"damage":21,"enemies":"Chosen and Byrds","floor":22,"turns":4},{"damage":9,"enemies":"Centurion and Healer","floor":24,"turns":7},{"damage":32,"enemies":"Slavers","floor":29,"turns":4},{"damage":22,"enemies":"3 Cultists","floor":30,"turns":3}],"relics_obtained":[{"floor":7.0,"key":"Cables"},{"floor":9.0,"key":"Prayer Wheel"},{"floor":19,"key":"Bottled Tornado"},{"floor":26,"key":"Mercury Hourglass"},{"floor":29,"key":"Sundial"}],"event_choices":[{"event_name":"Transmorgrifier","player_choice":"Transform","floor":2.0,"damage_taken":0.0},{"event_name":"Living Wall","player_choice":"Forget","floor":3.0,"damage_taken":0.0},{"event_name":"Liars Game","player_choice":"agreed","floor":8.0,"damage_taken":0.0},{"event_name":"Dead Adventurer","player_choice":"Searched \u00272\u0027 times","floor":12.0,"damage_taken":0.0},{"event_name":"Vampires","player_choice":"Became a vampire","floor":20,"damage_taken":0},{"event_name":"Beggar","player_choice":"Gave Gold","floor":27,"damage_taken":0}],"boss_relics":[{"not_picked":["Calling Bell","Lizard Tail"],"picked":"Velvet Choker"}],"items_purged_floors":[],"potions_floor_spawned":[4,12,16,24],"seed_played":"1135605457491078784","killed_by":"3 Cultists","ascension_level":1,"potions_obtained":[{"floor":4.0,"key":"Energy Potion"},{"floor":12.0,"key":"SpeedPotion"},{"floor":16.0,"key":"SpeedPotion"},{"floor":24,"key":"SpeedPotion"}],"is_trial":false}