{"gold_per_floor":[109,109,124,144,168,211,234,278,278,318,318,353,371,412,412,538,538,554,554,574,627,640,674,674,713,713,713,744,301,317,360,360,483,483,496,496,511,536,500,540,540,571,597,628,628,388,423,423,423,423],"floor_reached":51,"playtime":3826,"items_purged":["Regret"],"score":1306,"play_id":"82e961e7-10f1-40e0-8c77-d45dddc94736","local_time":"20190104174336","daily_mods":["SealedDeck","Heirloom","Elite Swarm"],"is_ascension_mode":false,"campfire_choices":[{"data":"Capacitor","floor":15,"key":"SMITH"},{"data":"Fission","floor":32,"key":"SMITH"},{"data":"Fission","floor":41,"key":"SMITH"},{"data":"Seek","floor":49,"key":"SMITH"}],"neow_cost":"","seed_source_timestamp":0,"circlet_count":0,"master_deck":["Leap","Coolheaded","Cold Snap","Cold Snap","Ball Lightning","Auto Shields","Loop","Self Repair","Capacitor+1","Glacier+1","Self Repair","Conserve Battery","Fission+1","Buffer","Electrodynamics","Echo Form","Ball Lightning","Machine Learning","Echo Form","Coolheaded","Static Discharge+1","Creative AI","Buffer","Buffer","Loop","Conserve Battery+1","Fission+1","Seek+1","Loop","Core Surge","Biased Cognition","Echo Form","Seek","Electrodynamics+1"],"relics":["Cracked Core","Torii","Golden Idol","Nunchaku","Ancient Tea Set","Mummified Hand","Gambling Chip","Centennial Puzzle","Incense Burner","Symbiotic Virus","Coffee Dripper","Bird Faced Urn","Orichalcum","Juzu Bracelet","Ornamental Fan","Blood Vial","Dodecahedron","Membership Card","Pen Nib","Meat on the Bone","Pantograph","Cursed Key","Bronze Scales","War Paint","DataDisk","Mango","Sundial","Frozen Egg 2"],"potions_floor_usage":[45,47],"damage_taken":[{"damage":0,"enemies":"Small Slimes","floor":1,"turns":3},{"damage":0,"enemies":"Jaw Worm","floor":3,"turns":4},{"damage":0,"enemies":"Cultist","floor":4,"turns":5},{"damage":1,"enemies":"Exordium Wildlife","floor":5,"turns":4},{"damage":26,"enemies":"Gremlin Nob","floor":6,"turns":6},{"damage":1,"enemies":"Lots of Slimes","floor":7,"turns":6},{"damage":0,"enemies":"Lagavulin","floor":8,"turns":9},{"damage":17,"enemies":"Gremlin Nob","floor":10,"turns":5},{"damage":1,"enemies":"3 Sentries","floor":12,"turns":4},{"damage":2,"enemies":"Gremlin Gang","floor":13,"turns":2},{"damage":0,"enemies":"Lagavulin","floor":14,"turns":7},{"damage":0,"enemies":"Slime Boss","floor":16,"turns":4},{"damage":0,"enemies":"Chosen","floor":18,"turns":6},{"damage":0,"enemies":"Shell Parasite","floor":20,"turns":5},{"damage":8,"enemies":"Snake Plant","floor":22,"turns":4},{"damage":9,"enemies":"Gremlin Leader","floor":23,"turns":7},{"damage":0,"enemies":"Colosseum Slavers","floor":24,"turns":4},{"damage":1,"enemies":"Book of Stabbing","floor":25,"turns":5},{"damage":15,"enemies":"Gremlin Leader","floor":28,"turns":5},{"damage":0,"enemies":"Sentry and Sphere","floor":30,"turns":5},{"damage":0,"enemies":"Book of Stabbing","floor":31,"turns":6},{"damage":0,"enemies":"Collector","floor":33,"turns":9},{"damage":0,"enemies":"3 Shapes","floor":35,"turns":2},{"damage":0,"enemies":"Orb Walker","floor":37,"turns":4},{"damage":13,"enemies":"Jaw Worm Horde","floor":38,"turns":3},{"damage":0,"enemies":"Giant Head","floor":40,"turns":9},{"damage":0,"enemies":"Reptomancer","floor":42,"turns":7},{"damage":1,"enemies":"Giant Head","floor":44,"turns":8},{"damage":0,"enemies":"Reptomancer","floor":47,"turns":4},{"damage":0,"enemies":"Awakened One","floor":50,"turns":8}],"seed_played":"3710555047369572036","potions_obtained":[{"floor":3,"key":"FearPotion"},{"floor":4,"key":"GamblersBrew"},{"floor":5,"key":"Block Potion"},{"floor":45,"key":"Fruit Juice"},{"floor":45,"key":"Energy Potion"},{"floor":47,"key":"Fruit Juice"}],"is_trial":true,"path_per_floor":["M","?","M","M","M","E","M","E","T","E","?","E","M","E","R","B",null,"M","?","M","T","M","E","?","E","T","?","E","$","M","E","R","B",null,"M","?","M","M","$","E","R","E","T","E","?","$","E","?","R","B",null],"character_chosen":"DEFECT","items_purchased":["Membership Card","Pen Nib","Meat on the Bone","Loop","Loop","Seek","Sundial"],"campfire_rested":0,"item_purchase_floors":[29,29,29,29,39,46,46],"current_hp_per_floor":[75,57,64,75,75,63,75,75,75,72,65,75,75,75,75,75,75,75,75,75,75,74,75,75,75,75,75,75,75,75,75,75,75,75,75,75,75,75,75,75,75,75,75,89,94,94,99,99,99,99],"gold":423,"neow_bonus":"","is_prod":false,"is_daily":false,"chose_seed":false,"campfire_upgraded":4,"win_rate":0,"timestamp":1546591416,"path_taken":["M","?","M","M","M","E","M","E","T","E","?","E","M","E","R","BOSS","M","?","M","?","M","E","?","E","T","?","E","$","M","E","R","BOSS","M","?","M","M","$","E","R","E","T","E","?","?","E","?","R","BOSS"],"build_version":"2018-12-20","purchased_purges":1,"victory":true,"max_hp_per_floor":[75,75,75,75,75,75,75,75,75,75,75,75,75,75,75,75,75,75,75,75,75,75,75,75,75,75,75,75,75,75,75,75,75,75,75,75,75,75,75,75,75,75,75,89,94,94,99,99,99,99],"card_choices":[{"not_picked":["Coolheaded","Loop"],"picked":"Glacier","floor":1},{"not_picked":["Tempest","Darkness"],"picked":"Self Repair","floor":3},{"not_picked":["Beam Cell","Barrage","Stack"],"picked":"SKIP","floor":4},{"not_picked":["Scrape","Redo"],"picked":"Conserve Battery","floor":5},{"not_picked":["Meteor Strike","Machine Learning"],"picked":"Fission","floor":6},{"not_picked":["White Noise","Sweeping Beam","Leap"],"picked":"SKIP","floor":7},{"not_picked":["Reboot","All For One"],"picked":"Buffer","floor":8},{"not_picked":["Hyperbeam","Core Surge"],"picked":"Electrodynamics","floor":10},{"not_picked":["Machine Learning","Core Surge"],"picked":"Echo Form","floor":12},{"not_picked":["Streamline","Steam"],"picked":"Ball Lightning","floor":13},{"not_picked":["Thunder Strike","Multi-Cast"],"picked":"Machine Learning","floor":14},{"not_picked":["Core Surge","Multi-Cast"],"picked":"Echo Form","floor":16},{"not_picked":["Barrage","Rip and Tear+1"],"picked":"Coolheaded","floor":18},{"not_picked":["Sweeping Beam","Heatsinks","Blizzard+1"],"picked":"SKIP","floor":20},{"not_picked":["Streamline","Skim"],"picked":"Static Discharge+1","floor":22},{"not_picked":["Thunder Strike","Machine Learning"],"picked":"Creative AI","floor":23},{"not_picked":["All For One","Fission"],"picked":"Buffer","floor":25},{"not_picked":["Electrodynamics","Seek"],"picked":"Buffer","floor":28},{"not_picked":["Beam Cell","Turbo"],"picked":"Conserve Battery","floor":30},{"not_picked":["Machine Learning","Electrodynamics"],"picked":"Fission","floor":31},{"not_picked":["Electrodynamics","Multi-Cast"],"picked":"Seek","floor":33},{"not_picked":["Stack","Chill"],"picked":"Coolheaded","floor":35},{"not_picked":["Hologram","Sweeping Beam","Steam"],"picked":"SKIP","floor":37},{"not_picked":["Leap","Barrage+1","Doom and Gloom+1"],"picked":"SKIP","floor":38},{"not_picked":["Amplify","Electrodynamics"],"picked":"Core Surge","floor":40},{"not_picked":["Meteor Strike","All For One"],"picked":"Biased Cognition","floor":42},{"not_picked":["Machine Learning","Meteor Strike"],"picked":"Echo Form","floor":44},{"not_picked":["Hyperbeam","All For One"],"picked":"Electrodynamics","floor":47}],"player_experience":747831,"relics_obtained":[{"floor":6,"key":"Nunchaku"},{"floor":8,"key":"Ancient Tea Set"},{"floor":9,"key":"Mummified Hand"},{"floor":10,"key":"Gambling Chip"},{"floor":12,"key":"Incense Burner"},{"floor":14,"key":"Symbiotic Virus"},{"floor":21,"key":"Orichalcum"},{"floor":23,"key":"Juzu Bracelet"},{"floor":25,"key":"Ornamental Fan"},{"floor":26,"key":"Blood Vial"},{"floor":28,"key":"Dodecahedron"},{"floor":31,"key":"Pantograph"},{"floor":40,"key":"Bronze Scales"},{"floor":42,"key":"War Paint"},{"floor":43,"key":"DataDisk"},{"floor":44,"key":"Mango"},{"floor":47,"key":"Frozen Egg 2"}],"event_choices":[{"damage_healed":0,"gold_gain":0,"player_choice":"Take Damage","damage_taken":18,"relics_obtained":["Golden Idol"],"max_hp_gain":0,"max_hp_loss":0,"event_name":"Golden Idol","floor":2,"gold_loss":0},{"damage_healed":0,"gold_gain":0,"player_choice":"Success","damage_taken":7,"relics_obtained":["Centennial Puzzle"],"max_hp_gain":0,"max_hp_loss":0,"event_name":"Scrap Ooze","floor":11,"gold_loss":0},{"damage_healed":0,"gold_gain":0,"player_choice":"Opened","damage_taken":0,"relics_obtained":["Bird Faced Urn"],"max_hp_gain":0,"max_hp_loss":0,"event_name":"The Mausoleum","floor":19,"gold_loss":0},{"damage_healed":0,"gold_gain":0,"player_choice":"Fight","damage_taken":0,"max_hp_gain":0,"max_hp_loss":0,"event_name":"Colosseum","floor":24,"gold_loss":0},{"damage_healed":0,"gold_gain":0,"player_choice":"Fled From Nobs","damage_taken":0,"max_hp_gain":0,"max_hp_loss":0,"event_name":"Colosseum","floor":24,"gold_loss":0},{"cards_removed":["Hologram"],"damage_healed":5,"gold_gain":0,"player_choice":"Offered Common","damage_taken":0,"max_hp_gain":0,"max_hp_loss":0,"event_name":"Bonfire Elementals","floor":27,"gold_loss":0},{"cards_removed":["Hologram"],"damage_healed":5,"gold_gain":0,"player_choice":"Offered Special","damage_taken":0,"max_hp_gain":0,"max_hp_loss":0,"event_name":"Bonfire Elementals","floor":27,"gold_loss":0},{"damage_healed":0,"gold_gain":0,"player_choice":"Ignored","damage_taken":0,"max_hp_gain":0,"max_hp_loss":0,"event_name":"Transmorgrifier","floor":36,"gold_loss":0},{"damage_healed":0,"gold_gain":0,"player_choice":"Got Potions","damage_taken":0,"max_hp_gain":0,"max_hp_loss":0,"event_name":"Lab","floor":45,"gold_loss":0},{"cards_removed":["Coolheaded"],"damage_healed":0,"gold_gain":0,"player_choice":"Removed Skill","damage_taken":0,"max_hp_gain":0,"max_hp_loss":0,"event_name":"Falling","floor":48,"gold_loss":0}],"is_beta":false,"boss_relics":[{"not_picked":["Tiny House","Fusion Hammer"],"picked":"Coffee Dripper"},{"not_picked":["Calling Bell","Runic Dome"],"picked":"Cursed Key"}],"items_purged_floors":[46],"is_endless":false,"potions_floor_spawned":[3,4,5,10,13,14,16,18,20,23,24,31,33,40,47],"ascension_level":0}