{"gold_per_floor":[112,37,37,54,54,54,34,67,92,109,109,138,138,153,153,153],"floor_reached":16,"playtime":651,"items_purged":["Strike_R"],"score":108,"play_id":"92fcc3b9-a0c4-4c9b-9fcd-f5fafa12a6c0","local_time":"20181218014137","is_ascension_mode":false,"campfire_choices":[{"data":"Clothesline","floor":6,"key":"SMITH"},{"data":"Metallicize","floor":11,"key":"SMITH"},{"data":"Flame Barrier","floor":13,"key":"SMITH"},{"data":"Disarm","floor":15,"key":"SMITH"}],"neow_cost":"NONE","seed_source_timestamp":31116682090797,"circlet_count":0,"master_deck":["Strike_R","Strike_R","Strike_R","Defend_R+1","Defend_R","Defend_R+1","Defend_R","Bash","Evolve","Clothesline+1","Regret","Metallicize+1","Inflame","Flame Barrier+1","Disarm+1"],"relics":["Burning Blood","Potion Belt","Orichalcum","War Paint"],"potions_floor_usage":[8],"damage_taken":[{"damage":5,"enemies":"2 Louse","floor":1,"turns":3},{"damage":15,"enemies":"Cultist","floor":4,"turns":5},{"damage":40,"enemies":"Lagavulin","floor":8,"turns":9},{"damage":8,"enemies":"Jaw Worm","floor":10,"turns":5},{"damage":7,"enemies":"Gremlin Nob","floor":12,"turns":4},{"damage":8,"enemies":"Large Slime","floor":14,"turns":8},{"damage":33,"enemies":"Slime Boss","floor":16,"turns":8}],"seed_played":"-5916587131505539850","potions_obtained":[{"floor":4,"key":"GamblersBrew"},{"floor":7,"key":"Poison Potion"},{"floor":8,"key":"Ancient Potion"},{"floor":12,"key":"AttackPotion"},{"floor":14,"key":"Dexterity Potion"}],"is_trial":false,"path_per_floor":["M","$","?","M","$","R","?","E","T","M","R","E","R","M","R","B"],"character_chosen":"IRONCLAD","items_purchased":[],"campfire_rested":0,"item_purchase_floors":[],"current_hp_per_floor":[80,80,80,71,71,71,71,37,37,35,35,34,34,32,32,0],"gold":153,"neow_bonus":"TRANSFORM_CARD","is_prod":false,"is_daily":false,"chose_seed":false,"campfire_upgraded":4,"win_rate":0,"timestamp":1545064897,"path_taken":["M","$","?","M","$","R","?","E","T","?","R","E","R","M","R","BOSS"],"build_version":"2018-12-13","purchased_purges":1,"victory":false,"max_hp_per_floor":[80,80,80,80,80,80,80,80,80,80,80,80,80,80,80,80],"card_choices":[{"not_picked":["Havoc","True Grit"],"picked":"Clothesline","floor":1},{"not_picked":["Carnage","Seeing Red"],"picked":"Metallicize","floor":4},{"not_picked":["Sentinel","Thunderclap","Anger"],"picked":"SKIP","floor":8},{"not_picked":["Second Wind","Heavy Blade"],"picked":"Inflame","floor":10},{"not_picked":["Havoc","Shockwave"],"picked":"Flame Barrier","floor":12},{"not_picked":["Heavy Blade","Wild Strike"],"picked":"Disarm","floor":14}],"player_experience":642716,"relics_obtained":[{"floor":8,"key":"Orichalcum"},{"floor":12,"key":"War Paint"}],"event_choices":[{"damage_healed":0,"gold_gain":0,"player_choice":"Box","damage_taken":0,"relics_obtained":["Potion Belt"],"max_hp_gain":0,"max_hp_loss":0,"event_name":"Big Fish","floor":3,"gold_loss":0,"cards_obtained":["Regret"]},{"damage_healed":0,"gold_gain":0,"player_choice":"Bought 1 Potion","damage_taken":0,"max_hp_gain":0,"max_hp_loss":0,"event_name":"The Woman in Blue","floor":7,"gold_loss":0}],"is_beta":false,"boss_relics":[],"items_purged_floors":[2],"is_endless":false,"potions_floor_spawned":[4,8,12,14],"killed_by":"Slime Boss","ascension_level":0}