{"gold_per_floor":[112,112,112,112,132,159,159,174,174,190,203,235,92,107,107,207,207,219,230,244,244,2,2,2],"floor_reached":24,"playtime":1256,"items_purged":[],"score":233,"play_id":"1d87b0c5-8666-4f4c-aabc-c16413f4fbdb","local_time":"20190104170605","is_ascension_mode":false,"campfire_choices":[{"floor":15,"key":"REST"},{"floor":23,"key":"REST"}],"neow_cost":"NONE","seed_source_timestamp":308042199906552,"circlet_count":0,"master_deck":["Strike_R","Strike_R","Strike_R","Defend_R","Defend_R","Defend_R","Bash","Armaments","Carnage","Evolve+1","Immolate","Thunderclap","Body Slam","Feed","Dual Wield+1","Burning Pact+1","Offering+1","Combust+1","Whirlwind"],"relics":["Burning Blood","NeowsBlessing","Frozen Egg 2","Pear","Mercury Hourglass","Bottled Tornado","Bottled Lightning","Oddly Smooth Stone","Astrolabe","Molten Egg 2","Paper Frog"],"potions_floor_usage":[16],"damage_taken":[{"damage":0,"enemies":"2 Louse","floor":1,"turns":1},{"damage":0,"enemies":"Small Slimes","floor":5,"turns":1},{"damage":0,"enemies":"3 Sentries","floor":6,"turns":2},{"damage":3,"enemies":"Jaw Worm","floor":8,"turns":3},{"damage":12,"enemies":"Exordium Wildlife","floor":10,"turns":2},{"damage":9,"enemies":"Exordium Thugs","floor":11,"turns":4},{"damage":32,"enemies":"Lagavulin","floor":12,"turns":7},{"damage":9,"enemies":"Lots of Slimes","floor":14,"turns":2},{"damage":72,"enemies":"The Guardian","floor":16,"turns":12},{"damage":15,"enemies":"3 Byrds","floor":18,"turns":4},{"damage":48,"enemies":"Spheric Guardian","floor":19,"turns":6},{"damage":33,"enemies":"Centurion and Healer","floor":20,"turns":6},{"damage":46,"enemies":"Gremlin Leader","floor":24,"turns":3}],"seed_played":"-1290083809796830108","potions_obtained":[{"floor":1,"key":"BloodPotion"},{"floor":10,"key":"SteroidPotion"},{"floor":11,"key":"Dexterity Potion"},{"floor":18,"key":"Dexterity Potion"}],"is_trial":false,"path_per_floor":["M","?","?","$","M","E","T","M","T","M","M","E","$","M","R","B",null,"M","M","M","?","$","R","E"],"character_chosen":"IRONCLAD","items_purchased":["Oddly Smooth Stone","Paper Frog"],"campfire_rested":2,"item_purchase_floors":[13,22],"current_hp_per_floor":[80,80,80,80,80,90,90,90,90,84,81,55,55,52,79,13,90,84,42,15,15,15,42,0],"gold":2,"neow_bonus":"THREE_ENEMY_KILL","is_prod":false,"is_daily":false,"chose_seed":false,"campfire_upgraded":0,"win_rate":0.0,"timestamp":1546617965,"path_taken":["M","?","?","$","M","E","?","M","T","M","M","E","$","M","R","BOSS","M","M","M","?","?","R","E"],"build_version":"2019-01-03v3","purchased_purges":0,"victory":false,"max_hp_per_floor":[80,80,80,80,80,90,90,90,90,90,90,90,90,90,90,90,90,93,93,93,93,93,93,93],"card_choices":[{"not_picked":["Blood for Blood","Warcry"],"picked":"Armaments","floor":1},{"not_picked":["Clash","Havoc"],"picked":"Carnage","floor":5},{"not_picked":["Twin Strike","Flame Barrier"],"picked":"Evolve+1","floor":6},{"not_picked":["Sword Boomerang","Clash"],"picked":"Immolate","floor":8},{"not_picked":["Clothesline","Seeing Red"],"picked":"Thunderclap","floor":10},{"not_picked":["Clothesline","Intimidate"],"picked":"Body Slam","floor":11},{"not_picked":["Thunderclap","Pommel Strike","Perfected Strike"],"picked":"SKIP","floor":12},{"not_picked":["True Grit","Shrug It Off"],"picked":"Cleave","floor":14},{"not_picked":["Berserk+1","Bludgeon"],"picked":"Feed","floor":16},{"not_picked":["Wild Strike","Heavy Blade"],"picked":"Combust+1","floor":18},{"not_picked":["Perfected Strike","Headbutt","Clash+1"],"picked":"SKIP","floor":19},{"not_picked":["Power Through","Twin Strike"],"picked":"Whirlwind","floor":20}],"player_experience":93717,"relics_obtained":[{"floor":6,"key":"Pear"},{"floor":7,"key":"Mercury Hourglass"},{"floor":9,"key":"Bottled Tornado"},{"floor":12,"key":"Bottled Lightning"}],"event_choices":[{"damage_healed":0,"gold_gain":0,"player_choice":"Box","damage_taken":0,"relics_obtained":["Frozen Egg 2"],"max_hp_gain":0,"max_hp_loss":0,"event_name":"Big Fish","floor":2,"gold_loss":0,"cards_obtained":["Regret"]},{"cards_removed":["Regret"],"damage_healed":0,"gold_gain":0,"player_choice":"Forget","damage_taken":0,"max_hp_gain":0,"max_hp_loss":0,"event_name":"Living Wall","floor":3,"gold_loss":0},{"cards_removed":["Cleave"],"damage_healed":0,"gold_gain":0,"player_choice":"Gave Card","damage_taken":0,"relics_obtained":["Molten Egg 2"],"max_hp_gain":0,"max_hp_loss":0,"event_name":"WeMeetAgain","floor":21,"gold_loss":0}],"is_beta":false,"boss_relics":[{"not_picked":["Black Blood","Black Star"],"picked":"Astrolabe"}],"items_purged_floors":[],"is_endless":false,"potions_floor_spawned":[1,10,11,14,18,20],"killed_by":"Gremlin Leader","ascension_level":0}