{"gold_per_floor":[117,117,42,42,42,42,61,74,74,74,100,100,75,95,95,191,191,206,29,29,39,39,39,56,75,99,99,99,109,109,126,126,231,231,243,262,262,110,85,85,97,97,97,59,59,71,86,104,104,104],"floor_reached":50,"playtime":899,"items_purged":["Defend_R","Defend_R","Strike_R"],"score":467,"play_id":"5dcdfee3-78e3-4130-9992-919fb966a796","local_time":"20190205131754","is_ascension_mode":false,"campfire_choices":[{"data":"Bash","floor":6,"key":"SMITH"},{"data":"Perfected Strike","floor":12,"key":"SMITH"},{"floor":15,"key":"REST"},{"data":"Double Tap","floor":23,"key":"SMITH"},{"data":"Heavy Blade","floor":27,"key":"SMITH"},{"data":"Cleave","floor":30,"key":"SMITH"},{"floor":32,"key":"REST"},{"data":"Perfected Strike","floor":40,"key":"SMITH"},{"data":"Limit Break","floor":42,"key":"SMITH"},{"floor":49,"key":"REST"}],"neow_cost":"NONE","seed_source_timestamp":46721533652816,"circlet_count":0,"master_deck":["Strike_R","Strike_R","Bash+1","Cleave+1","Clothesline","Perfected Strike+1","Heavy Blade+1","Limit Break+1","Double Tap+1","Inflame+1","Flex","Sword Boomerang","Clash","Perfected Strike+1","Heavy Blade+1","Infernal Blade+1","Cleave"],"relics":["Burning Blood","Kunai","Frozen Egg 2","Self Forming Clay","WingedGreaves","Busted Crown","Boot","Red Skull","Runic Dome","Toxic Egg 2"],"potions_floor_usage":[11,21,33,50,50,50],"damage_taken":[{"damage":8,"enemies":"Small Slimes","floor":1,"turns":3},{"damage":6,"enemies":"Cultist","floor":7,"turns":3},{"damage":0,"enemies":"2 Louse","floor":8,"turns":2},{"damage":37,"enemies":"Lagavulin","floor":11,"turns":5},{"damage":11,"enemies":"Exordium Wildlife","floor":14,"turns":3},{"damage":54,"enemies":"The Guardian","floor":16,"turns":8},{"damage":10,"enemies":"Shell Parasite","floor":18,"turns":2},{"damage":20,"enemies":"3 Byrds","floor":21,"turns":3},{"damage":20,"enemies":"Cultist and Chosen","floor":24,"turns":4},{"damage":10,"enemies":"Sentry and Sphere","floor":25,"turns":3},{"damage":27,"enemies":"Snake Plant","floor":29,"turns":3},{"damage":8,"enemies":"Centurion and Healer","floor":31,"turns":3},{"damage":47,"enemies":"Automaton","floor":33,"turns":6},{"damage":22,"enemies":"3 Darklings","floor":35,"turns":3},{"damage":10,"enemies":"Orb Walker","floor":36,"turns":2},{"damage":0,"enemies":"Transient","floor":41,"turns":5},{"damage":32,"enemies":"Sphere and 2 Shapes","floor":46,"turns":3},{"damage":21,"enemies":"Maw","floor":47,"turns":4},{"damage":21,"enemies":"Writhing Mass","floor":48,"turns":2},{"damage":44,"enemies":"Awakened One","floor":50,"turns":3}],"seed_played":"8408704549798881247","potions_obtained":[{"floor":7,"key":"PowerPotion"},{"floor":14,"key":"LiquidBronze"},{"floor":21,"key":"FearPotion"},{"floor":24,"key":"GamblersBrew"},{"floor":29,"key":"Energy Potion"},{"floor":36,"key":"Dexterity Potion"},{"floor":41,"key":"Fire Potion"},{"floor":46,"key":"LiquidBronze"}],"is_trial":false,"path_per_floor":["M","?","$","?","?","R","M","M","T","?","E","R","$","M","R","B",null,"M","$","?","M","?","R","M","M","T","R","?","M","R","M","R","B",null,"M","M","?","$","$","R","M","R","T","$","?","M","M","M","R","B"],"character_chosen":"IRONCLAD","items_purchased":["Heavy Blade","Inflame+1","Clash","Perfected Strike","Infernal Blade+1"],"campfire_rested":3,"item_purchase_floors":[13,19,38,39,44],"current_hp_per_floor":[78,71,71,71,71,71,71,77,77,82,51,51,51,46,71,23,85,81,81,81,67,67,67,53,49,49,49,77,56,56,54,79,38,85,69,65,65,65,65,65,71,71,71,71,71,45,30,15,40,0],"gold":104,"neow_bonus":"REMOVE_CARD","is_prod":false,"is_daily":false,"chose_seed":false,"campfire_upgraded":7,"win_rate":0,"timestamp":1549390674,"path_taken":["M","?","$","?","?","R","?","M","T","?","E","R","?","M","R","BOSS","M","$","?","M","?","R","M","M","T","R","?","?","R","M","R","BOSS","M","?","?","?","$","R","?","R","T","$","?","?","M","M","R","BOSS"],"build_version":"2019-01-23","purchased_purges":3,"victory":false,"max_hp_per_floor":[80,80,80,80,80,80,80,80,80,85,85,85,85,85,85,85,85,85,85,85,85,85,85,85,85,85,85,85,85,85,85,85,85,85,85,85,85,85,85,85,85,85,85,85,85,85,85,85,85,85],"card_choices":[{"not_picked":["Body Slam","Twin Strike"],"picked":"Cleave","floor":1},{"not_picked":["Shrug It Off","Warcry","Sentinel"],"picked":"SKIP","floor":7},{"not_picked":["Body Slam","Rage"],"picked":"Clothesline","floor":8},{"not_picked":["Headbutt","Body Slam"],"picked":"Perfected Strike","floor":11},{"not_picked":["Twin Strike","Sword Boomerang"],"picked":"Limit Break","floor":14},{"not_picked":["Berserk+1","Feed"],"picked":"Double Tap","floor":16},{"not_picked":["Iron Wave"],"picked":"SKIP","floor":18},{"not_picked":["Fire Breathing+1"],"picked":"SKIP","floor":21},{"not_picked":["True Grit+1"],"picked":"SKIP","floor":24},{"not_picked":["Fire Breathing+1"],"picked":"SKIP","floor":25},{"not_picked":[],"picked":"Flex","floor":29},{"not_picked":[],"picked":"Sword Boomerang","floor":31},{"not_picked":["Wild Strike"],"picked":"SKIP","floor":35},{"not_picked":["Bloodletting"],"picked":"SKIP","floor":36},{"not_picked":[],"picked":"Heavy Blade+1","floor":41},{"not_picked":["Searing Blow"],"picked":"SKIP","floor":46},{"not_picked":["Blood for Blood"],"picked":"SKIP","floor":47},{"not_picked":["True Grit+1"],"picked":"SKIP","floor":48}],"player_experience":453935,"relics_obtained":[{"floor":5,"key":"Frozen Egg 2"},{"floor":9,"key":"Self Forming Clay"},{"floor":11,"key":"WingedGreaves"},{"floor":26,"key":"Red Skull"},{"floor":43,"key":"Toxic Egg 2"}],"event_choices":[{"damage_healed":0,"gold_gain":0,"player_choice":"Success","damage_taken":7,"relics_obtained":["Kunai"],"max_hp_gain":0,"max_hp_loss":0,"event_name":"Scrap Ooze","floor":2,"gold_loss":0},{"damage_healed":0,"gold_gain":0,"player_choice":"Leave","damage_taken":0,"max_hp_gain":0,"max_hp_loss":0,"event_name":"The Cleric","floor":4,"gold_loss":0},{"damage_healed":0,"gold_gain":0,"player_choice":"Relic","damage_taken":0,"max_hp_gain":0,"max_hp_loss":0,"event_name":"Wheel of Change","floor":5,"gold_loss":0},{"damage_healed":0,"gold_gain":0,"player_choice":"Donut","damage_taken":0,"max_hp_gain":5,"max_hp_loss":0,"event_name":"Big Fish","floor":10,"gold_loss":0},{"damage_healed":0,"gold_gain":0,"player_choice":"Opened","damage_taken":0,"relics_obtained":["Boot"],"max_hp_gain":0,"max_hp_loss":0,"event_name":"The Mausoleum","floor":20,"gold_loss":0},{"cards_removed":["Defend_R"],"damage_healed":0,"gold_gain":0,"player_choice":"Elegance","damage_taken":0,"max_hp_gain":0,"max_hp_loss":0,"event_name":"Back to Basics","floor":22,"gold_loss":0},{"damage_healed":28,"gold_gain":0,"player_choice":"Heal","damage_taken":0,"max_hp_gain":0,"max_hp_loss":0,"event_name":"The Library","floor":28,"gold_loss":0},{"cards_removed":["Strike_R"],"damage_healed":0,"gold_gain":0,"player_choice":"Removed Attack","damage_taken":0,"max_hp_gain":0,"max_hp_loss":0,"event_name":"Falling","floor":37,"gold_loss":0},{"damage_healed":0,"gold_gain":0,"cards_transformed":["Strike_R"],"player_choice":"Transformed","damage_taken":0,"max_hp_gain":0,"max_hp_loss":0,"event_name":"Transmorgrifier","floor":45,"gold_loss":0,"cards_obtained":["Cleave"]}],"is_beta":false,"boss_relics":[{"not_picked":["Calling Bell","Astrolabe"],"picked":"Busted Crown"},{"not_picked":["Empty Cage","Sozu"],"picked":"Runic Dome"}],"items_purged_floors":[3,19,38],"is_endless":false,"potions_floor_spawned":[7,14,21,24,29,36,41,46],"killed_by":"Awakened One","ascension_level":0}