{"gold_per_floor":[113,123,123,53,53,81,81,100,100,114,127,127,140,166,166,268,268,286,286,286,298,48,76,76,90,90,23,23],"floor_reached":28,"playtime":1631,"items_purged":[],"score":323,"play_id":"3cce3ca1-3ab2-454b-bf3a-8400bb2a540e","local_time":"20190120230513","is_ascension_mode":true,"campfire_choices":[{"data":"Uppercut","floor":7,"key":"SMITH"},{"floor":12,"key":"REST"},{"data":"Headbutt","floor":15,"key":"SMITH"},{"floor":24,"key":"REST"}],"neow_cost":"NONE","seed_source_timestamp":1040693888630361,"circlet_count":0,"master_deck":["Defend_R","Defend_R","Defend_R","Defend_R","Bash+1","Twin Strike","Pommel Strike","Uppercut+1","Juggernaut","Thunderclap","Burning Pact","Evolve","Headbutt+1","Demon Form","Bite","Bite","Bite","Bite","Bite","Heavy Blade","Armaments","Rage"],"relics":["Burning Blood","Lantern","Champion Belt","Self Forming Clay","Singing Bowl","Eternal Feather","Mummified Hand","Bottled Lightning","Magic Flower"],"potions_floor_usage":[16,16,18,25,28,28],"damage_taken":[{"damage":0,"enemies":"Small Slimes","floor":1,"turns":3},{"damage":6,"enemies":"Cultist","floor":2,"turns":3},{"damage":40,"enemies":"3 Sentries","floor":6,"turns":7},{"damage":14,"enemies":"2 Louse","floor":8,"turns":3},{"damage":7,"enemies":"Red Slaver","floor":10,"turns":3},{"damage":6,"enemies":"Blue Slaver","floor":11,"turns":3},{"damage":0,"enemies":"Large Slime","floor":13,"turns":5},{"damage":12,"enemies":"Lagavulin","floor":14,"turns":6},{"damage":35,"enemies":"Hexaghost","floor":16,"turns":9},{"damage":33,"enemies":"2 Thieves","floor":18,"turns":4},{"damage":19,"enemies":"3 Byrds","floor":21,"turns":5},{"damage":55,"enemies":"Gremlin Leader","floor":23,"turns":9},{"damage":46,"enemies":"3 Cultists","floor":25,"turns":7},{"damage":31,"enemies":"Snake Plant","floor":28,"turns":3}],"seed_played":"-387595655571130852","potions_obtained":[{"floor":11,"key":"LiquidBronze"},{"floor":13,"key":"Ancient Potion"},{"floor":14,"key":"Poison Potion"},{"floor":16,"key":"Energy Potion"},{"floor":21,"key":"Block Potion"},{"floor":25,"key":"Strength Potion"}],"is_trial":false,"path_per_floor":["M","M","?","$","$","E","R","M","T","M","M","R","M","E","R","B",null,"M","?","?","M","$","E","R","M","T","$","M"],"character_chosen":"IRONCLAD","items_purchased":["Uppercut","Mummified Hand","Rage"],"campfire_rested":2,"item_purchase_floors":[4,22,27],"current_hp_per_floor":[80,80,80,80,80,46,46,38,38,37,37,61,67,63,63,34,82,57,57,57,57,57,17,46,20,20,20,0],"gold":23,"neow_bonus":"RANDOM_COMMON_RELIC","is_prod":false,"is_daily":false,"chose_seed":false,"campfire_upgraded":2,"win_rate":0,"timestamp":1548043513,"path_taken":["M","M","?","?","$","E","R","M","T","M","M","R","M","E","R","BOSS","M","?","?","?","$","E","R","M","T","$","M"],"build_version":"2019-01-17v2","purchased_purges":0,"victory":false,"max_hp_per_floor":[80,80,80,80,80,80,80,80,80,80,80,80,80,82,82,82,82,84,58,58,58,58,58,58,60,60,60,60],"card_choices":[{"not_picked":["Infernal Blade","Second Wind"],"picked":"Twin Strike","floor":1},{"not_picked":["Fire Breathing","Twin Strike"],"picked":"Pommel Strike","floor":2},{"not_picked":["Infernal Blade","Impervious"],"picked":"Juggernaut","floor":6},{"not_picked":["Iron Wave","Wild Strike"],"picked":"Thunderclap","floor":8},{"not_picked":["Bloodletting","Seeing Red"],"picked":"Burning Pact","floor":10},{"not_picked":["Twin Strike","Pommel Strike"],"picked":"Evolve","floor":11},{"not_picked":["Intimidate","Sever Soul"],"picked":"Headbutt","floor":13},{"not_picked":["Body Slam","Sentinel","True Grit"],"picked":"Singing Bowl","floor":14},{"not_picked":["Berserk","Dark Embrace"],"picked":"Demon Form","floor":16},{"not_picked":["Bloodletting","Warcry","Pommel Strike"],"picked":"Singing Bowl","floor":18},{"not_picked":["Clash","True Grit"],"picked":"Heavy Blade","floor":21},{"not_picked":["Sword Boomerang","Impervious"],"picked":"Armaments","floor":23},{"not_picked":["Heavy Blade","Wild Strike","Pommel Strike"],"picked":"Singing Bowl","floor":25}],"player_experience":268660,"relics_obtained":[{"floor":6,"key":"Champion Belt"},{"floor":9,"key":"Self Forming Clay"},{"floor":14,"key":"Singing Bowl"},{"floor":23,"key":"Bottled Lightning"},{"floor":26,"key":"Magic Flower"}],"event_choices":[{"damage_healed":0,"gold_gain":0,"player_choice":"Upgraded","damage_taken":0,"max_hp_gain":0,"max_hp_loss":0,"event_name":"Upgrade Shrine","floor":3,"gold_loss":0,"cards_upgraded":["Bash"]},{"damage_healed":0,"gold_gain":0,"player_choice":"Became a vampire","damage_taken":0,"max_hp_gain":0,"max_hp_loss":26,"event_name":"Vampires","floor":19,"gold_loss":0,"cards_obtained":["Bite","Bite","Bite","Bite","Bite"]},{"damage_healed":0,"gold_gain":0,"player_choice":"Bought 0 Potions","damage_taken":0,"max_hp_gain":0,"max_hp_loss":0,"event_name":"The Woman in Blue","floor":20,"gold_loss":0}],"is_beta":false,"boss_relics":[{"not_picked":["Calling Bell","Runic Dome"],"picked":"Eternal Feather"}],"items_purged_floors":[],"is_endless":false,"potions_floor_spawned":[11,13,14,16,21,25],"killed_by":"Snake Plant","ascension_level":4}