{"gold_per_floor":[109,123,123,54,64,90,90,110,110,136,136],"floor_reached":11,"playtime":972,"items_purged":[],"score":83,"play_id":"66268b1f-1582-4d5b-a49f-adc452ff3563","local_time":"20181225183136","is_ascension_mode":false,"campfire_choices":[{"floor":7,"key":"REST"}],"neow_cost":"CURSE","seed_source_timestamp":2320306953258614,"circlet_count":0,"master_deck":["Strike_B","Strike_B","Strike_B","Defend_B","Defend_B","Defend_B","Defend_B","Zap","Dualcast","Decay","Loop","White Noise","Stack","Hello World","Coolheaded","Darkness+1"],"relics":["Cracked Core","Nunchaku","Oddly Smooth Stone","Toxic Egg 2","Molten Egg 2"],"potions_floor_usage":[],"damage_taken":[{"damage":4,"enemies":"Small Slimes","floor":1,"turns":3},{"damage":0,"enemies":"Cultist","floor":2,"turns":4},{"damage":9,"enemies":"2 Louse","floor":5,"turns":3},{"damage":47,"enemies":"Gremlin Nob","floor":6,"turns":6},{"damage":15,"enemies":"2 Fungi Beasts","floor":8,"turns":4},{"damage":13,"enemies":"Lagavulin","floor":10,"turns":12},{"damage":10,"enemies":"Blue Slaver","floor":11,"turns":2}],"seed_played":"6977071068832607906","potions_obtained":[{"floor":5,"key":"Weak Potion"},{"floor":6,"key":"Block Potion"},{"floor":10,"key":"SpeedPotion"}],"is_trial":false,"path_per_floor":["M","M","?","$","M","E","R","M","T","E","M"],"character_chosen":"DEFECT","items_purchased":["Hello World"],"campfire_rested":1,"item_purchase_floors":[4],"current_hp_per_floor":[71,71,71,71,62,15,37,22,22,9,0],"gold":136,"neow_bonus":"ONE_RARE_RELIC","is_prod":false,"is_daily":false,"chose_seed":false,"campfire_upgraded":0,"win_rate":0.0,"timestamp":1545759096,"path_taken":["M","M","?","?","M","E","R","M","T","E","M"],"build_version":"2018-12-20","purchased_purges":0,"victory":false,"max_hp_per_floor":[75,75,75,75,75,75,75,75,75,75,75],"card_choices":[{"not_picked":["Conserve Battery","Hologram"],"picked":"Loop","floor":1},{"not_picked":["Rip and Tear","Rebound"],"picked":"White Noise","floor":2},{"not_picked":["Stack","Genetic Algorithm"],"picked":"Coolheaded","floor":5},{"not_picked":["Steam","Barrage","Compile Driver"],"picked":"SKIP","floor":6},{"not_picked":["Barrage","Streamline","Gash"],"picked":"SKIP","floor":8},{"not_picked":["Compile Driver","Reboot+1"],"picked":"Darkness+1","floor":10}],"player_experience":36005,"relics_obtained":[{"floor":6,"key":"Oddly Smooth Stone"},{"floor":9,"key":"Toxic Egg 2"},{"floor":10,"key":"Molten Egg 2"}],"event_choices":[{"damage_healed":0,"gold_gain":0,"cards_transformed":["Strike_B"],"player_choice":"Transformed","damage_taken":0,"max_hp_gain":0,"max_hp_loss":0,"event_name":"Transmorgrifier","floor":3,"gold_loss":0,"cards_obtained":["Stack"]}],"is_beta":false,"boss_relics":[],"items_purged_floors":[],"is_endless":false,"potions_floor_spawned":[5,6,10],"killed_by":"Blue Slaver","ascension_level":0}