{"gold_per_floor":[117,117,134,147,158,191,191,203,203,203,203,203,203,220,220,325,325,336,363,375,375,393,393,393,393,393,426,287,287,297,48,48,144,144,160,171,131,131,141,141,157,157,181,192,192,192,116,116,116,116],"floor_reached":51,"playtime":3658,"items_purged":[],"score":615,"play_id":"bb1ab550-e1d8-4a67-8378-c137f9180f00","local_time":"20180821005254","daily_mods":["Draft","Heirloom"],"is_ascension_mode":false,"campfire_choices":[{"data":"Capacitor","floor":7,"key":"SMITH"},{"data":"Hologram","floor":10,"key":"SMITH"},{"data":"Self Repair","floor":13,"key":"SMITH"},{"data":"Hello World","floor":15,"key":"SMITH"},{"data":"Creative AI","floor":23,"key":"SMITH"},{"data":"Barrage","floor":25,"key":"SMITH"},{"data":"Fission","floor":29,"key":"SMITH"},{"data":"Double Energy","floor":32,"key":"SMITH"},{"data":"Chill","floor":42,"key":"SMITH"},{"data":"Coolheaded","floor":45,"key":"SMITH"},{"floor":49,"key":"REST"}],"neow_cost":"","seed_source_timestamp":0,"circlet_count":0,"master_deck":["Barrage+1","Rebound+1","Steam","Conserve Battery","Hologram+1","Double Energy+1","Barrage","Cold Snap","Self Repair+1","Cold Snap","Ball Lightning","Consume+1","Turbo","Capacitor+1","Chill+1","Stack","BootSequence","Force Field","Hello World+1","Hello World","Creative AI+1","Stack","Self Repair","Coolheaded+1","Self Repair","Fission+1","Echo Form+1","Capacitor+1","Capacitor+1","Secret Technique","Loop+1","Madness","Madness"],"relics":["Cracked Core","Turnip","Question Card","Matryoshka","Philosopher\u0027s Stone","Red Mask","Centennial Puzzle","Singing Bowl","Mummified Hand","Frozen Egg 2","Runic Dome","Incense Burner","Art of War","Boot"],"potions_floor_usage":[20,20,27,50,50,50,50,50,50],"damage_taken":[{"damage":7,"enemies":"Jaw Worm","floor":1,"turns":3},{"damage":0,"enemies":"2 Louse","floor":3,"turns":1},{"damage":0,"enemies":"Cultist","floor":4,"turns":3},{"damage":9,"enemies":"Gremlin Gang","floor":5,"turns":3},{"damage":16,"enemies":"Gremlin Nob","floor":6,"turns":4},{"damage":5,"enemies":"Looter","floor":8,"turns":3},{"damage":1,"enemies":"Lots of Slimes","floor":14,"turns":3},{"damage":4,"enemies":"Slime Boss","floor":16,"turns":6},{"damage":0,"enemies":"Chosen","floor":18,"turns":5},{"damage":68,"floor":19,"turns":7},{"damage":21,"enemies":"3 Byrds","floor":20,"turns":7},{"damage":32,"enemies":"Cultist and Chosen","floor":22,"turns":8},{"damage":17,"enemies":"Slavers","floor":27,"turns":6},{"damage":8,"enemies":"Chosen and Byrds","floor":30,"turns":6},{"damage":4,"enemies":"Champ","floor":33,"turns":12},{"damage":7,"enemies":"3 Shapes","floor":35,"turns":6},{"damage":31,"enemies":"Flame Bruiser 1 Orb","floor":36,"turns":6},{"damage":0,"floor":38,"turns":8},{"damage":42,"enemies":"Spire Growth","floor":39,"turns":6},{"damage":30,"enemies":"Flame Bruiser 2 Orb","floor":41,"turns":5},{"damage":12,"enemies":"Transient","floor":44,"turns":5},{"damage":21,"enemies":"Time Eater","floor":50,"turns":8}],"seed_played":"-5085603421737965474","potions_obtained":[{"floor":3,"key":"Regen Potion"},{"floor":4,"key":"Energy Potion"},{"floor":6,"key":"Weak Potion"},{"floor":8,"key":"Regen Potion"},{"floor":27,"key":"Energy Potion"},{"floor":33,"key":"FocusPotion"},{"floor":36,"key":"EntropicBrew"}],"is_trial":true,"path_per_floor":["M","?","M","M","M","E","R","M","T","R","?","$","R","M","R","B",null,"M","?","M","?","M","R","?","R","T","E","$","R","M","$","R","B",null,"M","M","$","?","M","$","M","R","T","M","R","?","$","?","R","B"],"character_chosen":"DEFECT","items_purchased":["Fission","Frozen Egg 2","Capacitor+1","Loop+1"],"campfire_rested":1,"item_purchase_floors":[28,31,37,47],"current_hp_per_floor":[75,60,60,67,65,56,56,58,58,58,58,58,58,67,67,63,75,75,17,65,65,50,50,50,50,50,59,59,59,70,70,70,79,79,79,74,74,83,57,57,53,53,53,67,67,67,67,56,82,89],"gold":116,"neow_bonus":"","is_prod":false,"is_daily":false,"chose_seed":false,"campfire_upgraded":10,"win_rate":0,"timestamp":1534780374,"path_taken":["M","?","M","?","M","E","R","M","T","R","?","$","R","M","R","BOSS","M","?","M","?","M","R","?","R","T","E","$","R","M","$","R","BOSS","M","?","?","?","M","$","M","R","T","?","R","?","$","?","R","BOSS"],"build_version":"2018-08-16","purchased_purges":0,"victory":true,"max_hp_per_floor":[75,75,75,75,75,75,75,75,75,75,75,75,75,75,75,75,75,75,75,75,75,75,75,75,75,75,77,77,77,79,79,79,79,79,79,81,81,83,85,85,87,87,87,89,89,89,89,89,89,89],"card_choices":[{"not_picked":["Sweeping Beam","Go for the Eyes"],"picked":"Barrage","floor":0},{"not_picked":["Storm","Lockon"],"picked":"Rebound","floor":0},{"not_picked":["Reprogram","Lockon"],"picked":"Steam","floor":0},{"not_picked":["Cold Snap","Hello World"],"picked":"Conserve Battery","floor":0},{"not_picked":["Stack","Darkness"],"picked":"Hologram","floor":0},{"not_picked":["Chaos","Coolheaded"],"picked":"Double Energy","floor":0},{"not_picked":["Reinforced Body","Chaos"],"picked":"Barrage","floor":0},{"not_picked":["Sunder","Redo"],"picked":"Cold Snap","floor":0},{"not_picked":["Sweeping Beam","Beam Cell"],"picked":"Turbo","floor":0},{"not_picked":["Conserve Battery","Sweeping Beam"],"picked":"Self Repair","floor":0},{"not_picked":["Leap","Barrage"],"picked":"Cold Snap","floor":0},{"not_picked":["Rip and Tear","Chaos"],"picked":"Ball Lightning","floor":0},{"not_picked":["Sweeping Beam","Ball Lightning"],"picked":"Consume","floor":0},{"not_picked":["Beam Cell","Gash"],"picked":"Turbo","floor":0},{"not_picked":["Beam Cell","Reinforced Body"],"picked":"Capacitor","floor":0},{"not_picked":["Redo","Leap"],"picked":"Chill","floor":1},{"not_picked":["Streamline","Cold Snap"],"picked":"Stack","floor":3},{"not_picked":["Stack","Rebound"],"picked":"Ball Lightning","floor":4},{"not_picked":["White Noise","Glacier"],"picked":"BootSequence","floor":5},{"not_picked":["Beam Cell","Genetic Algorithm"],"picked":"Force Field","floor":6},{"not_picked":["Rebound","Multi-Cast","Compile Driver"],"picked":"Hello World","floor":8},{"not_picked":["Streamline","Steam","Hologram"],"picked":"Hello World","floor":14},{"not_picked":["Meteor Strike","Amplify","All For One"],"picked":"Creative AI","floor":16},{"not_picked":["Streamline","Redo","Fusion"],"picked":"Stack","floor":18},{"not_picked":["Beam Cell","Redo+1","Barrage"],"picked":"Self Repair","floor":19},{"not_picked":["Hello World","Hologram","Steam"],"picked":"Coolheaded","floor":20},{"not_picked":["Gash","Tempest","Sweeping Beam"],"picked":"Self Repair","floor":22},{"not_picked":["Conserve Battery","Compile Driver","Steam+1","Streamline+1"],"picked":"Singing Bowl","floor":27},{"not_picked":["Lockon+1","Go for the Eyes+1","Reinforced Body","Turbo"],"picked":"Singing Bowl","floor":30},{"not_picked":["All For One","Multi-Cast","Fission"],"picked":"Echo Form+1","floor":33},{"not_picked":["Doom and Gloom","Steam","Genetic Algorithm"],"picked":"Capacitor+1","floor":35},{"not_picked":["Turbo","Cold Snap","Hologram","Conserve Battery+1"],"picked":"Singing Bowl","floor":36},{"not_picked":["Ball Lightning","Storm+1","Hello World+1","Conserve Battery+1"],"picked":"Singing Bowl","floor":38},{"not_picked":["Turbo+1","Doom and Gloom","Rebound+1","Sunder+1"],"picked":"Singing Bowl","floor":39},{"not_picked":["Melter","Redo","Heatsinks+1","Consume"],"picked":"Singing Bowl","floor":41},{"not_picked":["Go for the Eyes+1","Glacier","Barrage","Conserve Battery"],"picked":"Singing Bowl","floor":44},{"not_picked":["Mind Blast","Blind","Enlightenment"],"picked":"Secret Technique","floor":46}],"player_experience":357362,"relics_obtained":[{"floor":6,"key":"Question Card"},{"floor":9,"key":"Matryoshka"},{"floor":19,"key":"Red Mask"},{"floor":26,"key":"Centennial Puzzle"},{"floor":26,"key":"Singing Bowl"},{"floor":27,"key":"Mummified Hand"},{"floor":38,"key":"Incense Burner"},{"floor":43,"key":"Art of War"},{"floor":43,"key":"Boot"}],"event_choices":[{"event_name":"Shining Light","player_choice":"Entered Light","floor":2,"damage_taken":0},{"event_name":"Purifier","player_choice":"One Purge","floor":11,"damage_taken":0},{"event_name":"Masked Bandits","player_choice":"Fought Bandits","floor":19,"damage_taken":0},{"event_name":"Beggar","player_choice":"Ignored","floor":21,"damage_taken":0},{"event_name":"Back to Basics","player_choice":"Elegance","floor":24,"damage_taken":0},{"event_name":"MindBloom","player_choice":"Fight","floor":38,"damage_taken":0},{"event_name":"SensoryStone","player_choice":"Memory 1","floor":46,"damage_taken":0},{"event_name":"Winding Halls","player_choice":"Embrace Madness","floor":48,"damage_taken":0}],"is_beta":true,"boss_relics":[{"not_picked":["Cursed Key","Busted Crown"],"picked":"Philosopher\u0027s Stone"},{"not_picked":["Pandora\u0027s Box","Calling Bell"],"picked":"Runic Dome"}],"items_purged_floors":[],"is_endless":false,"potions_floor_spawned":[3,4,6,8,18,27,33,36,38,41,44],"ascension_level":0}