{"gold_per_floor":[113,113,32,46,60,60,92,102,102,112,112,138,154,172,172,272,272,290,290],"floor_reached":19,"playtime":1356,"items_purged":[],"score":235,"play_id":"8b01218b-efe6-421a-a812-5eda18ccca0c","local_time":"20190128225038","is_ascension_mode":true,"campfire_choices":[{"data":"Neutralize","floor":6.0,"key":"SMITH"},{"floor":11.0,"key":"REST"},{"floor":15,"key":"REST"}],"neow_cost":"NONE","seed_source_timestamp":944343915224302,"circlet_count":0,"master_deck":["Defend_G","Defend_G","Defend_G","Defend_G","Defend_G","Strike_G","Strike_G","Strike_G","Strike_G","Strike_G","Survivor","Neutralize+1","Noxious Fumes","Well Laid Plans","Deadly Poison","Glass Knife","Dodge and Roll","Dash","Dagger Spray","Sucker Punch","Malaise","Leg Sweep"],"special_seed":0,"relics":["Ring of the Snake","Anchor","GremlinMask","Dead Branch","Singing Bowl","Bottled Tornado","HoveringKite"],"potions_floor_usage":[16],"damage_taken":[{"damage":0.0,"enemies":"Small Slimes","floor":1.0,"turns":5.0},{"damage":9.0,"enemies":"Cultist","floor":4.0,"turns":6.0},{"damage":7.0,"enemies":"2 Louse","floor":5.0,"turns":3.0},{"damage":17.0,"enemies":"3 Sentries","floor":7.0,"turns":7.0},{"damage":0.0,"enemies":"2 Fungi Beasts","floor":8.0,"turns":3.0},{"damage":6.0,"enemies":"Lots of Slimes","floor":10.0,"turns":5.0},{"damage":8.0,"enemies":"Gremlin Nob","floor":12.0,"turns":4.0},{"damage":0,"enemies":"Looter","floor":13,"turns":4},{"damage":0,"enemies":"3 Louse","floor":14,"turns":3},{"damage":12,"enemies":"The Guardian","floor":16,"turns":10},{"damage":17,"enemies":"2 Thieves","floor":18,"turns":5},{"damage":6,"enemies":"Shell Parasite","floor":19,"turns":5}],"seed_played":"-3583516722288211781","potions_obtained":[{"floor":5.0,"key":"Block Potion"},{"floor":8.0,"key":"Ancient Potion"},{"floor":10.0,"key":"Swift Potion"},{"floor":14,"key":"Weak Potion"},{"floor":18,"key":"Explosive Potion"}],"is_trial":false,"path_per_floor":["M","?","$","M","M","R","E","M","T","M","R","E","M","M","R","B",null,"M","M"],"character_chosen":"THE_SILENT","items_purchased":["Well Laid Plans"],"campfire_rested":2,"item_purchase_floors":[3],"current_hp_per_floor":[63,63,63,54,47,47,30,30,30,24,45,37,39,39,60,48,66,49,43],"gold":290,"neow_bonus":"RANDOM_COMMON_RELIC","is_prod":false,"is_daily":false,"chose_seed":false,"campfire_upgraded":1,"win_rate":0,"timestamp":1548744638,"path_taken":["M","?","$","M","?","R","E","M","T","M","R","E","M","M","R","BOSS","M","?"],"build_version":"2019-01-23","purchased_purges":0,"victory":false,"max_hp_per_floor":[70,70,70,70,70,70,70,70,70,70,70,70,72,72,72,72,72,72,72],"card_choices":[{"not_picked":["Dodge and Roll","Outmaneuver"],"picked":"Noxious Fumes","floor":1.0},{"not_picked":["Underhanded Strike","Calculated Gamble"],"picked":"Deadly Poison","floor":4.0},{"not_picked":["Finisher","Blur","Outmaneuver"],"picked":"SKIP","floor":5.0},{"not_picked":["Slice","Masterful Stab"],"picked":"Glass Knife","floor":7.0},{"not_picked":["Deflect","Well Laid Plans"],"picked":"Dodge and Roll","floor":8.0},{"not_picked":["Flying Knee","Calculated Gamble"],"picked":"Dash","floor":10.0},{"not_picked":["Envenom","Finisher"],"picked":"Dagger Spray","floor":12},{"not_picked":["Acrobatics","Prepared","Quick Slash"],"picked":"Singing Bowl","floor":13},{"not_picked":["Backflip","Setup"],"picked":"Sucker Punch","floor":14},{"not_picked":["Tools of the Trade","Venomology"],"picked":"Malaise","floor":16},{"not_picked":["Underhanded Strike","Outmaneuver+1"],"picked":"Leg Sweep","floor":18}],"player_experience":408190,"relics_obtained":[{"floor":7.0,"key":"Dead Branch"},{"floor":9.0,"key":"Singing Bowl"},{"floor":12,"key":"Bottled Tornado"}],"event_choices":[{"damage_healed":0.0,"max_hp_gain":0.0,"max_hp_loss":0.0,"gold_gain":0.0,"event_name":"FaceTrader","player_choice":"Trade","floor":2.0,"gold_loss":0.0,"damage_taken":0.0,"relics_obtained":["GremlinMask"]}],"is_beta":false,"boss_relics":[{"not_picked":["Black Star","Runic Dome"],"picked":"HoveringKite"}],"items_purged_floors":[],"is_endless":false,"potions_floor_spawned":[5,8,10,14,18],"killed_by":"Shell Parasite","ascension_level":6}