{"gold_per_floor":[15,25,25,42,42,42,58,90,90,90,109,109,109,36,36,135,135,154,154,166,91,91,91,126,126,177,177,177,204,204,129,129,234,234,253,266,284,284,167,167,182,182,205,221,253,0,0,0,0,0],"floor_reached":51,"playtime":2057,"items_purged":["Rebound","Parasite"],"score":1071,"play_id":"e50a0464-4348-42da-a53b-7127ae1b023c","local_time":"20181026170712","is_ascension_mode":true,"campfire_choices":[{"data":"Chaos","floor":6,"key":"SMITH"},{"data":"Zap","floor":10,"key":"SMITH"},{"data":"Defragment","floor":13,"key":"SMITH"},{"floor":15,"key":"REST"},{"floor":23,"key":"REST"},{"data":"Capacitor","floor":28,"key":"SMITH"},{"data":"Glacier","floor":30,"key":"SMITH"},{"floor":32,"key":"REST"},{"data":"Glacier","floor":40,"key":"SMITH"},{"data":"Go for the Eyes","floor":42,"key":"SMITH"},{"data":"Echo Form","floor":49,"key":"SMITH"}],"neow_cost":"NO_GOLD","seed_source_timestamp":241722566712307,"circlet_count":0,"master_deck":["Zap+1","Dualcast","AscendersBane","Electrodynamics+1","Chaos+1","Glacier+1","Chill","Defragment+1","Capacitor+1","Echo Form","Coolheaded","Barrage","Double Energy","Undo","Go for the Eyes+1","Cold Snap+1","Conserve Battery","Steam+1","Cold Snap+1","Echo Form+1","Turbo+1","BootSequence","Coolheaded","Glacier+1","Barrage","Tempest+1","FTL+1","Madness","Doubt"],"relics":["Cracked Core","Blue Candle","Bottled Lightning","Pandora\u0027s Box","Juzu Bracelet","Smiling Mask","Pantograph","Matryoshka","Coffee Dripper","Lantern","Orichalcum","Regal Pillow","Red Mask"],"potions_floor_usage":[50],"damage_taken":[{"damage":2,"enemies":"Jaw Worm","floor":1,"turns":3},{"damage":1,"enemies":"Cultist","floor":2,"turns":3},{"damage":11,"enemies":"2 Louse","floor":4,"turns":2},{"damage":12,"enemies":"2 Fungi Beasts","floor":7,"turns":2},{"damage":8,"enemies":"3 Sentries","floor":8,"turns":8},{"damage":13,"enemies":"Large Slime","floor":11,"turns":6},{"damage":18,"enemies":"Slime Boss","floor":16,"turns":9},{"damage":3,"enemies":"Spheric Guardian","floor":18,"turns":4},{"damage":29,"enemies":"2 Thieves","floor":20,"turns":3},{"damage":21,"enemies":"Gremlin Leader","floor":24,"turns":8},{"damage":25,"enemies":"Slavers","floor":29,"turns":5},{"damage":33,"enemies":"Automaton","floor":33,"turns":10},{"damage":12,"enemies":"3 Shapes","floor":35,"turns":5},{"damage":0,"enemies":"Orb Walker","floor":36,"turns":3},{"damage":9,"enemies":"Writhing Mass","floor":37,"turns":8},{"damage":12,"enemies":"Transient","floor":41,"turns":5},{"damage":15,"enemies":"3 Darklings","floor":44,"turns":4},{"damage":16,"enemies":"Giant Head","floor":45,"turns":11},{"damage":14,"enemies":"Donu and Deca","floor":50,"turns":6}],"seed_played":"-7125095746184499680","potions_obtained":[{"floor":1,"key":"SteroidPotion"},{"floor":2,"key":"LiquidBronze"},{"floor":7,"key":"AttackPotion"},{"floor":24,"key":"FocusPotion"},{"floor":33,"key":"Block Potion"},{"floor":37,"key":"PowerPotion"},{"floor":45,"key":"FairyPotion"}],"is_trial":false,"path_per_floor":["M","M","?","M","$","R","M","E","T","R","M","?","R","$","R","B",null,"M","?","M","$","?","R","E","?","T","T","R","E","R","?","R","B",null,"M","M","M","?","$","R","M","R","T","M","E","?","?","?","R","B"],"character_chosen":"DEFECT","items_purchased":["Capacitor","Glacier"],"campfire_rested":3,"item_purchase_floors":[14,39],"current_hp_per_floor":[66,65,65,54,54,54,42,34,34,34,21,21,21,21,43,25,63,60,53,24,24,49,71,50,50,50,50,50,25,25,25,47,39,66,54,54,45,45,45,45,33,33,33,18,2,2,2,72,72,58],"gold":0,"neow_bonus":"THREE_RARE_CARDS","is_prod":false,"is_daily":false,"chose_seed":false,"campfire_upgraded":8,"win_rate":0,"timestamp":1540541232,"path_taken":["M","M","?","M","$","R","M","E","T","R","M","?","R","$","R","BOSS","M","?","M","?","?","R","E","?","T","?","R","E","R","?","R","BOSS","M","M","M","?","?","R","M","R","T","M","E","?","?","?","R","BOSS"],"build_version":"2018-10-25v2","purchased_purges":2,"victory":true,"max_hp_per_floor":[75,75,75,75,75,75,75,75,75,75,75,75,75,75,75,75,75,75,75,75,75,75,75,75,75,75,75,75,75,75,75,75,75,75,75,75,75,75,72,72,72,72,72,72,72,72,72,72,72,72],"card_choices":[{"not_picked":["Core Surge","Creative AI"],"picked":"Electrodynamics","floor":0},{"not_picked":["Lockon","Beam Cell"],"picked":"Chaos","floor":1},{"not_picked":["Gash","Turbo"],"picked":"Glacier","floor":2},{"not_picked":["White Noise","Skim"],"picked":"Chill","floor":4},{"not_picked":["Streamline","Sweeping Beam"],"picked":"Coolheaded","floor":7},{"not_picked":["Streamline","Genetic Algorithm","Rebound"],"picked":"SKIP","floor":8},{"not_picked":["Reprogram","Genetic Algorithm"],"picked":"Defragment","floor":11},{"not_picked":["All For One","Thunder Strike"],"picked":"Echo Form","floor":16},{"not_picked":["Steam+1","Doom and Gloom"],"picked":"Cold Snap+1","floor":18},{"not_picked":["BootSequence","Turbo"],"picked":"Conserve Battery","floor":20},{"not_picked":["Turbo","Chaos"],"picked":"Steam+1","floor":24},{"not_picked":["All For One","Barrage+1"],"picked":"Cold Snap+1","floor":29},{"not_picked":["Meteor Strike","All For One"],"picked":"Echo Form","floor":33},{"not_picked":["Redo+1","Sweeping Beam"],"picked":"Turbo+1","floor":35},{"not_picked":["Scrape+1","Gash+1"],"picked":"BootSequence","floor":36},{"not_picked":["Turbo+1","Recycle+1"],"picked":"Coolheaded","floor":37},{"not_picked":["Aggregate","Melter"],"picked":"Barrage","floor":41},{"not_picked":["Streamline","Reprogram"],"picked":"Tempest+1","floor":44},{"not_picked":["Genetic Algorithm+1","Leap"],"picked":"FTL+1","floor":45},{"not_picked":["Bandage Up","Finesse"],"picked":"Madness","floor":47}],"player_experience":545778,"relics_obtained":[{"floor":8,"key":"Blue Candle"},{"floor":9,"key":"Bottled Lightning"},{"floor":24,"key":"Juzu Bracelet"},{"floor":26,"key":"Smiling Mask"},{"floor":27,"key":"Pantograph"},{"floor":29,"key":"Matryoshka"},{"floor":43,"key":"Lantern"},{"floor":43,"key":"Orichalcum"},{"floor":45,"key":"Regal Pillow"}],"event_choices":[{"cards_removed":["Strike_B"],"damage_healed":0,"gold_gain":0,"player_choice":"Offered Basic","damage_taken":0,"max_hp_gain":0,"max_hp_loss":0,"event_name":"Bonfire Elementals","floor":3,"gold_loss":0},{"damage_healed":0,"gold_gain":0,"player_choice":"Fled","damage_taken":0,"max_hp_gain":0,"max_hp_loss":0,"event_name":"Scrap Ooze","floor":12,"gold_loss":0},{"damage_healed":0,"gold_gain":0,"player_choice":"Damaged","damage_taken":7,"max_hp_gain":0,"max_hp_loss":0,"event_name":"Wheel of Change","floor":19,"gold_loss":0},{"damage_healed":25,"gold_gain":0,"player_choice":"Heal","damage_taken":0,"max_hp_gain":0,"max_hp_loss":0,"event_name":"The Library","floor":22,"gold_loss":0},{"damage_healed":0,"gold_gain":0,"player_choice":"Upgraded","damage_taken":0,"max_hp_gain":0,"max_hp_loss":0,"event_name":"Upgrade Shrine","floor":25,"gold_loss":0,"cards_upgraded":["Electrodynamics"]},{"cards_removed":["Heatsinks"],"damage_healed":0,"gold_gain":0,"player_choice":"Gave Gold","damage_taken":0,"max_hp_gain":0,"max_hp_loss":0,"event_name":"Beggar","floor":31,"gold_loss":75},{"cards_removed":["Coolheaded"],"damage_healed":0,"gold_gain":0,"player_choice":"Removed Skill","damage_taken":0,"max_hp_gain":0,"max_hp_loss":0,"event_name":"Falling","floor":38,"gold_loss":0},{"damage_healed":0,"gold_gain":0,"player_choice":"Paid","damage_taken":0,"relics_obtained":["Red Mask"],"max_hp_gain":0,"max_hp_loss":0,"event_name":"Tomb of Lord Red Mask","floor":46,"gold_loss":253},{"damage_healed":0,"gold_gain":0,"player_choice":"Memory 1","damage_taken":0,"max_hp_gain":0,"max_hp_loss":0,"event_name":"SensoryStone","floor":47,"gold_loss":0},{"damage_healed":70,"gold_gain":0,"player_choice":"Heal","damage_taken":0,"max_hp_gain":0,"max_hp_loss":0,"event_name":"MindBloom","floor":48,"gold_loss":0,"cards_obtained":["Doubt"]}],"is_beta":false,"boss_relics":[{"not_picked":["Calling Bell","Fusion Hammer"],"picked":"Pandora\u0027s Box"},{"not_picked":["Black Star","Nuclear Battery"],"picked":"Coffee Dripper"}],"items_purged_floors":[21,39],"is_endless":false,"potions_floor_spawned":[1,2,7,11,24,33,35,36,37,45],"ascension_level":11}