{"gold_per_floor":[110,40,51,51,25,25,56,74,145,171,246,246,36,49,49,147,147,164,264,264,276,287,287,320,419,419,451,95,95,17,17,17,114,114,130,130,230,55,70,102,102,131,131,147,147,165,165,180,180,180],"floor_reached":51,"playtime":2192,"items_purged":["Strike_B","Defend_B"],"score":1134,"play_id":"9bb1ba35-ac2a-4588-a4e8-eef8de80410e","local_time":"20190206013220","is_ascension_mode":true,"campfire_choices":[{"data":"Zap","floor":6,"key":"SMITH"},{"floor":12,"key":"REST"},{"data":"Defragment","floor":15,"key":"SMITH"},{"data":"Chill","floor":23,"key":"SMITH"},{"data":"Seek","floor":29,"key":"SMITH"},{"data":"Loop","floor":32,"key":"SMITH"},{"data":"Echo Form","floor":41,"key":"SMITH"},{"floor":47,"key":"RECALL"},{"data":"Core Surge","floor":49,"key":"SMITH"}],"neow_cost":"NONE","seed_source_timestamp":3281218069237,"circlet_count":0,"master_deck":["Strike_B","Strike_B","Strike_B","Defend_B","Defend_B","Defend_B","Zap+1","Dualcast+1","Ball Lightning","Core Surge+1","Hologram","Coolheaded+1","Cold Snap","Defragment+1","Chill+1","Seek+1","Compile Driver","Hologram+1","Leap+1","Sweeping Beam+1","Defragment+1","Loop+1","Echo Form+1","Good Instincts+1","Loop+1","Darkness+1","Capacitor+1","Parasite"],"relics":["Cracked Core","NeowsBlessing","Oddly Smooth Stone","Bottled Tornado","War Paint","Runic Capacitor","Coffee Dripper","Turnip","Toxic Egg 2","MutagenicStrength","Kunai","Symbiotic Virus","PreservedInsect","MealTicket","Runic Pyramid","Torii","DataDisk","Emotion Chip","Sundial","FaceOfCleric"],"potions_floor_usage":[16,19,19,24,24,33,48,50],"damage_taken":[{"damage":0,"enemies":"Small Slimes","floor":1,"turns":1},{"damage":0,"enemies":"Cultist","floor":3,"turns":1},{"damage":0,"enemies":"Lagavulin","floor":7,"turns":1},{"damage":0,"enemies":"2 Louse","floor":8,"turns":2},{"damage":28,"enemies":"Gremlin Nob","floor":10,"turns":4},{"damage":6,"enemies":"Exordium Thugs","floor":14,"turns":4},{"damage":4,"enemies":"Hexaghost","floor":16,"turns":9},{"damage":0,"enemies":"Shell Parasite","floor":18,"turns":4},{"damage":4,"enemies":"Colosseum Slavers","floor":19,"turns":3},{"damage":13,"enemies":"Colosseum Nobs","floor":19,"turns":4},{"damage":0,"enemies":"Spheric Guardian","floor":21,"turns":4},{"damage":9,"enemies":"Centurion and Healer","floor":22,"turns":5},{"damage":8,"enemies":"Slavers","floor":24,"turns":8},{"damage":20,"enemies":"Gremlin Leader","floor":27,"turns":6},{"damage":23,"enemies":"Collector","floor":33,"turns":5},{"damage":19,"enemies":"3 Shapes","floor":35,"turns":2},{"damage":0,"enemies":"Mind Bloom Boss Battle","floor":37,"turns":5},{"damage":7,"enemies":"Orb Walker","floor":39,"turns":3},{"damage":13,"enemies":"Nemesis","floor":40,"turns":5},{"damage":0,"enemies":"Giant Head","floor":42,"turns":5},{"damage":17,"enemies":"Writhing Mass","floor":44,"turns":5},{"damage":2,"enemies":"Spire Growth","floor":46,"turns":6},{"damage":0,"enemies":"Jaw Worm Horde","floor":48,"turns":4},{"damage":1,"enemies":"Donu and Deca","floor":50,"turns":9}],"seed_played":"2493486799346004283","potions_obtained":[{"floor":7,"key":"Energy Potion"},{"floor":8,"key":"Ancient Potion"},{"floor":10,"key":"Explosive Potion"},{"floor":14,"key":"Weak Potion"},{"floor":18,"key":"Weak Potion"},{"floor":22,"key":"Block Potion"},{"floor":35,"key":"Poison Potion"},{"floor":37,"key":"PowerPotion"},{"floor":42,"key":"Swift Potion"},{"floor":48,"key":"EssenceOfSteel"}],"is_trial":false,"path_per_floor":["M","$","M","?","$","R","E","M","T","E","?","R","$","M","R","B",null,"M","?","?","M","M","R","E","?","T","E","$","R","$","$","R","B",null,"M","?","?","$","M","E","R","E","T","M","?","M","R","M","R","B",null],"character_chosen":"DEFECT","items_purchased":["Core Surge","Coolheaded","Runic Capacitor","Regen Potion","MealTicket","Loop","Darkness+1"],"campfire_rested":1,"item_purchase_floors":[2,5,13,28,28,30,38],"current_hp_per_floor":[68,68,68,68,68,68,68,68,68,40,29,51,51,45,45,41,67,67,50,50,50,41,41,33,33,33,13,13,13,13,28,28,14,60,41,41,41,56,49,36,36,36,36,19,19,18,18,19,19,19],"gold":180,"neow_bonus":"THREE_ENEMY_KILL","is_prod":false,"is_daily":false,"chose_seed":false,"campfire_upgraded":7,"win_rate":0,"timestamp":1549434740,"path_taken":["M","$","M","?","$","R","E","?","T","E","?","R","?","M","R","BOSS","M","?","?","M","?","R","E","?","T","E","$","R","?","$","R","BOSS","M","?","?","$","M","E","R","E","T","M","?","M","R","?","R","BOSS"],"build_version":"2019-01-23","purchased_purges":2,"victory":true,"max_hp_per_floor":[75,75,75,75,75,75,75,75,75,75,75,75,75,75,75,75,75,75,75,75,75,75,75,75,75,75,75,75,75,75,75,75,75,75,75,75,75,75,75,75,75,75,75,75,75,76,76,77,77,78],"card_choices":[{"not_picked":["Leap","Beam Cell"],"picked":"Ball Lightning","floor":1},{"not_picked":["Rip and Tear","Redo"],"picked":"Hologram","floor":3},{"not_picked":["Ball Lightning","Thunder Strike"],"picked":"Cold Snap","floor":7},{"not_picked":["Capacitor","Storm"],"picked":"Defragment","floor":8},{"not_picked":["Blizzard","Darkness"],"picked":"Chill","floor":10},{"not_picked":["Double Energy","Fusion","Turbo"],"picked":"SKIP","floor":14},{"not_picked":["Core Surge","Hyperbeam"],"picked":"Seek","floor":16},{"not_picked":["Melter+1","Streamline"],"picked":"Compile Driver","floor":18},{"not_picked":["Cold Snap","Stack"],"picked":"Hologram+1","floor":19},{"not_picked":["Static Discharge+1","Go for the Eyes"],"picked":"Leap+1","floor":21},{"not_picked":["Force Field+1","Skim+1","Stack+1"],"picked":"SKIP","floor":22},{"not_picked":["Chill+1","Rebound"],"picked":"Sweeping Beam+1","floor":24},{"not_picked":["Steam+1","Multi-Cast+1"],"picked":"Defragment+1","floor":27},{"not_picked":["Fission+1","Rainbow+1"],"picked":"Echo Form","floor":33},{"not_picked":["Barrage+1","Stack+1","Auto Shields+1"],"picked":"SKIP","floor":35},{"not_picked":["Transmutation+1","Master of Strategy+1"],"picked":"Good Instincts+1","floor":36},{"not_picked":["Steam+1","Darkness+1"],"picked":"Loop+1","floor":37},{"not_picked":["Redo+1","Steam Power+1","Go for the Eyes"],"picked":"SKIP","floor":39},{"not_picked":["Stack+1","Tempest+1","Creative AI"],"picked":"SKIP","floor":40},{"not_picked":["Stack+1","Defragment"],"picked":"Capacitor+1","floor":42},{"not_picked":["Loop+1","Chill+1","Turbo+1"],"picked":"SKIP","floor":44},{"not_picked":["Force Field+1","Coolheaded+1","Sunder+1"],"picked":"SKIP","floor":46},{"not_picked":["Glacier+1","Turbo+1","Streamline"],"picked":"SKIP","floor":48}],"player_experience":462226,"relics_obtained":[{"floor":7,"key":"Oddly Smooth Stone"},{"floor":9,"key":"Bottled Tornado"},{"floor":10,"key":"War Paint"},{"floor":19,"key":"Turnip"},{"floor":19,"key":"Toxic Egg 2"},{"floor":24,"key":"Kunai"},{"floor":26,"key":"Symbiotic Virus"},{"floor":27,"key":"PreservedInsect"},{"floor":37,"key":"Torii"},{"floor":40,"key":"DataDisk"},{"floor":42,"key":"Emotion Chip"},{"floor":43,"key":"Sundial"}],"event_choices":[{"damage_healed":0,"gold_gain":0,"player_choice":"Bought 0 Potions","damage_taken":0,"max_hp_gain":0,"max_hp_loss":0,"event_name":"The Woman in Blue","floor":4,"gold_loss":0},{"damage_healed":0,"gold_gain":75,"player_choice":"Gather Gold","damage_taken":11,"max_hp_gain":0,"max_hp_loss":0,"event_name":"World of Goop","floor":11,"gold_loss":0},{"damage_healed":0,"gold_gain":0,"player_choice":"Fight","damage_taken":0,"max_hp_gain":0,"max_hp_loss":0,"event_name":"Colosseum","floor":19,"gold_loss":0},{"damage_healed":0,"gold_gain":0,"player_choice":"Fought Nobs","damage_taken":0,"max_hp_gain":0,"max_hp_loss":0,"event_name":"Colosseum","floor":19,"gold_loss":0},{"damage_healed":0,"gold_gain":0,"player_choice":"Inject Mutagens","damage_taken":0,"relics_obtained":["MutagenicStrength"],"max_hp_gain":0,"max_hp_loss":0,"event_name":"Drug Dealer","floor":20,"gold_loss":0},{"damage_healed":0,"gold_gain":99,"player_choice":"Stole From Cult","damage_taken":0,"max_hp_gain":0,"max_hp_loss":0,"event_name":"Nest","floor":25,"gold_loss":0},{"damage_healed":0,"gold_gain":0,"player_choice":"Memory 1","damage_taken":0,"max_hp_gain":0,"max_hp_loss":0,"event_name":"SensoryStone","floor":36,"gold_loss":0},{"damage_healed":0,"gold_gain":0,"player_choice":"Fight","damage_taken":0,"max_hp_gain":0,"max_hp_loss":0,"event_name":"MindBloom","floor":37,"gold_loss":0},{"damage_healed":0,"gold_gain":0,"player_choice":"Trade","damage_taken":0,"relics_obtained":["FaceOfCleric"],"max_hp_gain":0,"max_hp_loss":0,"event_name":"FaceTrader","floor":45,"gold_loss":0}],"is_beta":false,"boss_relics":[{"not_picked":["Velvet Choker","Pandora\u0027s Box"],"picked":"Coffee Dripper"},{"not_picked":["Snecko Eye","Fusion Hammer"],"picked":"Runic Pyramid"}],"items_purged_floors":[28,38],"is_endless":false,"potions_floor_spawned":[7,8,10,14,18,19,22,35,37,42,48],"ascension_level":8}