{"gold_per_floor":[109,127,127,139,113,139,139,168,195,209,235,235],"floor_reached":12,"playtime":396,"items_purged":[],"score":108,"play_id":"ce079262-bb80-4cef-a2eb-33726658e1c5","local_time":"20190114225244","is_ascension_mode":true,"campfire_choices":[{"floor":7,"key":"REST"}],"neow_cost":"NONE","seed_source_timestamp":502425681455387,"circlet_count":0,"master_deck":["Defend_G","Defend_G","Defend_G","Defend_G","Defend_G","Strike_G","Strike_G","Strike_G","Strike_G","Strike_G","Survivor","Neutralize+1","Quick Slash","Deadly Poison","Poisoned Stab","Bane","Finisher","Slice","Footwork","Deadly Poison"],"relics":["Ring of the Snake","NeowsBlessing","Pen Nib","Omamori","Bag of Preparation","Orichalcum"],"potions_floor_usage":[8],"damage_taken":[{"damage":0,"enemies":"Cultist","floor":1,"turns":1},{"damage":0,"enemies":"Small Slimes","floor":2,"turns":1},{"damage":0,"enemies":"Jaw Worm","floor":4,"turns":1},{"damage":29,"enemies":"Lagavulin","floor":6,"turns":7},{"damage":6,"enemies":"Gremlin Nob","floor":8,"turns":3},{"damage":14,"enemies":"Gremlin Gang","floor":10,"turns":3},{"damage":20,"enemies":"Lagavulin","floor":11,"turns":7},{"damage":0,"enemies":"3 Louse","floor":12,"turns":1}],"seed_played":"-3541897855379967573","potions_obtained":[{"floor":6,"key":"Poison Potion"},{"floor":8,"key":"Explosive Potion"},{"floor":11,"key":"AttackPotion"}],"is_trial":false,"path_per_floor":["M","M","?","M","$","E","R","E","T","M","E","M"],"character_chosen":"THE_SILENT","items_purchased":["Bane"],"campfire_rested":1,"item_purchase_floors":[5],"current_hp_per_floor":[70,70,70,70,70,41,62,56,56,42,22,22],"gold":235,"neow_bonus":"THREE_ENEMY_KILL","is_prod":false,"is_daily":false,"chose_seed":false,"campfire_upgraded":0,"win_rate":0,"timestamp":1547535164,"path_taken":["M","?","?","M","?","E","R","E","T","M","E","?"],"build_version":"2019-01-10","purchased_purges":0,"victory":false,"max_hp_per_floor":[70,70,70,70,70,70,70,70,70,70,70,70],"card_choices":[{"not_picked":["Sucker Punch","PiercingWail"],"picked":"Quick Slash","floor":1},{"not_picked":["Poisoned Stab","Skewer"],"picked":"Deadly Poison","floor":2},{"not_picked":["Prepared","Cloak And Dagger"],"picked":"Poisoned Stab","floor":4},{"not_picked":["Dodge and Roll","Flying Knee"],"picked":"Finisher","floor":6},{"not_picked":["Endless Agony","Dagger Spray"],"picked":"Slice","floor":8},{"not_picked":["Skewer","Bouncing Flask"],"picked":"Footwork","floor":10},{"not_picked":["Concentrate","Prepared"],"picked":"Deadly Poison","floor":11}],"player_experience":216652,"relics_obtained":[{"floor":6,"key":"Pen Nib"},{"floor":8,"key":"Omamori"},{"floor":9,"key":"Bag of Preparation"},{"floor":11,"key":"Orichalcum"}],"event_choices":[{"damage_healed":0,"gold_gain":0,"player_choice":"Grow","damage_taken":0,"max_hp_gain":0,"max_hp_loss":0,"event_name":"Living Wall","floor":3,"gold_loss":0,"cards_upgraded":["Neutralize"]}],"is_beta":false,"boss_relics":[],"items_purged_floors":[],"is_endless":false,"potions_floor_spawned":[6,8,11],"killed_by":"3 Louse","ascension_level":2}