{"gold_per_floor":[217,237,256,15,15,48,48,63,114,114,143,18,32,32,32,134,134,152,167,437,451,464,464,464],"floor_reached":24,"playtime":1858,"items_purged":[],"score":208,"play_id":"20dd612f-3f6d-451a-a1c0-51a701d2dcea","local_time":"20190202163738","is_ascension_mode":false,"campfire_choices":[{"floor":7,"key":"REST"},{"floor":10,"key":"REST"},{"data":"Sunder","floor":15,"key":"SMITH"},{"floor":23,"key":"REST"}],"neow_cost":"NONE","seed_source_timestamp":2130665733553427,"circlet_count":0,"master_deck":["Strike_B","Strike_B","Strike_B","Strike_B+1","Defend_B","Defend_B","Defend_B","Defend_B","Zap","Dualcast","Doom and Gloom","Leap","Turbo","BootSequence+1","Leap","Rip and Tear","Ball Lightning","Redo","Sunder+1","Echo Form","Glacier+1","Rebound+1","Thunder Strike","Stack+1"],"relics":["Cracked Core","Membership Card","Singing Bowl","Dream Catcher","Potion Belt","Question Card","Velvet Choker"],"potions_floor_usage":[2,6,6,8,11,16,22,22],"damage_taken":[{"damage":0,"enemies":"Small Slimes","floor":1,"turns":3},{"damage":6,"enemies":"Jaw Worm","floor":2,"turns":3},{"damage":1,"enemies":"2 Louse","floor":3,"turns":3},{"damage":26,"enemies":"Gremlin Nob","floor":6,"turns":4},{"damage":4,"enemies":"Exordium Thugs","floor":8,"turns":4},{"damage":9,"enemies":"Lagavulin","floor":11,"turns":7},{"damage":3,"enemies":"Lots of Slimes","floor":13,"turns":4},{"damage":36,"enemies":"The Guardian","floor":16,"turns":10},{"damage":0,"enemies":"Chosen","floor":18,"turns":4},{"damage":3,"enemies":"3 Byrds","floor":19,"turns":5},{"damage":13,"enemies":"Centurion and Healer","floor":21,"turns":6},{"damage":15,"enemies":"3 Cultists","floor":22,"turns":5},{"damage":48,"enemies":"Cultist and Chosen","floor":24,"turns":6}],"seed_played":"3464878807143453312","potions_obtained":[{"floor":1,"key":"EntropicBrew"},{"floor":8,"key":"SpeedPotion"},{"floor":11,"key":"Block Potion"},{"floor":19,"key":"Energy Potion"},{"floor":21,"key":"Fire Potion"}],"is_trial":false,"path_per_floor":["M","M","M","$","?","E","R","M","T","R","E","$","M","?","R","B",null,"M","M","?","M","M","R","M"],"character_chosen":"DEFECT","items_purchased":["Membership Card","BootSequence","Question Card"],"campfire_rested":3,"item_purchase_floors":[4,4,12],"current_hp_per_floor":[75,69,68,68,53,27,49,45,45,67,58,58,55,60,60,24,80,80,79,47,34,19,43,0],"gold":464,"neow_bonus":"HUNDRED_GOLD","is_prod":false,"is_daily":false,"chose_seed":false,"campfire_upgraded":1,"win_rate":0.0,"timestamp":1549161458,"path_taken":["M","M","M","$","?","E","R","M","T","R","E","?","M","?","R","BOSS","M","M","?","M","M","R","?"],"build_version":"2019-01-23","purchased_purges":0,"victory":false,"max_hp_per_floor":[75,75,75,75,75,75,75,75,75,75,75,75,75,80,80,80,80,80,82,82,82,82,82,82],"card_choices":[{"not_picked":["Turbo","Sweeping Beam"],"picked":"Doom and Gloom","floor":1},{"not_picked":["Stack","Redo"],"picked":"Leap","floor":2},{"not_picked":["Cold Snap","Coolheaded"],"picked":"Turbo","floor":3},{"not_picked":["Static Discharge","Rebound"],"picked":"Leap","floor":6},{"not_picked":["Rebound","Fission"],"picked":"Rip and Tear","floor":8},{"not_picked":["Auto Shields","Steam Power"],"picked":"Ball Lightning","floor":10},{"not_picked":["Undo","Skim"],"picked":"Redo","floor":11},{"not_picked":["Aggregate","Tempest","Blizzard"],"picked":"Sunder","floor":13},{"not_picked":["Reboot","Seek","Buffer"],"picked":"Echo Form","floor":16},{"not_picked":["Steam Power+1","Compile Driver","BootSequence"],"picked":"Glacier+1","floor":18},{"not_picked":["Steam","Gash","Hologram","Steam Power"],"picked":"Singing Bowl","floor":19},{"not_picked":["Hologram","Cold Snap","Barrage"],"picked":"Rebound+1","floor":21},{"not_picked":["Turbo+1","Conserve Battery","Rebound"],"picked":"Thunder Strike","floor":22},{"not_picked":["Loop","Go for the Eyes","Capacitor+1"],"picked":"Stack+1","floor":23}],"player_experience":65785,"relics_obtained":[{"floor":6,"key":"Singing Bowl"},{"floor":9,"key":"Dream Catcher"},{"floor":11,"key":"Potion Belt"}],"event_choices":[{"damage_healed":0,"gold_gain":0,"player_choice":"Entered Light","damage_taken":15,"max_hp_gain":0,"max_hp_loss":0,"event_name":"Shining Light","floor":5,"gold_loss":0,"cards_upgraded":["BootSequence","Strike_B"]},{"damage_healed":0,"gold_gain":0,"player_choice":"Donut","damage_taken":0,"max_hp_gain":5,"max_hp_loss":0,"event_name":"Big Fish","floor":14,"gold_loss":0},{"damage_healed":0,"gold_gain":270,"player_choice":"GOLD GOLD GOLD ","damage_taken":32,"max_hp_gain":0,"max_hp_loss":0,"event_name":"Knowing Skull","floor":20,"potions_obtained":[],"gold_loss":0,"cards_obtained":[]}],"is_beta":false,"boss_relics":[{"not_picked":["Black Star","Lizard Tail"],"picked":"Velvet Choker"}],"items_purged_floors":[],"is_endless":false,"potions_floor_spawned":[1,8,11,19,21],"killed_by":"Cultist and Chosen","ascension_level":0}