{"gold_per_floor":[109,126,96,61,80,115,115,146,146,45,45,56,56,56],"floor_reached":14,"playtime":765,"items_purged":["Strike_B"],"score":137,"play_id":"1ec512c4-f214-4130-bfbd-f5c1ff3bffba","local_time":"20190202220750","is_ascension_mode":true,"campfire_choices":[{"data":"Machine Learning","floor":7,"key":"SMITH"},{"data":"Zap","floor":13,"key":"SMITH"}],"neow_cost":"NONE","seed_source_timestamp":180211729918890,"circlet_count":0,"master_deck":["Strike_B","Strike_B","Strike_B","Defend_B","Defend_B","Defend_B","Defend_B","Zap+1","Dualcast","Consume","Cold Snap","Lockon","Sunder+1","Machine Learning+1","Machine Learning","Leap","Coolheaded"],"relics":["Cracked Core","Meat on the Bone","Gambling Chip","Girya"],"potions_floor_usage":[6,6,8,14],"damage_taken":[{"damage":3,"enemies":"Jaw Worm","floor":1,"turns":4},{"damage":6,"enemies":"Cultist","floor":2,"turns":4},{"damage":0,"enemies":"Small Slimes","floor":5,"turns":3},{"damage":45,"enemies":"Lagavulin","floor":6,"turns":9},{"damage":24,"enemies":"3 Sentries","floor":8,"turns":7},{"damage":9,"enemies":"Exordium Thugs","floor":12,"turns":6},{"damage":17,"enemies":"Gremlin Gang","floor":14,"turns":4}],"seed_played":"-4460326062141355934","potions_obtained":[{"floor":1,"key":"Strength Potion"},{"floor":3,"key":"SteroidPotion"},{"floor":3,"key":"Fruit Juice"},{"floor":6,"key":"Poison Potion"},{"floor":12,"key":"SneckoOil"}],"is_trial":false,"path_per_floor":["M","M","?","$","M","E","R","E","T","$","?","M","R","M"],"character_chosen":"DEFECT","items_purchased":["Lockon","Leap"],"campfire_rested":0,"item_purchase_floors":[4,10],"current_hp_per_floor":[72,66,66,66,66,26,26,14,14,14,14,17,17,0],"gold":56,"neow_bonus":"TEN_PERCENT_HP_BONUS","is_prod":false,"is_daily":false,"chose_seed":false,"campfire_upgraded":2,"win_rate":0,"timestamp":1549174070,"path_taken":["M","M","?","?","M","E","R","E","T","$","?","?","R","M"],"build_version":"2019-01-23","purchased_purges":1,"victory":false,"max_hp_per_floor":[82,82,82,82,82,87,87,87,87,87,87,87,87,87],"card_choices":[{"not_picked":["Aggregate","Heatsinks"],"picked":"Consume","floor":1},{"not_picked":["Stack","Rebound"],"picked":"Cold Snap","floor":2},{"not_picked":["Barrage","Rip and Tear"],"picked":"Sunder","floor":5},{"not_picked":["Gash","Compile Driver"],"picked":"Machine Learning","floor":6},{"not_picked":["Rebound","Sweeping Beam"],"picked":"Machine Learning","floor":8},{"not_picked":["Barrage","Redo"],"picked":"Coolheaded","floor":12}],"player_experience":457120,"relics_obtained":[{"floor":6,"key":"Meat on the Bone"},{"floor":8,"key":"Gambling Chip"},{"floor":9,"key":"Girya"}],"event_choices":[{"damage_healed":0,"gold_gain":0,"player_choice":"Bought 2 Potions","damage_taken":0,"max_hp_gain":0,"max_hp_loss":0,"event_name":"The Woman in Blue","floor":3,"gold_loss":0},{"damage_healed":0,"gold_gain":0,"player_choice":"Forge","damage_taken":0,"max_hp_gain":0,"max_hp_loss":0,"event_name":"Accursed Blacksmith","floor":11,"gold_loss":0,"cards_upgraded":["Sunder"]}],"is_beta":false,"boss_relics":[],"items_purged_floors":[10],"is_endless":false,"potions_floor_spawned":[1,6,12],"killed_by":"Gremlin Gang","ascension_level":8}