{"gold_per_floor":[113,113,113,113,213,239,239,168,168,184,184,259,259,275,275,380,380,400,417,212,212,137,137,148,159,159,175,209,209,1,21,21,117,117,131,151,151,151],"floor_reached":39,"playtime":1720,"items_purged":[],"score":652,"play_id":"eb8f2130-c102-4a10-86b2-56cf9ce9166c","local_time":"20181025001338","daily_mods":["Draft"],"is_ascension_mode":false,"campfire_choices":[{"data":"Defragment","floor":7,"key":"SMITH"},{"data":"Loop","floor":11,"key":"SMITH"},{"data":"Tempest","floor":13,"key":"SMITH"},{"data":"Go for the Eyes","floor":15,"key":"SMITH"},{"data":"Capacitor","floor":23,"key":"SMITH"},{"data":"Biased Cognition","floor":32,"key":"SMITH"}],"neow_cost":"","seed_source_timestamp":0,"circlet_count":0,"master_deck":["Defragment+1","Go for the Eyes+1","Turbo","Beam Cell","Cold Snap","Defragment+1","Capacitor+1","Conserve Battery","Ball Lightning+1","Tempest+1","Barrage+1","Conserve Battery","White Noise","Coolheaded","Loop+1","Chill","FTL","Conserve Battery","Stack","Core Surge","Redo+1","Glacier","Defragment+1","Conserve Battery+1","Ball Lightning+1","Biased Cognition+1","Necronomicurse","Creative AI","Stack+1"],"relics":["FrozenCore","Whetstone","Letter Opener","DollysMirror","Dodecahedron","Red Mask","Necronomicon","Strange Spoon","Busted Crown"],"potions_floor_usage":[],"damage_taken":[{"damage":1,"enemies":"Jaw Worm","floor":1,"turns":2},{"damage":13,"enemies":"Lagavulin","floor":6,"turns":5},{"damage":0,"enemies":"Small Slimes","floor":10,"turns":2},{"damage":0,"enemies":"Cultist","floor":14,"turns":2},{"damage":0,"enemies":"Slime Boss","floor":16,"turns":5},{"damage":1,"enemies":"Shell Parasite","floor":18,"turns":4},{"damage":0,"enemies":"3 Byrds","floor":19,"turns":4},{"damage":3,"enemies":"Snecko","floor":24,"turns":6},{"damage":0,"enemies":"Centurion and Healer","floor":25,"turns":9},{"damage":0,"enemies":"Shelled Parasite and Fungi","floor":27,"turns":6},{"damage":5,"enemies":"Masked Bandits","floor":28,"turns":5},{"damage":0,"enemies":"Chosen and Byrds","floor":31,"turns":6},{"damage":20,"enemies":"Collector","floor":33,"turns":11},{"damage":0,"enemies":"3 Shapes","floor":35,"turns":6},{"damage":4,"enemies":"3 Darklings","floor":36,"turns":4},{"damage":13,"enemies":"Time Eater","floor":38,"turns":17}],"seed_played":"5175738416971205585","potions_obtained":[{"floor":1,"key":"Regen Potion"},{"floor":14,"key":"SpeedPotion"},{"floor":27,"key":"SmokeBomb"}],"is_trial":true,"path_per_floor":["M","?","?","?","?","E","R","$","T","M","R","?","R","M","R","B",null,"M","M","$","?","?","R","M","M","T","M","?","?","$","M","R","B",null,"M","M","?","B"],"character_chosen":"DEFECT","items_purchased":["FTL","DollysMirror","Strange Spoon"],"campfire_rested":0,"item_purchase_floors":[8,20,30],"current_hp_per_floor":[74,74,74,74,74,61,61,61,61,61,61,50,50,50,50,50,75,74,74,74,74,74,74,71,71,71,71,66,50,50,50,50,30,75,75,71,71,58],"gold":151,"neow_bonus":"","is_prod":false,"is_daily":false,"chose_seed":false,"campfire_upgraded":6,"win_rate":0,"timestamp":1540394018,"path_taken":["M","?","?","?","?","E","R","$","T","M","R","?","R","M","R","BOSS","M","M","$","?","?","R","M","M","T","?","?","?","$","M","R","BOSS","M","M","?","BOSS"],"build_version":"2018-10-23","purchased_purges":0,"victory":true,"max_hp_per_floor":[75,75,75,75,75,75,75,75,75,75,75,75,75,75,75,75,75,75,75,75,75,75,75,75,75,75,75,75,75,75,75,75,75,75,75,75,75,75],"card_choices":[{"not_picked":["Streamline","Beam Cell"],"picked":"Defragment","floor":0},{"not_picked":["Barrage","Streamline"],"picked":"Go for the Eyes","floor":0},{"not_picked":["Rebound","Redo"],"picked":"Turbo","floor":0},{"not_picked":["Cold Snap","Aggregate"],"picked":"Beam Cell","floor":0},{"not_picked":["Barrage","Compile Driver"],"picked":"Cold Snap","floor":0},{"not_picked":["Coolheaded","Redo"],"picked":"Defragment","floor":0},{"not_picked":["Steam Power","Streamline"],"picked":"Capacitor","floor":0},{"not_picked":["Compile Driver","Gash"],"picked":"Conserve Battery","floor":0},{"not_picked":["Beam Cell","Compile Driver"],"picked":"Ball Lightning","floor":0},{"not_picked":["Sweeping Beam","Reprogram"],"picked":"Tempest","floor":0},{"not_picked":["Blizzard","Turbo"],"picked":"Barrage","floor":0},{"not_picked":["Go for the Eyes","Coolheaded"],"picked":"Conserve Battery","floor":0},{"not_picked":["Heatsinks","Gash"],"picked":"White Noise","floor":0},{"not_picked":["Beam Cell","White Noise"],"picked":"Coolheaded","floor":0},{"not_picked":["Compile Driver","Skim"],"picked":"Loop","floor":0},{"not_picked":["Recycle","Hello World"],"picked":"Genetic Algorithm","floor":1},{"not_picked":["Barrage","Beam Cell"],"picked":"Chill","floor":6},{"not_picked":["Recycle","Leap"],"picked":"Conserve Battery","floor":10},{"not_picked":["Chaos","Gash"],"picked":"Stack","floor":14},{"not_picked":["Rainbow","Reboot"],"picked":"Core Surge","floor":16},{"not_picked":["Go for the Eyes+1","Scrape+1"],"picked":"Redo+1","floor":18},{"not_picked":["Streamline","Undo"],"picked":"Glacier","floor":19},{"not_picked":["Reprogram","Rip and Tear"],"picked":"Conserve Battery+1","floor":24},{"not_picked":["Storm","Barrage","Rip and Tear"],"picked":"SKIP","floor":25},{"not_picked":["White Noise","Compile Driver"],"picked":"Ball Lightning+1","floor":27},{"not_picked":["Barrage","Stack"],"picked":"Biased Cognition","floor":28},{"not_picked":["Sunder","Force Field","Redo"],"picked":"SKIP","floor":31},{"not_picked":["Thunder Strike","Machine Learning"],"picked":"Creative AI","floor":33},{"not_picked":[],"picked":"Stack+1","floor":35},{"not_picked":["Ball Lightning"],"picked":"SKIP","floor":36}],"player_experience":532105,"relics_obtained":[{"floor":6,"key":"Whetstone"},{"floor":9,"key":"Letter Opener"},{"floor":26,"key":"Dodecahedron"},{"floor":28,"key":"Red Mask"},{"floor":29,"key":"Necronomicon"}],"event_choices":[{"damage_healed":0,"gold_gain":0,"player_choice":"Ignored","damage_taken":0,"max_hp_gain":0,"max_hp_loss":0,"event_name":"Golden Wing","floor":2,"gold_loss":0},{"damage_healed":0,"gold_gain":0,"player_choice":"Grow","damage_taken":0,"max_hp_gain":0,"max_hp_loss":0,"event_name":"Living Wall","floor":3,"gold_loss":0,"cards_upgraded":["Defragment"]},{"damage_healed":0,"gold_gain":0,"player_choice":"Leave","damage_taken":0,"max_hp_gain":0,"max_hp_loss":0,"event_name":"The Cleric","floor":4,"gold_loss":0},{"damage_healed":0,"gold_gain":100,"player_choice":"Pray","damage_taken":0,"max_hp_gain":0,"max_hp_loss":0,"event_name":"Golden Shrine","floor":5,"gold_loss":0},{"damage_healed":0,"gold_gain":75,"player_choice":"Gather Gold","damage_taken":11,"max_hp_gain":0,"max_hp_loss":0,"event_name":"World of Goop","floor":12,"gold_loss":0},{"damage_healed":0,"gold_gain":0,"player_choice":"Ignored","damage_taken":0,"max_hp_gain":0,"max_hp_loss":0,"event_name":"Ghosts","floor":21,"gold_loss":0},{"cards_removed":["Genetic Algorithm"],"damage_healed":0,"gold_gain":0,"player_choice":"Gave Gold","damage_taken":0,"max_hp_gain":0,"max_hp_loss":0,"event_name":"Beggar","floor":22,"gold_loss":75},{"damage_healed":0,"gold_gain":0,"player_choice":"Fought Bandits","damage_taken":0,"max_hp_gain":0,"max_hp_loss":0,"event_name":"Masked Bandits","floor":28,"gold_loss":0},{"damage_healed":0,"gold_gain":0,"player_choice":"Obtained Book","damage_taken":16,"max_hp_gain":0,"max_hp_loss":0,"event_name":"Cursed Tome","floor":29,"gold_loss":0},{"damage_healed":0,"gold_gain":0,"player_choice":"Took Portal","damage_taken":0,"max_hp_gain":0,"max_hp_loss":0,"event_name":"SecretPortal","floor":37,"gold_loss":0}],"is_beta":true,"boss_relics":[{"not_picked":["Pandora\u0027s Box","Snecko Eye"],"picked":"FrozenCore"},{"not_picked":["Lizard Tail","Black Star"],"picked":"Busted Crown"}],"items_purged_floors":[],"is_endless":false,"potions_floor_spawned":[1,14,27,28,36],"ascension_level":0}