{"gold_per_floor":[111,286,286,296,152,152,169,169,193,34,51,83,83,93,93,195,195,209,124,24,24,44,44,71,71,124,141,16,16,16,16,16,119,119,138,112,132,112,112,112,125,125,125,125,135,135,146,146,146,146],"floor_reached":50,"playtime":1600,"items_purged":["Doubt","Defend_B","Defend_B"],"score":456,"play_id":"9af07dd3-e863-47e2-a8c9-cc74599b2cb1","local_time":"20181012175549","is_ascension_mode":false,"campfire_choices":[{"data":"Defragment","floor":6.0,"key":"SMITH"},{"data":"Defragment","floor":13.0,"key":"SMITH"},{"data":"Creative AI","floor":15.0,"key":"SMITH"},{"floor":23.0,"key":"REST"},{"floor":25.0,"key":"REST"},{"floor":32.0,"key":"REST"},{"floor":40.0,"key":"REST"},{"floor":44.0,"key":"REST"},{"floor":49.0,"key":"REST"}],"neow_cost":"TEN_PERCENT_HP_LOSS","seed_source_timestamp":151801200504637,"circlet_count":0,"master_deck":["Defend_B","Zap","Dualcast","Ball Lightning","Defragment+1","Melter","BootSequence","Defragment+1","Beam Cell","Creative AI+1","Auto Shields","FTL","Self Repair","Echo Form","Self Repair","Steam","Go for the Eyes+1","Ball Lightning","Core Surge","Leap+1","Steam","Stack","Bandage Up","Leap+1","Defragment+1","Writhe"],"special_seed":0,"relics":["Cracked Core","Letter Opener","Regal Pillow","Cables","Ancient Tea Set","Sundial","Art of War","Nloth\u0027s Gift","Philosopher\u0027s Stone","Boot"],"potions_floor_usage":[50],"damage_taken":[{"damage":4.0,"enemies":"2 Louse","floor":1.0,"turns":2.0},{"damage":0.0,"enemies":"Small Slimes","floor":4.0,"turns":2.0},{"damage":1.0,"enemies":"Jaw Worm","floor":7.0,"turns":2.0},{"damage":3.0,"enemies":"Red Slaver","floor":11.0,"turns":3.0},{"damage":21.0,"enemies":"3 Sentries","floor":12.0,"turns":7.0},{"damage":0.0,"enemies":"Exordium Thugs","floor":14.0,"turns":2.0},{"damage":20.0,"enemies":"The Guardian","floor":16.0,"turns":7.0},{"damage":0.0,"enemies":"Chosen","floor":18.0,"turns":5.0},{"damage":48.0,"enemies":"2 Thieves","floor":22.0,"turns":4.0},{"damage":56.0,"enemies":"Slavers","floor":24.0,"turns":7.0},{"damage":6.0,"enemies":"Centurion and Healer","floor":27.0,"turns":6.0},{"damage":37.0,"enemies":"Colosseum Slavers","floor":30.0,"turns":4.0},{"damage":36.0,"enemies":"Automaton","floor":33.0,"turns":10.0},{"damage":6.0,"enemies":"Orb Walker","floor":35.0,"turns":3.0},{"damage":61.0,"enemies":"3 Darklings","floor":37.0,"turns":4.0},{"damage":13.0,"enemies":"4 Shapes","floor":41.0,"turns":5.0},{"damage":40.0,"enemies":"Transient","floor":45.0,"turns":5.0},{"damage":41.0,"enemies":"Sphere and 2 Shapes","floor":47.0,"turns":5.0},{"damage":75,"enemies":"Donu and Deca","floor":50,"turns":7}],"seed_played":"-4581958152239721336","potions_obtained":[{"floor":4.0,"key":"AttackPotion"},{"floor":12.0,"key":"Strength Potion"},{"floor":27.0,"key":"GamblersBrew"},{"floor":38.0,"key":"Energy Potion"},{"floor":45.0,"key":"SpeedPotion"}],"is_trial":false,"path_per_floor":["M","?","?","M","$","R","M","?","T","$","M","E","R","M","R","B",null,"M","?","$","?","M","R","E","R","T","M","$","?","?","?","R","B",null,"M","$","M","?","?","R","M","?","T","R","M","$","M","?","R"],"character_chosen":"DEFECT","items_purchased":["Defragment","Creative AI","Steam"],"campfire_rested":6,"item_purchase_floors":[5,10,36],"current_hp_per_floor":[64,64,64,64,64,64,63,63,63,63,60,39,39,39,39,19,68,68,68,68,68,34,68,26,61,61,68,68,68,45,45,68,46,68,68,68,21,21,21,56,57,57,57,68,46,46,23,40,68,0],"gold":146,"neow_bonus":"TRANSFORM_TWO_CARDS","is_prod":false,"is_daily":false,"chose_seed":false,"campfire_upgraded":3,"win_rate":0,"timestamp":1539334549,"path_taken":["M","?","?","M","$","R","M","?","T","$","M","E","R","M","R","BOSS","M","?","$","?","M","R","E","R","T","M","?","?","?","?","R","BOSS","M","$","M","?","?","R","?","?","T","R","M","$","M","?","R","BOSS"],"build_version":"2018-10-11","purchased_purges":3,"victory":false,"max_hp_per_floor":[68,68,68,68,68,68,68,68,68,68,68,68,68,68,68,68,68,68,68,68,68,68,68,68,68,68,68,68,68,68,68,68,68,68,68,68,68,68,68,68,68,68,68,68,68,68,68,68,68,68],"card_choices":[{"not_picked":["Ball Lightning","Gash"],"picked":"Defragment","floor":1.0},{"not_picked":["Compile Driver","Go for the Eyes"],"picked":"BootSequence","floor":4.0},{"not_picked":["Rebound","Steam"],"picked":"Beam Cell","floor":7.0},{"not_picked":["Barrage","Multi-Cast"],"picked":"Auto Shields","floor":11.0},{"not_picked":["Loop","Scrape"],"picked":"FTL","floor":12.0},{"not_picked":["Leap","Heatsinks"],"picked":"Self Repair","floor":14.0},{"not_picked":["Meteor Strike","Core Surge"],"picked":"Echo Form","floor":16.0},{"not_picked":["Coolheaded","Undo"],"picked":"Self Repair","floor":18.0},{"not_picked":["Beam Cell","Gash"],"picked":"Steam","floor":22.0},{"not_picked":["Compile Driver","Reboot"],"picked":"Go for the Eyes+1","floor":24.0},{"not_picked":["Lockon","Compile Driver+1"],"picked":"Ball Lightning","floor":27.0},{"not_picked":["Hyperbeam","Thunder Strike"],"picked":"Core Surge","floor":33.0},{"not_picked":["Rip and Tear+1","Gash+1"],"picked":"Leap+1","floor":35.0},{"not_picked":["Rip and Tear+1","Turbo"],"picked":"Stack","floor":37.0},{"not_picked":["Good Instincts","Violence"],"picked":"Bandage Up","floor":39.0},{"not_picked":["Turbo+1","Coolheaded"],"picked":"Leap+1","floor":41.0},{"not_picked":["Compile Driver+1","Hologram","Rebound+1"],"picked":"SKIP","floor":45.0},{"not_picked":["Compile Driver","Barrage+1","Aggregate+1"],"picked":"SKIP","floor":47.0}],"player_experience":500696,"relics_obtained":[{"floor":9.0,"key":"Regal Pillow"},{"floor":12.0,"key":"Cables"},{"floor":24.0,"key":"Sundial"},{"floor":26.0,"key":"Art of War"},{"floor":43.0,"key":"Boot"}],"event_choices":[{"event_name":"Liars Game","player_choice":"agreed","floor":2.0,"damage_taken":0.0},{"event_name":"Transmorgrifier","player_choice":"Transform","floor":3.0,"damage_taken":0.0},{"event_name":"Dead Adventurer","player_choice":"Searched \u00272\u0027 times","floor":8.0,"damage_taken":0.0},{"event_name":"Addict","player_choice":"Obtained Relic","floor":19.0,"damage_taken":0.0},{"event_name":"Back to Basics","player_choice":"Elegance","floor":21.0,"damage_taken":0.0},{"event_name":"Beggar","player_choice":"Ignored","floor":29.0,"damage_taken":0.0},{"event_name":"Colosseum","player_choice":"Fight","floor":30.0,"damage_taken":0.0},{"event_name":"Colosseum","player_choice":"Fled From Nobs","floor":30.0,"damage_taken":0.0},{"event_name":"N\u0027loth","player_choice":"Traded a Empty Cage","floor":31.0,"damage_taken":0.0},{"event_name":"The Woman in Blue","player_choice":"Bought 1 Potion","floor":38.0,"damage_taken":0.0},{"event_name":"SensoryStone","player_choice":"Memory 1","floor":39.0,"damage_taken":0.0},{"event_name":"Duplicator","player_choice":"One dupe","floor":42.0,"damage_taken":0.0},{"event_name":"Winding Halls","player_choice":"Writhe","floor":48.0,"damage_taken":0.0}],"is_beta":true,"boss_relics":[{"not_picked":["Nuclear Battery","Eternal Feather"],"picked":"Empty Cage"},{"not_picked":["Coffee Dripper","Calling Bell"],"picked":"Philosopher\u0027s Stone"}],"items_purged_floors":[5,20,28],"is_endless":false,"potions_floor_spawned":[4,12,27,30,45,47],"killed_by":"Donu and Deca","ascension_level":0}