{"gold_per_floor":[118,129,142,142,142,142,19,19,19,19,43,43,43,57,57,148,148,163,163,163,163,113,129,129,150,230,280,280,280,31,43,43,120,120,134,0,13,63,75,87,99,111,150,197,209,236,46,59,59,59,59],"floor_reached":52,"playtime":2033,"items_purged":["Parasite","Writhe"],"score":1707,"play_id":"8bc397c2-9315-4c07-9757-cb30483611b7","local_time":"20181031041158","is_ascension_mode":true,"campfire_choices":[{"data":"Deadly Poison","floor":6,"key":"SMITH"},{"data":"Catalyst","floor":8,"key":"SMITH"},{"data":"Neutralize","floor":12,"key":"SMITH"},{"data":"Leg Sweep","floor":15,"key":"SMITH"},{"data":"Cloak And Dagger","floor":24,"key":"SMITH"},{"data":"Malaise","floor":29,"key":"SMITH"},{"data":"Noxious Fumes","floor":32,"key":"SMITH"},{"data":"Burst","floor":40,"key":"SMITH"},{"data":"Noxious Fumes","floor":42,"key":"SMITH"},{"data":"Malaise","floor":49,"key":"SMITH"}],"neow_cost":"NONE","seed_source_timestamp":1017060867981500,"circlet_count":0,"master_deck":["Defend_G+1","Defend_G+1","Defend_G+1","Defend_G+1","Defend_G+1","Strike_G+1","Strike_G+1","Strike_G+1","Strike_G+1","Survivor","Neutralize+1","AscendersBane","Backflip","Deadly Poison+1","Catalyst+1","Leg Sweep+1","Adrenaline","Cloak And Dagger+1","Malaise+1","Backflip+1","Dagger Spray+1","Noxious Fumes+1","Noxious Fumes+1","Burst+1","Deadly Poison+1","Acrobatics+1","Cloak And Dagger+1","Malaise+1","Crippling Poison+1"],"relics":["Coffee Dripper","Darkstone Periapt","Ninja Scroll","Bloody Idol","WristBlade","Smiling Mask","Mercury Hourglass","Bag of Preparation","Eternal Feather","Red Mask","MawBank","Potion Belt","Mummified Hand"],"potions_floor_usage":[16,16,33,50,51,51],"damage_taken":[{"damage":6,"enemies":"Jaw Worm","floor":1,"turns":7},{"damage":0,"enemies":"Cultist","floor":2,"turns":4},{"damage":0,"enemies":"2 Louse","floor":3,"turns":2},{"damage":0,"enemies":"Blue Slaver","floor":11,"turns":4},{"damage":0,"enemies":"2 Fungi Beasts","floor":14,"turns":3},{"damage":10,"enemies":"The Guardian","floor":16,"turns":9},{"damage":0,"enemies":"Chosen","floor":18,"turns":4},{"damage":0,"enemies":"3 Byrds","floor":23,"turns":6},{"damage":1,"enemies":"Centurion and Healer","floor":25,"turns":5},{"damage":0,"enemies":"3 Cultists","floor":31,"turns":3},{"damage":7,"enemies":"Automaton","floor":33,"turns":7},{"damage":0,"enemies":"Orb Walker","floor":35,"turns":3},{"damage":0,"enemies":"3 Shapes","floor":37,"turns":2},{"damage":22,"enemies":"Giant Head","floor":44,"turns":7},{"damage":0,"enemies":"Transient","floor":46,"turns":6},{"damage":0,"enemies":"Jaw Worm Horde","floor":48,"turns":4},{"damage":16,"enemies":"Awakened One","floor":50,"turns":17},{"damage":21,"enemies":"Donu and Deca","floor":51,"turns":10}],"seed_played":"-2843337468533388941","potions_obtained":[{"floor":11,"key":"LiquidBronze"},{"floor":14,"key":"LiquidBronze"},{"floor":16,"key":"Dexterity Potion"},{"floor":23,"key":"PowerPotion"},{"floor":37,"key":"PowerPotion"},{"floor":46,"key":"SkillPotion"}],"is_trial":false,"path_per_floor":["M","M","M","?","?","R","$","R","T","?","M","R","?","M","R","B",null,"M","$","?","T","$","M","R","M","T","?","?","R","$","M","R","B",null,"M","?","M","T","$","R","?","R","T","E","?","M","$","M","R","B","B"],"character_chosen":"THE_SILENT","items_purchased":["Catalyst","Leg Sweep","Noxious Fumes","Bag of Preparation","Malaise"],"campfire_rested":0,"item_purchase_floors":[7,7,30,30,47],"current_hp_per_floor":[53,53,53,53,33,33,33,33,33,33,33,33,54,54,54,44,61,61,61,61,61,61,61,61,60,60,60,60,60,60,63,63,61,63,63,63,63,63,63,63,63,63,63,46,69,69,69,69,69,53,32],"gold":59,"neow_bonus":"BOSS_RELIC","is_prod":false,"is_daily":false,"chose_seed":false,"campfire_upgraded":10,"win_rate":0,"timestamp":1540973518,"path_taken":["M","M","M","?","?","R","$","R","T","?","M","R","?","M","R","BOSS","M","$","?","?","?","M","R","M","T","?","?","R","?","M","R","BOSS","M","?","M","?","?","R","?","R","T","E","?","M","$","M","R","BOSS","BOSS"],"build_version":"2018-10-29v2","purchased_purges":2,"victory":true,"max_hp_per_floor":[66,66,66,66,66,66,66,66,66,60,60,60,66,66,66,66,66,66,66,66,66,63,63,63,63,63,63,63,63,63,63,63,63,63,63,63,63,63,63,63,63,63,63,63,69,69,69,69,69,69,69],"card_choices":[{"not_picked":["Dodge and Roll","Outmaneuver"],"picked":"Sucker Punch","floor":1},{"not_picked":["Dagger Throw","Predator"],"picked":"Backflip","floor":2},{"not_picked":["Deflect","Reflex"],"picked":"Deadly Poison","floor":3},{"not_picked":["Deadly Poison","Prepared"],"picked":"Adrenaline","floor":11},{"not_picked":["Outmaneuver","Bane"],"picked":"Cloak And Dagger","floor":14},{"not_picked":["Die Die Die","Phantasmal Killer"],"picked":"Malaise","floor":16},{"not_picked":["Sucker Punch","Flying Knee"],"picked":"Backflip+1","floor":18},{"not_picked":["Dagger Throw","Prepared","Sucker Punch"],"picked":"SKIP","floor":23},{"not_picked":["Setup","Riddle With Holes"],"picked":"Dagger Spray+1","floor":25},{"not_picked":["Dodge and Roll","Blur"],"picked":"Noxious Fumes","floor":31},{"not_picked":["Phantasmal Killer","A Thousand Cuts"],"picked":"Burst","floor":33},{"not_picked":["Expertise","Deflect"],"picked":"Deadly Poison+1","floor":35},{"not_picked":["Masterful Stab+1","Bouncing Flask"],"picked":"Acrobatics+1","floor":37},{"not_picked":["Choke","Underhanded Strike+1"],"picked":"Cloak And Dagger+1","floor":44},{"not_picked":["Blade Dance","Poisoned Stab","Prepared"],"picked":"SKIP","floor":46},{"not_picked":["Footwork","Acrobatics"],"picked":"Crippling Poison+1","floor":48}],"player_experience":1563200,"relics_obtained":[{"floor":9,"key":"Ninja Scroll"},{"floor":21,"key":"Smiling Mask"},{"floor":26,"key":"Mercury Hourglass"},{"floor":38,"key":"MawBank"},{"floor":43,"key":"Potion Belt"},{"floor":44,"key":"Mummified Hand"}],"event_choices":[{"cards_removed":["Sucker Punch"],"damage_healed":0,"gold_gain":0,"player_choice":"Gave Card","damage_taken":0,"relics_obtained":["Darkstone Periapt"],"max_hp_gain":0,"max_hp_loss":0,"event_name":"WeMeetAgain","floor":4,"gold_loss":0},{"damage_healed":0,"gold_gain":0,"player_choice":"Entered Light","damage_taken":20,"max_hp_gain":0,"max_hp_loss":0,"event_name":"Shining Light","floor":5,"gold_loss":0,"cards_upgraded":["Defend_G","Strike_G"]},{"damage_healed":0,"gold_gain":0,"player_choice":"Lose Max HP","damage_taken":0,"relics_obtained":["Golden Idol"],"max_hp_gain":0,"max_hp_loss":6,"event_name":"Golden Idol","floor":10,"gold_loss":0},{"damage_healed":15,"gold_gain":0,"player_choice":"Healed and dodged fight","damage_taken":0,"max_hp_gain":0,"max_hp_loss":0,"event_name":"Mushrooms","floor":13,"gold_loss":0,"cards_obtained":["Parasite"]},{"damage_healed":0,"gold_gain":0,"player_choice":"Simplicity","damage_taken":0,"max_hp_gain":0,"max_hp_loss":0,"event_name":"Back to Basics","floor":20,"gold_loss":0,"cards_upgraded":["Defend_G","Defend_G","Defend_G","Defend_G","Strike_G","Strike_G","Strike_G","Strike_G"]},{"damage_healed":0,"gold_gain":100,"player_choice":"Bet on Murderer","damage_taken":0,"max_hp_gain":0,"max_hp_loss":0,"event_name":"The Joust","floor":27,"gold_loss":50},{"damage_healed":0,"gold_gain":0,"player_choice":"Gave Idol","damage_taken":0,"relics_obtained":["Bloody Idol"],"max_hp_gain":0,"max_hp_loss":0,"event_name":"Forgotten Altar","floor":28,"relics_lost":["Golden Idol"],"gold_loss":0},{"damage_healed":0,"gold_gain":0,"player_choice":"Paid","damage_taken":0,"relics_obtained":["Red Mask"],"max_hp_gain":0,"max_hp_loss":0,"event_name":"Tomb of Lord Red Mask","floor":36,"gold_loss":134},{"cards_removed":["Strike_G"],"damage_healed":0,"gold_gain":0,"player_choice":"Removed Attack","damage_taken":0,"max_hp_gain":0,"max_hp_loss":0,"event_name":"Falling","floor":41,"gold_loss":0},{"damage_healed":13,"gold_gain":0,"player_choice":"Writhe","damage_taken":0,"max_hp_gain":0,"max_hp_loss":0,"event_name":"Winding Halls","floor":45,"gold_loss":0,"cards_obtained":["Writhe"]}],"is_beta":true,"boss_relics":[{"not_picked":["Pandora\u0027s Box","Velvet Choker"],"picked":"WristBlade"},{"not_picked":["Empty Cage","Philosopher\u0027s Stone"],"picked":"Eternal Feather"}],"items_purged_floors":[22,47],"is_endless":false,"potions_floor_spawned":[11,14,16,23,31,37,46],"ascension_level":20}