{"gold_per_floor":[111,59,134,134,84,116,116,149,149,174,174,191,191,208,208,310,310,321,303,316,327,327,327,341,341,364,364,375,392,94,94,94,195,195,214,214,214,134,134,134,152,152,177,189,189,205,205,223,223,223],"floor_reached":51,"playtime":3092,"items_purged":["Strike_B","Strike_B"],"score":1154,"play_id":"9cdf8b9b-31c0-4519-9b0f-456b6aa9da21","local_time":"20181225221424","is_ascension_mode":true,"campfire_choices":[{"data":"Dualcast","floor":7,"key":"SMITH"},{"data":"Buffer","floor":13,"key":"SMITH"},{"data":"Zap","floor":15,"key":"SMITH"},{"data":"Conserve Battery","floor":23,"key":"SMITH"},{"data":"Go for the Eyes","floor":25,"key":"SMITH"},{"floor":32,"key":"REST"},{"data":"Buffer","floor":42,"key":"SMITH"},{"data":"Buffer","floor":45,"key":"SMITH"},{"data":"Conserve Battery","floor":47,"key":"SMITH"},{"data":"Echo Form","floor":49,"key":"SMITH"}],"neow_cost":"NONE","seed_source_timestamp":707402182294699,"circlet_count":0,"master_deck":["AscendersBane","Defend_B","Defend_B","Defend_B","Zap+1","Dualcast+1","Gash","Go for the Eyes+1","Buffer+1","Core Surge","BootSequence","Conserve Battery+1","Electrodynamics","Gash","Self Repair+1","Gash","Go for the Eyes","Hologram+1","Turbo","Echo Form+1","Buffer+1","Buffer+1","Conserve Battery+1","Swift Strike","Beam Cell+1","Decay","FTL","Gash+1","FTL"],"relics":["Cracked Core","NeowsBlessing","The Courier","Question Card","Unceasing Top","Ginger","Strawberry","Cursed Key","Dream Catcher","Oddly Smooth Stone","Nuclear Battery","Bag of Preparation"],"potions_floor_usage":[16,16,29,46,50],"damage_taken":[{"damage":0,"enemies":"Cultist","floor":1,"turns":1},{"damage":0,"enemies":"Gremlin Nob","floor":6,"turns":1},{"damage":0,"enemies":"Lagavulin","floor":8,"turns":2},{"damage":44,"enemies":"3 Sentries","floor":10,"turns":8},{"damage":0,"enemies":"Small Slimes","floor":12,"turns":2},{"damage":0,"enemies":"2 Louse","floor":14,"turns":3},{"damage":10,"enemies":"The Guardian","floor":16,"turns":14},{"damage":0,"enemies":"Spheric Guardian","floor":18,"turns":4},{"damage":19,"enemies":"2 Thieves","floor":19,"turns":4},{"damage":19,"enemies":"Snake Plant","floor":20,"turns":5},{"damage":3,"enemies":"Sentry and Sphere","floor":21,"turns":5},{"damage":0,"enemies":"Shelled Parasite and Fungi","floor":24,"turns":4},{"damage":17,"enemies":"Chosen and Byrds","floor":28,"turns":5},{"damage":25,"enemies":"Centurion and Healer","floor":29,"turns":4},{"damage":10,"enemies":"Automaton","floor":33,"turns":8},{"damage":26,"enemies":"3 Shapes","floor":35,"turns":5},{"damage":0,"enemies":"3 Darklings","floor":41,"turns":5},{"damage":0,"enemies":"Spire Growth","floor":44,"turns":6},{"damage":0,"enemies":"4 Shapes","floor":46,"turns":7},{"damage":0,"enemies":"Maw","floor":48,"turns":6},{"damage":50,"enemies":"Awakened One","floor":50,"turns":11}],"seed_played":"8127530241177332013","potions_obtained":[{"floor":6,"key":"Poison Potion"},{"floor":8,"key":"Block Potion"},{"floor":12,"key":"Dexterity Potion"},{"floor":20,"key":"EssenceOfSteel"},{"floor":21,"key":"AttackPotion"},{"floor":33,"key":"Fire Potion"},{"floor":46,"key":"Regen Potion"}],"is_trial":false,"path_per_floor":["M","$","?","?","?","E","R","E","T","E","?","M","R","M","R","B",null,"M","M","M","M","?","R","M","R","T","?","M","M","$","?","R","B",null,"M","?","?","$","?","?","M","R","T","M","R","M","R","M","R","B",null],"character_chosen":"DEFECT","items_purchased":["Go for the Eyes","Echo Form","Oddly Smooth Stone"],"campfire_rested":1,"item_purchase_floors":[2,30,30],"current_hp_per_floor":[68,68,57,57,57,57,57,57,57,13,20,20,20,20,20,10,64,64,45,26,30,30,30,40,40,40,40,33,18,18,18,42,42,72,46,46,46,46,46,46,56,56,56,66,66,76,76,78,78,38],"gold":223,"neow_bonus":"THREE_ENEMY_KILL","is_prod":false,"is_daily":false,"chose_seed":false,"campfire_upgraded":9,"win_rate":0,"timestamp":1545743664,"path_taken":["M","$","?","?","?","E","R","E","T","E","?","M","R","M","R","BOSS","M","M","M","M","?","R","?","R","T","?","M","M","$","?","R","BOSS","M","?","?","$","?","?","M","R","T","M","R","M","R","M","R","BOSS"],"build_version":"2018-12-20","purchased_purges":2,"victory":true,"max_hp_per_floor":[75,75,75,75,75,75,75,75,75,75,82,82,82,82,82,82,82,82,82,82,82,82,82,82,82,82,82,82,82,82,82,82,82,82,82,82,82,82,82,78,78,78,78,78,78,78,78,78,78,78],"card_choices":[{"not_picked":["Barrage","Compile Driver"],"picked":"Gash","floor":1},{"not_picked":["Reprogram","Streamline"],"picked":"Buffer","floor":6},{"not_picked":["Hologram","Rebound"],"picked":"Core Surge","floor":8},{"not_picked":["Undo","Rebound","Reinforced Body"],"picked":"BootSequence","floor":10},{"not_picked":["Stack","Sweeping Beam","Chaos","Leap"],"picked":"SKIP","floor":12},{"not_picked":["Rebound","Stack","Sweeping Beam"],"picked":"Conserve Battery","floor":14},{"not_picked":["Fission","Creative AI","Thunder Strike"],"picked":"Electrodynamics","floor":16},{"not_picked":["Sunder","Stack","Hello World","Skim+1"],"picked":"SKIP","floor":18},{"not_picked":["Beam Cell","Chill","Rebound"],"picked":"Gash","floor":19},{"not_picked":["Gash","Lockon+1","Rebound+1"],"picked":"Self Repair","floor":20},{"not_picked":["Thunder Strike","Compile Driver+1","Doom and Gloom"],"picked":"Gash","floor":21},{"not_picked":["White Noise","Fusion","Chaos"],"picked":"Go for the Eyes","floor":24},{"not_picked":["Melter+1","Steam","Fusion+1"],"picked":"Hologram+1","floor":28},{"not_picked":["Ball Lightning","Rebound","Redo"],"picked":"Turbo","floor":29},{"not_picked":["Undo","Cold Snap","Compile Driver"],"picked":"Buffer","floor":32},{"not_picked":["Biased Cognition","Multi-Cast","Fission"],"picked":"Buffer","floor":33},{"not_picked":["Redo+1","Reinforced Body","Aggregate+1"],"picked":"Conserve Battery","floor":35},{"not_picked":["Dramatic Entrance","Deep Breath","Jack Of All Trades"],"picked":"Swift Strike","floor":36},{"not_picked":["BootSequence","Stack","Compile Driver"],"picked":"Beam Cell+1","floor":41},{"not_picked":["Turbo","Reprogram","Static Discharge"],"picked":"FTL","floor":44},{"not_picked":["Redo+1","Ball Lightning","Go for the Eyes+1"],"picked":"Gash+1","floor":46},{"not_picked":["Redo","Go for the Eyes","Beam Cell"],"picked":"FTL","floor":48}],"player_experience":682176,"relics_obtained":[{"floor":6,"key":"The Courier"},{"floor":8,"key":"Question Card"},{"floor":9,"key":"Unceasing Top"},{"floor":10,"key":"Ginger"},{"floor":26,"key":"Dream Catcher"},{"floor":43,"key":"Bag of Preparation"}],"event_choices":[{"damage_healed":0,"gold_gain":75,"player_choice":"Gather Gold","damage_taken":11,"max_hp_gain":0,"max_hp_loss":0,"event_name":"World of Goop","floor":3,"gold_loss":0},{"cards_removed":["Strike_B"],"damage_healed":0,"gold_gain":0,"player_choice":"Forget","damage_taken":0,"max_hp_gain":0,"max_hp_loss":0,"event_name":"Living Wall","floor":4,"gold_loss":0},{"cards_removed":["Strike_B"],"damage_healed":0,"gold_gain":0,"player_choice":"Card Removal","damage_taken":0,"max_hp_gain":0,"max_hp_loss":0,"event_name":"The Cleric","floor":5,"gold_loss":50},{"damage_healed":0,"gold_gain":0,"player_choice":"Gave Potion","damage_taken":0,"relics_obtained":["Strawberry"],"max_hp_gain":0,"max_hp_loss":0,"event_name":"WeMeetAgain","floor":11,"gold_loss":0},{"damage_healed":0,"gold_gain":0,"player_choice":"Upgraded","damage_taken":0,"max_hp_gain":0,"max_hp_loss":0,"event_name":"Upgrade Shrine","floor":22,"gold_loss":0,"cards_upgraded":["Self Repair"]},{"cards_removed":["Doubt"],"damage_healed":0,"gold_gain":0,"player_choice":"Elegance","damage_taken":0,"max_hp_gain":0,"max_hp_loss":0,"event_name":"Back to Basics","floor":27,"gold_loss":0},{"damage_healed":0,"gold_gain":0,"player_choice":"Ignored","damage_taken":0,"max_hp_gain":0,"max_hp_loss":0,"event_name":"Cursed Tome","floor":31,"gold_loss":0},{"damage_healed":0,"gold_gain":0,"player_choice":"Memory 1","damage_taken":0,"max_hp_gain":0,"max_hp_loss":0,"event_name":"SensoryStone","floor":36,"gold_loss":0},{"damage_healed":0,"gold_gain":0,"player_choice":"Ignored","damage_taken":0,"max_hp_gain":0,"max_hp_loss":0,"event_name":"Mysterious Sphere","floor":37,"gold_loss":0},{"cards_removed":["Defend_B"],"damage_healed":0,"gold_gain":0,"player_choice":"Removed Skill","damage_taken":0,"max_hp_gain":0,"max_hp_loss":0,"event_name":"Falling","floor":39,"gold_loss":0},{"damage_healed":0,"gold_gain":0,"player_choice":"Max HP","damage_taken":0,"max_hp_gain":0,"max_hp_loss":4,"event_name":"Winding Halls","floor":40,"gold_loss":0}],"is_beta":false,"boss_relics":[{"not_picked":["Fusion Hammer","Philosopher\u0027s Stone"],"picked":"Cursed Key"},{"not_picked":["Calling Bell","Pandora\u0027s Box"],"picked":"Nuclear Battery"}],"items_purged_floors":[30,38],"is_endless":false,"potions_floor_spawned":[6,8,12,14,20,21,28,33,46],"ascension_level":12}