{"path_per_floor":["M","?","?","M","M","E","M","R","T","E","T","?","E","M","R","B",null,"M","M","?","M","M","R","M","?","T","R","$"],"character_chosen":"THE_SILENT","items_purchased":["Thread and Needle","Secret Technique"],"gold_per_floor":[109,109,59,72,84,113,124,124,148,480,480,480,509,519,519,617,617,627,645,645,656,666,666,682,682,682,682,193,193],"floor_reached":29,"campfire_rested":3,"playtime":3857,"current_hp_per_floor":[69,62,62,62,62,64,64,64,64,54,54,47,35,28,53,35,84,66,28,28,28,9,34,4,4,4,29,29,0],"items_purged":[],"gold":193,"score":245,"play_id":"42cef806-2942-4d60-a50a-bd662a2eb077","local_time":"20180412190843","is_prod":false,"is_daily":false,"is_ascension_mode":false,"campfire_upgraded":1,"timestamp":1523527723,"path_taken":["M","?","?","M","M","E","?","R","T","E","?","?","E","M","R","BOSS","M","M","?","?","M","R","M","?","T","R","$","M"],"build_version":"2018-04-05v2","purchased_purges":0,"victory":false,"master_deck":["Defend_G","Defend_G","Defend_G","Defend_G","Defend_G","Strike_G","Survivor","Neutralize+1","Caltrops","Masterful Stab","Dagger Spray","Outmaneuver","Calculated Gamble","Endless Agony","Outmaneuver","A Thousand Cuts","After Image","Distraction","Prepared","Dagger Spray","All Out Attack","Outmaneuver","All Out Attack","Expertise+1","Footwork","PiercingWail+1","Backstab","Secret Technique"],"max_hp_per_floor":[70,70,70,70,70,84,84,84,84,84,84,84,84,84,84,84,84,84,84,84,84,84,84,84,84,84,84,84,84],"relics":["Runic Dome","Mango","Blood Vial","Old Coin","Du-Vu Doll","Bronze Scales","Ginger","Orrery","Calipers","Thread and Needle"],"card_choices":[{"not_picked":["Bane","Backflip"],"picked":"Caltrops","floor":1},{"not_picked":["PiercingWail","Quick Slash"],"picked":"Masterful Stab","floor":4},{"not_picked":["Underhanded Strike","Night Terror"],"picked":"Dagger Spray","floor":5},{"not_picked":["Dodge and Roll","Underhanded Strike"],"picked":"Outmaneuver","floor":6},{"not_picked":["Underhanded Strike","Dash"],"picked":"Calculated Gamble","floor":7},{"not_picked":["Dodge and Roll","Deflect"],"picked":"Endless Agony","floor":10},{"not_picked":["Acrobatics","Slice"],"picked":"Outmaneuver","floor":13},{"not_picked":["Flechettes","Outmaneuver"],"picked":"A Thousand Cuts","floor":14},{"not_picked":["A Thousand Cuts","Corpse Explosion"],"picked":"After Image","floor":16},{"not_picked":["Acrobatics","Catalyst"],"picked":"Distraction","floor":17},{"not_picked":["Bane","Poisoned Stab"],"picked":"Prepared","floor":17},{"not_picked":["Outmaneuver","Flying Knee"],"picked":"Dagger Spray","floor":17},{"not_picked":["Dagger Spray","Quick Slash"],"picked":"All Out Attack","floor":17},{"not_picked":["Deflect","PiercingWail"],"picked":"Outmaneuver","floor":17},{"not_picked":["PiercingWail","Skewer"],"picked":"All Out Attack","floor":18},{"not_picked":["Deadly Poison","Quick Slash"],"picked":"Expertise","floor":19},{"not_picked":["Quick Slash","Terror"],"picked":"Footwork","floor":21},{"not_picked":["Bane","Dagger Throw"],"picked":"PiercingWail","floor":22},{"not_picked":["Dagger Throw","Prepared"],"picked":"Backstab","floor":24}],"player_experience":13174,"potions_floor_usage":[21,21],"damage_taken":[{"damage":1,"enemies":"Jaw Worm","floor":1,"turns":4},{"damage":0,"enemies":"2 Louse","floor":4,"turns":3},{"damage":0,"enemies":"Small Slimes","floor":5,"turns":3},{"damage":12,"enemies":"Gremlin Nob","floor":6,"turns":4},{"damage":0,"enemies":"Looter","floor":7,"turns":4},{"damage":12,"enemies":"3 Sentries","floor":10,"turns":8},{"damage":14,"enemies":"Gremlin Nob","floor":13,"turns":4},{"damage":9,"enemies":"Exordium Thugs","floor":14,"turns":3},{"damage":20,"enemies":"Hexaghost","floor":16,"turns":9},{"damage":18,"enemies":"Spheric Guardian","floor":18,"turns":5},{"damage":40,"enemies":"2 Thieves","floor":19,"turns":3},{"damage":17,"enemies":"Snecko","floor":21,"turns":7},{"damage":21,"enemies":"3 Cultists","floor":22,"turns":4},{"damage":32,"enemies":"Slaver and Parasite","floor":24,"turns":7},{"damage":46,"enemies":"Cultist and Chosen","floor":29,"turns":7}],"event_choices":[{"event_name":"Golden Wing","player_choice":"Card Removal","floor":2,"damage_taken":0},{"event_name":"The Cleric","player_choice":"Card Removal","floor":3,"damage_taken":0},{"event_name":"Scrap Ooze","player_choice":"success","floor":12,"damage_taken":7},{"event_name":"Bonfire Elementals","player_choice":"BASIC","floor":20,"damage_taken":0},{"event_name":"Back to Basics","player_choice":"Elegance","floor":25,"damage_taken":0}],"boss_relics":[{"not_picked":["Snecko Eye","Cursed Key"],"picked":"Orrery"}],"potions_floor_spawned":[1,13,14,16,19],"seed_played":"7462702593506874879","killed_by":"Cultist and Chosen","ascension_level":0,"is_trial":false}