{"gold_per_floor":[366,383,25,39,53,81,81,162,242,93,93],"floor_reached":11,"playtime":302,"items_purged":["Strike_B"],"score":146,"play_id":"25e877b9-b806-4fcf-8570-ae58a6d34c58","local_time":"20190125202351","is_ascension_mode":true,"campfire_choices":[],"neow_cost":"PERCENT_DAMAGE","seed_source_timestamp":36592544054585,"circlet_count":0,"master_deck":["AscendersBane","Strike_B","Strike_B","Defend_B","Defend_B","Defend_B","Defend_B","Zap","Dualcast","Go for the Eyes","Chaos","Loop","Cold Snap","Loop","Self Repair","Consume"],"relics":["Cracked Core","StoneCalendar","Ice Cream","Kunai","Symbiotic Virus"],"potions_floor_usage":[6,6],"damage_taken":[{"damage":1,"enemies":"Cultist","floor":1,"turns":3},{"damage":7,"enemies":"Jaw Worm","floor":2,"turns":3},{"damage":0,"enemies":"2 Louse","floor":4,"turns":2},{"damage":9,"enemies":"2 Fungi Beasts","floor":5,"turns":4},{"damage":21,"enemies":"Gremlin Nob","floor":6,"turns":5},{"damage":5,"enemies":"Large Slime","floor":11,"turns":1}],"seed_played":"5161926790498222710","potions_obtained":[{"floor":2,"key":"Block Potion"},{"floor":4,"key":"EssenceOfSteel"}],"is_trial":false,"path_per_floor":["M","M","$","M","M","E","?","T","T","$","M"],"character_chosen":"DEFECT","items_purchased":["Loop","StoneCalendar","Consume"],"campfire_rested":0,"item_purchase_floors":[3,3,10],"current_hp_per_floor":[45,38,38,38,29,8,1,1,1,1,0],"gold":93,"neow_bonus":"TWO_FIFTY_GOLD","is_prod":false,"is_daily":false,"chose_seed":false,"campfire_upgraded":0,"win_rate":0,"timestamp":1548415431,"path_taken":["M","?","$","M","M","E","?","?","T","$","M"],"build_version":"2019-01-23","purchased_purges":1,"victory":false,"max_hp_per_floor":[71,71,71,71,71,71,71,71,71,71,71],"card_choices":[{"not_picked":["Compile Driver","Streamline"],"picked":"Go for the Eyes","floor":1},{"not_picked":["Hello World","Blizzard"],"picked":"Chaos","floor":2},{"not_picked":["Barrage","Ball Lightning"],"picked":"Cold Snap","floor":4},{"not_picked":["Meteor Strike","Leap"],"picked":"Loop","floor":5},{"not_picked":["Barrage","Leap"],"picked":"Self Repair","floor":6}],"player_experience":842605,"relics_obtained":[{"floor":6,"key":"Ice Cream"},{"floor":8,"key":"Kunai"},{"floor":9,"key":"Symbiotic Virus"}],"event_choices":[{"cards_removed":["Strike_B"],"damage_healed":0,"gold_gain":0,"player_choice":"Card Removal","damage_taken":7,"max_hp_gain":0,"max_hp_loss":0,"event_name":"Golden Wing","floor":7,"gold_loss":0}],"is_beta":false,"boss_relics":[],"items_purged_floors":[10],"is_endless":false,"potions_floor_spawned":[2,4],"killed_by":"Large Slime","ascension_level":20}