{"gold_per_floor":[114,129,144,159,159,159,174,174,174,204,219,249,249,264,264,364,364,364,364,364,132,132,132,132,132,132,132,132,132,132,34,34,34,34,34,34,34,34,0,0,0,0,0,0,0,0,0,0,0,0],"floor_reached":51,"playtime":2921,"items_purged":[],"score":831,"play_id":"1179c967-dcdc-4ce6-8f00-80bff68dcd43","local_time":"20181212212057","daily_mods":["Cursed Run","ControlledChaos","Terminal"],"is_ascension_mode":false,"campfire_choices":[{"data":"Neutralize","floor":6.0,"key":"SMITH"},{"data":"Blur","floor":8.0,"key":"SMITH"},{"data":"Accuracy","floor":13.0,"key":"SMITH"},{"data":"Blade Dance","floor":15.0,"key":"SMITH"},{"floor":24.0,"key":"REST"},{"floor":29.0,"key":"REST"},{"data":"Infinite Blades","floor":32.0,"key":"SMITH"},{"floor":40.0,"key":"REST"},{"floor":46,"key":"REST"},{"floor":49,"key":"REST"}],"neow_cost":"","seed_source_timestamp":0,"circlet_count":0,"master_deck":["Defend_G","Defend_G","Strike_G","Strike_G","Strike_G","Strike_G","Survivor+1","Neutralize+1","PiercingWail","Quick Slash","Tools of the Trade","Underhanded Strike","Choke","Blur+1","Injury","Accuracy+1","Blade Dance+1","Pain","Venomology","Quick Slash+1","Infinite Blades+1","Footwork","Distraction+1","Blade Dance","Clumsy","Backstab","Bandage Up","Decay","After Image","Blade Dance+1","Blade Dance+1","Escape Plan","Blade Dance","Jack Of All Trades","Decay","Finisher+1","Parasite"],"special_seed":17877,"relics":["Cursed Key","Darkstone Periapt","Du-Vu Doll","Frozen Eye","Dodecahedron","Bag of Preparation","Dead Branch","Ectoplasm","Mango","Matryoshka","Pen Nib","Blood Vial","Sundial","War Paint","Fusion Hammer","Red Mask","Calipers","Oddly Smooth Stone","Smiling Mask"],"potions_floor_usage":[47,50,50],"damage_taken":[{"damage":1.0,"enemies":"Cultist","floor":1.0,"turns":4.0},{"damage":0.0,"enemies":"Small Slimes","floor":2.0,"turns":3.0},{"damage":0.0,"enemies":"Jaw Worm","floor":3.0,"turns":4.0},{"damage":8.0,"enemies":"2 Fungi Beasts","floor":4.0,"turns":3.0},{"damage":0.0,"enemies":"Exordium Thugs","floor":7.0,"turns":4.0},{"damage":5.0,"enemies":"Gremlin Nob","floor":10.0,"turns":4.0},{"damage":0.0,"enemies":"Looter","floor":11.0,"turns":2.0},{"damage":8.0,"enemies":"Lagavulin","floor":12.0,"turns":4.0},{"damage":0.0,"enemies":"Exordium Wildlife","floor":14.0,"turns":3.0},{"damage":14.0,"enemies":"The Guardian","floor":16.0,"turns":7.0},{"damage":0.0,"enemies":"Chosen","floor":18.0,"turns":3.0},{"damage":0.0,"enemies":"3 Byrds","floor":19.0,"turns":3.0},{"damage":8.0,"enemies":"Colosseum Slavers","floor":20.0,"turns":2.0},{"damage":39.0,"enemies":"Colosseum Nobs","floor":20.0,"turns":5.0},{"damage":16.0,"enemies":"Snake Plant","floor":22.0,"turns":3.0},{"damage":0.0,"enemies":"Centurion and Healer","floor":25.0,"turns":2.0},{"damage":1.0,"enemies":"3 Cultists","floor":27.0,"turns":4.0},{"damage":10.0,"enemies":"Slavers","floor":28.0,"turns":4.0},{"damage":24.0,"enemies":"Collector","floor":33.0,"turns":4.0},{"damage":1.0,"enemies":"Orb Walker","floor":35.0,"turns":2.0},{"damage":7.0,"enemies":"3 Shapes","floor":36.0,"turns":2.0},{"damage":5.0,"enemies":"Jaw Worm Horde","floor":38.0,"turns":2.0},{"damage":6.0,"enemies":"2 Orb Walkers","floor":41.0,"turns":2.0},{"damage":0.0,"enemies":"3 Darklings","floor":44.0,"turns":2.0},{"damage":0,"enemies":"Sphere and 2 Shapes","floor":47,"turns":3},{"damage":10,"enemies":"Jaw Worm Horde","floor":48,"turns":1},{"damage":8,"enemies":"Donu and Deca","floor":50,"turns":5}],"seed_played":"-2893095537371468072","potions_obtained":[{"floor":1.0,"key":"Regen Potion"},{"floor":3.0,"key":"Explosive Potion"},{"floor":10.0,"key":"LiquidBronze"},{"floor":12.0,"key":"Poison Potion"},{"floor":19.0,"key":"Poison Potion"},{"floor":20.0,"key":"Fire Potion"},{"floor":25.0,"key":"Fire Potion"},{"floor":27.0,"key":"LiquidBronze"},{"floor":28.0,"key":"GhostInAJar"},{"floor":44,"key":"Ancient Potion"}],"is_trial":false,"path_per_floor":["M","M","M","M","M","?","R","M","R","T","E","M","E","R","M","R","B",null,"M","M","?","$","M","?","R","M","T","M","E","R","?","$","R","B",null,"M","M","?","M","?","R","?","?","T","M","M","?","R","M","M","R","B",null],"character_chosen":"THE_SILENT","items_purchased":["Footwork","Pen Nib","Bandage Up"],"campfire_rested":5,"item_purchase_floors":[21,21,31],"current_hp_per_floor":[68,67,66,58,58,58,58,58,64,59,59,51,51,51,51,43,64,63,62,41,41,25,25,46,46,52,53,45,66,66,66,66,54,73,72,69,69,65,65,67,65,65,70,69,68,67,66,56,64,62],"gold":0,"neow_bonus":"","is_prod":false,"is_daily":true,"chose_seed":false,"campfire_upgraded":5,"win_rate":0,"timestamp":1544667657,"path_taken":["M","M","?","M","?","R","M","R","T","E","M","E","R","M","R","BOSS","M","?","?","$","M","?","R","M","T","?","E","R","?","?","R","BOSS","M","M","?","M","?","R","?","?","T","M","?","R","M","M","R","BOSS"],"build_version":"2018-12-06","purchased_purges":0,"victory":true,"max_hp_per_floor":[68,67,66,65,64,63,62,61,66,65,64,63,62,61,60,65,64,63,62,75,74,73,72,71,70,75,74,73,72,71,70,69,74,73,72,71,70,69,68,67,66,65,70,69,68,67,66,65,64,69],"card_choices":[{"not_picked":["Bouncing Flask","Dodge and Roll"],"picked":"PiercingWail","floor":1.0},{"not_picked":["Dodge and Roll","Tactician"],"picked":"Quick Slash","floor":2.0},{"not_picked":["Flying Knee","Dagger Throw"],"picked":"Tools of the Trade","floor":3.0},{"not_picked":["Poisoned Stab","Sucker Punch"],"picked":"Underhanded Strike","floor":4.0},{"not_picked":["Finisher","Bane"],"picked":"Blur","floor":7.0},{"not_picked":["Setup","Night Terror"],"picked":"Accuracy","floor":10.0},{"not_picked":["Dodge and Roll","Outmaneuver","Deadly Poison"],"picked":"SKIP","floor":11.0},{"not_picked":["Sucker Punch","Bouncing Flask"],"picked":"Blade Dance","floor":12.0},{"not_picked":["Catalyst","Poisoned Stab","Outmaneuver"],"picked":"SKIP","floor":14.0},{"not_picked":["Unload","Wraith Form v2"],"picked":"Venomology","floor":16.0},{"not_picked":["Acrobatics","Flechettes"],"picked":"Quick Slash+1","floor":18.0},{"not_picked":["Backflip","Prepared+1","Predator"],"picked":"SKIP","floor":19.0},{"not_picked":["Underhanded Strike","Acrobatics"],"picked":"Infinite Blades","floor":20.0},{"not_picked":["Poisoned Stab+1","Masterful Stab"],"picked":"Distraction","floor":22.0},{"not_picked":["Terror","Deflect"],"picked":"Blade Dance","floor":25.0},{"not_picked":["PiercingWail","Acrobatics"],"picked":"Backstab","floor":27.0},{"not_picked":["Deadly Poison","Cloak And Dagger","Dash+1"],"picked":"SKIP","floor":28.0},{"not_picked":["Night Terror","Glass Knife"],"picked":"After Image","floor":33.0},{"not_picked":["Finisher+1","Poisoned Stab+1"],"picked":"Blade Dance+1","floor":35.0},{"not_picked":["Calculated Gamble+1","Cloak And Dagger+1"],"picked":"Blade Dance+1","floor":36.0},{"not_picked":["Choke","Bane+1"],"picked":"Escape Plan","floor":38.0},{"not_picked":["Dagger Spray+1","Bane+1"],"picked":"Blade Dance","floor":41.0},{"not_picked":["Deep Breath","Swift Strike"],"picked":"Jack Of All Trades","floor":42.0},{"not_picked":["Slice+1","Reflex"],"picked":"Finisher+1","floor":44},{"not_picked":["Slice+1","Acrobatics+1","Tools of the Trade"],"picked":"SKIP","floor":47},{"not_picked":["Choke+1","Acrobatics","Leg Sweep+1"],"picked":"SKIP","floor":48}],"player_experience":707169,"relics_obtained":[{"floor":9.0,"key":"Dodecahedron"},{"floor":10.0,"key":"Bag of Preparation"},{"floor":12.0,"key":"Dead Branch"},{"floor":20.0,"key":"Mango"},{"floor":20.0,"key":"Matryoshka"},{"floor":26.0,"key":"Blood Vial"},{"floor":26.0,"key":"Sundial"},{"floor":28.0,"key":"War Paint"},{"floor":41.0,"key":"Calipers"},{"floor":43.0,"key":"Oddly Smooth Stone"},{"floor":43.0,"key":"Smiling Mask"}],"event_choices":[{"damage_healed":0.0,"max_hp_gain":0.0,"max_hp_loss":0.0,"gold_gain":0.0,"cards_transformed":["Defend_G"],"event_name":"Transmorgrifier","player_choice":"Transformed","floor":5.0,"gold_loss":0.0,"damage_taken":0.0,"cards_obtained":["Choke"]},{"damage_healed":0.0,"max_hp_gain":0.0,"max_hp_loss":0.0,"gold_gain":0.0,"event_name":"Colosseum","player_choice":"Fight","floor":20.0,"gold_loss":0.0,"damage_taken":0.0},{"damage_healed":0.0,"max_hp_gain":0.0,"max_hp_loss":0.0,"gold_gain":0.0,"event_name":"Colosseum","player_choice":"Fought Nobs","floor":20.0,"gold_loss":0.0,"damage_taken":0.0},{"cards_removed":["Defend_G"],"damage_healed":0.0,"max_hp_gain":0.0,"max_hp_loss":0.0,"gold_gain":0.0,"event_name":"Purifier","player_choice":"Purged","floor":23.0,"gold_loss":0.0,"damage_taken":0.0},{"damage_healed":0.0,"max_hp_gain":0.0,"max_hp_loss":0.0,"gold_gain":0.0,"event_name":"Ghosts","player_choice":"Ignored","floor":30.0,"gold_loss":0.0,"damage_taken":0.0},{"cards_removed":["Defend_G"],"damage_healed":0.0,"max_hp_gain":0.0,"max_hp_loss":0.0,"gold_gain":0.0,"event_name":"Falling","player_choice":"Removed Skill","floor":37.0,"gold_loss":0.0,"damage_taken":0.0},{"damage_healed":0.0,"max_hp_gain":0.0,"max_hp_loss":0.0,"gold_gain":0.0,"event_name":"Tomb of Lord Red Mask","player_choice":"Paid","floor":39.0,"gold_loss":34.0,"damage_taken":0.0,"relics_obtained":["Red Mask"]},{"damage_healed":0.0,"max_hp_gain":0.0,"max_hp_loss":0.0,"gold_gain":0.0,"event_name":"Mysterious Sphere","player_choice":"Fight","floor":41.0,"gold_loss":0.0,"damage_taken":0.0},{"damage_healed":0.0,"max_hp_gain":0.0,"max_hp_loss":0.0,"gold_gain":0.0,"event_name":"SensoryStone","player_choice":"Memory 1","floor":42.0,"gold_loss":0.0,"damage_taken":0.0},{"cards_removed":["Strike_G"],"damage_healed":0,"gold_gain":0,"player_choice":"Offered Basic","damage_taken":0,"max_hp_gain":0,"max_hp_loss":0,"event_name":"Bonfire Elementals","floor":45,"gold_loss":0}],"is_beta":false,"boss_relics":[{"not_picked":["HoveringKite","Pandora\u0027s Box"],"picked":"Ectoplasm"},{"not_picked":["Snecko Eye","Runic Pyramid"],"picked":"Fusion Hammer"}],"items_purged_floors":[],"is_endless":false,"potions_floor_spawned":[1,3,10,12,19,20,20,25,27,28,36,38,44,48],"ascension_level":0}