{"gold_per_floor":[113,133,152,152,167,198,198,230,230,260,260,310,342,357,357,434,434,446,461,351,363,381,381,381,409,409,409,428,6,16,32,32,109,109,121,121,9,9,25,59,59,59,82,93,93,118,132,165,165,165,165],"floor_reached":52,"playtime":4015,"items_purged":["Pain"],"score":2059,"play_id":"b3f7c927-b09b-43d3-b347-f1db0351b582","local_time":"20181028213940","is_ascension_mode":true,"campfire_choices":[{"data":"Catalyst","floor":7,"key":"SMITH"},{"data":"Neutralize","floor":11,"key":"SMITH"},{"data":"Dagger Spray","floor":15,"key":"SMITH"},{"floor":23,"key":"REST"},{"floor":27,"key":"REST"},{"floor":32,"key":"REST"},{"data":"Footwork","floor":41,"key":"SMITH"},{"floor":45,"key":"REST"},{"floor":49,"key":"REST"}],"neow_cost":"NONE","seed_source_timestamp":818734665913400,"circlet_count":0,"master_deck":["Defend_G","Defend_G","Defend_G","Defend_G+1","Defend_G+1","Strike_G","Survivor","Neutralize+1","AscendersBane","Deadly Poison+1","Distraction+1","Flechettes+1","Quick Slash+1","Escape Plan","Catalyst+1","Dagger Spray+1","Backflip+1","Backflip+1","Outmaneuver+1","Catalyst+1","PiercingWail+1","Adrenaline+1","Blur+1","Footwork+1","PiercingWail+1","Burst+1","Secret Technique+1","PiercingWail+1","Dodge and Roll+1","Die Die Die","Backflip+1","Backflip+1","Catalyst+1"],"relics":["Astrolabe","Toxic Egg 2","Darkstone Periapt","Question Card","Dream Catcher","Lantern","Velvet Choker","WarpedTongs","Thread and Needle","Bag of Preparation","Busted Crown","War Paint","Gambling Chip","Anchor","Regal Pillow","Bag of Marbles"],"potions_floor_usage":[13,16,22,33,51,51],"damage_taken":[{"damage":0,"enemies":"Small Slimes","floor":1,"turns":2},{"damage":0,"enemies":"Cultist","floor":2,"turns":3},{"damage":0,"enemies":"2 Louse","floor":3,"turns":2},{"damage":0,"enemies":"Red Slaver","floor":5,"turns":2},{"damage":5,"enemies":"3 Sentries","floor":6,"turns":3},{"damage":12,"enemies":"Lagavulin","floor":8,"turns":4},{"damage":9,"enemies":"3 Sentries","floor":10,"turns":9},{"damage":0,"enemies":"Gremlin Nob","floor":13,"turns":3},{"damage":7,"enemies":"Large Slime","floor":14,"turns":3},{"damage":7,"enemies":"The Guardian","floor":16,"turns":6},{"damage":12,"enemies":"Shell Parasite","floor":18,"turns":4},{"damage":0,"enemies":"3 Byrds","floor":19,"turns":6},{"damage":3,"enemies":"Centurion and Healer","floor":21,"turns":5},{"damage":13,"enemies":"3 Cultists","floor":22,"turns":5},{"damage":34,"enemies":"Book of Stabbing","floor":25,"turns":5},{"damage":6,"enemies":"Chosen and Byrds","floor":28,"turns":8},{"damage":0,"enemies":"Centurion and Healer","floor":30,"turns":6},{"damage":0,"enemies":"Cultist and Chosen","floor":31,"turns":6},{"damage":16,"enemies":"Automaton","floor":33,"turns":10},{"damage":0,"enemies":"Orb Walker","floor":35,"turns":3},{"damage":0,"enemies":"3 Shapes","floor":39,"turns":8},{"damage":0,"enemies":"Reptomancer","floor":40,"turns":2},{"damage":0,"enemies":"Mind Bloom Boss Battle","floor":42,"turns":4},{"damage":0,"enemies":"Jaw Worm Horde","floor":44,"turns":6},{"damage":2,"enemies":"Giant Head","floor":46,"turns":7},{"damage":0,"enemies":"4 Shapes","floor":47,"turns":6},{"damage":7,"enemies":"Nemesis","floor":48,"turns":3},{"damage":24,"enemies":"Awakened One","floor":50,"turns":13},{"damage":1,"enemies":"Donu and Deca","floor":51,"turns":12}],"seed_played":"3769820413753585622","potions_obtained":[{"floor":2,"key":"SneckoOil"},{"floor":3,"key":"Poison Potion"},{"floor":10,"key":"PowerPotion"},{"floor":14,"key":"AttackPotion"},{"floor":19,"key":"FearPotion"},{"floor":25,"key":"FearPotion"},{"floor":28,"key":"Strength Potion"},{"floor":33,"key":"SpeedPotion"},{"floor":46,"key":"Strength Potion"}],"is_trial":false,"path_per_floor":["M","M","M","?","M","E","R","E","T","E","R","?","E","M","R","B",null,"M","M","?","M","M","R","?","E","T","R","M","$","M","M","R","B",null,"M","?","$","?","M","E","R","?","T","M","R","E","M","E","R","B","B"],"character_chosen":"THE_SILENT","items_purchased":["Bag of Preparation","Secret Technique+1","Backflip+1","Dexterity Potion"],"campfire_rested":5,"item_purchase_floors":[29,29,37,37],"current_hp_per_floor":[59,59,59,59,59,54,54,42,42,33,33,27,27,20,20,13,53,41,41,41,38,25,44,50,16,16,37,31,31,31,31,52,36,63,63,63,63,63,63,63,63,63,63,63,72,70,70,63,72,48,47],"gold":165,"neow_bonus":"BOSS_RELIC","is_prod":false,"is_daily":false,"chose_seed":false,"campfire_upgraded":4,"win_rate":0,"timestamp":1540777180,"path_taken":["M","M","M","?","M","E","R","E","T","E","R","?","E","?","R","BOSS","M","M","?","M","M","R","?","E","T","R","M","$","M","M","R","BOSS","M","?","$","?","?","E","R","?","T","M","R","E","M","E","R","BOSS","BOSS"],"build_version":"2018-10-19","purchased_purges":1,"victory":true,"max_hp_per_floor":[66,66,66,66,66,66,66,66,66,66,66,66,66,66,66,66,66,66,66,66,66,66,66,72,72,72,72,72,72,72,72,72,72,72,72,72,72,72,72,72,72,72,72,72,72,72,72,72,72,72,72],"card_choices":[{"not_picked":["Underhanded Strike","Deadly Poison"],"picked":"Quick Slash","floor":1},{"not_picked":["Distraction","Dagger Throw"],"picked":"Escape Plan","floor":2},{"not_picked":["Reflex","Night Terror"],"picked":"Catalyst","floor":3},{"not_picked":["Leg Sweep","Caltrops"],"picked":"Dagger Spray","floor":5},{"not_picked":["Well Laid Plans","Underhanded Strike"],"picked":"Backflip","floor":6},{"not_picked":["Acrobatics+1","Underhanded Strike"],"picked":"Backflip+1","floor":8},{"not_picked":["Prepared+1","Poisoned Stab","Acrobatics+1"],"picked":"Outmaneuver+1","floor":10},{"not_picked":["Unload","Deflect+1","Quick Slash"],"picked":"Catalyst+1","floor":13},{"not_picked":["Quick Slash","Dagger Spray","Poisoned Stab"],"picked":"PiercingWail+1","floor":14},{"not_picked":["Wraith Form v2","Phantasmal Killer+1","Venomology+1"],"picked":"Adrenaline+1","floor":16},{"not_picked":["Slice","Sucker Punch","Blade Dance+1","Infinite Blades"],"picked":"SKIP","floor":18},{"not_picked":["Flechettes","Deflect+1","Envenom","Blade Dance+1"],"picked":"SKIP","floor":19},{"not_picked":["All Out Attack","Bane","Masterful Stab","Setup+1"],"picked":"SKIP","floor":21},{"not_picked":["Outmaneuver+1","Underhanded Strike","Calculated Gamble+1"],"picked":"Blur+1","floor":22},{"not_picked":["Blade Dance+1","Deflect+1","Sucker Punch"],"picked":"Footwork","floor":25},{"not_picked":["Distraction+1","Terror+1","Predator"],"picked":"PiercingWail+1","floor":27},{"not_picked":["Eviscerate","Backflip+1","Prepared+1"],"picked":"Burst+1","floor":28},{"not_picked":["Cloak And Dagger+1","Reflex+1","Infinite Blades","Poisoned Stab"],"picked":"SKIP","floor":30},{"not_picked":["Prepared+1","Cloak And Dagger+1","Expertise+1"],"picked":"PiercingWail+1","floor":31},{"not_picked":["Riddle With Holes","Underhanded Strike","Sucker Punch"],"picked":"Dodge and Roll+1","floor":32},{"not_picked":["A Thousand Cuts","Phantasmal Killer+1","Glass Knife"],"picked":"Die Die Die","floor":33},{"not_picked":["Acrobatics+1","Prepared+1"],"picked":"SKIP","floor":35},{"not_picked":["Quick Slash+1","Deflect+1"],"picked":"SKIP","floor":39},{"not_picked":["Finisher","Underhanded Strike"],"picked":"SKIP","floor":40},{"not_picked":["Distraction+1"],"picked":"Backflip+1","floor":44},{"not_picked":["Sucker Punch","Choke"],"picked":"SKIP","floor":46},{"not_picked":["Bane"],"picked":"Catalyst+1","floor":47},{"not_picked":["Outmaneuver+1","A Thousand Cuts"],"picked":"SKIP","floor":48}],"player_experience":1541180,"relics_obtained":[{"floor":6,"key":"Toxic Egg 2"},{"floor":8,"key":"Darkstone Periapt"},{"floor":9,"key":"Question Card"},{"floor":10,"key":"Dream Catcher"},{"floor":13,"key":"Lantern"},{"floor":25,"key":"Thread and Needle"},{"floor":40,"key":"War Paint"},{"floor":42,"key":"Gambling Chip"},{"floor":43,"key":"Anchor"},{"floor":46,"key":"Regal Pillow"},{"floor":48,"key":"Bag of Marbles"}],"event_choices":[{"damage_healed":0,"gold_gain":0,"player_choice":"0 cards matched","damage_taken":0,"max_hp_gain":0,"max_hp_loss":0,"event_name":"Match and Keep!","floor":4,"gold_loss":0,"cards_obtained":[]},{"damage_healed":0,"gold_gain":50,"player_choice":"Touch","damage_taken":6,"max_hp_gain":0,"max_hp_loss":0,"event_name":"FaceTrader","floor":12,"gold_loss":0},{"cards_removed":["Strike_G"],"damage_healed":0,"gold_gain":0,"player_choice":"Upgrade and Remove","damage_taken":0,"max_hp_gain":0,"max_hp_loss":0,"event_name":"Designer","floor":20,"gold_loss":110,"cards_upgraded":["Quick Slash"]},{"damage_healed":0,"gold_gain":0,"player_choice":"Rummage","damage_taken":0,"relics_obtained":["WarpedTongs"],"max_hp_gain":0,"max_hp_loss":0,"event_name":"Accursed Blacksmith","floor":24,"gold_loss":0,"cards_obtained":["Pain"]},{"damage_healed":0,"gold_gain":0,"player_choice":"Ignored","damage_taken":0,"max_hp_gain":0,"max_hp_loss":0,"event_name":"Tomb of Lord Red Mask","floor":36,"gold_loss":0},{"damage_healed":0,"gold_gain":0,"player_choice":"Ignored","damage_taken":0,"max_hp_gain":0,"max_hp_loss":0,"event_name":"SecretPortal","floor":38,"gold_loss":0},{"damage_healed":0,"gold_gain":0,"player_choice":"Fight","damage_taken":0,"max_hp_gain":0,"max_hp_loss":0,"event_name":"MindBloom","floor":42,"gold_loss":0}],"is_beta":true,"boss_relics":[{"not_picked":["Tiny House","Runic Dome"],"picked":"Velvet Choker"},{"not_picked":["HoveringKite","WristBlade"],"picked":"Busted Crown"}],"items_purged_floors":[29],"is_endless":false,"potions_floor_spawned":[2,3,10,14,19,25,28,33,46,47],"ascension_level":20}