{"gold_per_floor":[17,37,212,231,11,11,37,48,48,60,10,41,41,41,41,139,139],"floor_reached":17,"playtime":1087,"items_purged":[],"score":173,"play_id":"590d4b4e-df1e-4a0d-aa4d-b392dece8b79","local_time":"20190121213231","is_ascension_mode":true,"campfire_choices":[{"data":"Zap","floor":6,"key":"SMITH"},{"data":"Defragment","floor":13,"key":"SMITH"},{"data":"Seek","floor":15,"key":"SMITH"}],"neow_cost":"NO_GOLD","seed_source_timestamp":335196590008298,"circlet_count":0,"master_deck":["Strike_B","Strike_B","Strike_B","Strike_B+1","Defend_B","Defend_B","Defend_B","Defend_B","Zap+1","Dualcast","Hologram","Leap","Go for the Eyes+1","Rainbow","Seek+1","Undo","Beam Cell","Defragment+1","Machine Learning","All For One","Barrage","Compile Driver","FTL"],"relics":["Cracked Core","Ice Cream","Oddly Smooth Stone","Whetstone","Happy Flower","Mummified Hand","Orrery"],"potions_floor_usage":[12,16],"damage_taken":[{"damage":2,"enemies":"2 Louse","floor":1,"turns":3},{"damage":8,"enemies":"Small Slimes","floor":2,"turns":3},{"damage":0,"enemies":"Cultist","floor":4,"turns":4},{"damage":19,"enemies":"Gremlin Nob","floor":7,"turns":5},{"damage":0,"enemies":"Blue Slaver","floor":8,"turns":2},{"damage":0,"enemies":"Large Slime","floor":10,"turns":4},{"damage":3,"enemies":"3 Sentries","floor":12,"turns":5},{"damage":6,"enemies":"Hexaghost","floor":16,"turns":9}],"seed_played":"-4869686675241323010","potions_obtained":[{"floor":7,"key":"Explosive Potion"},{"floor":12,"key":"SpeedPotion"},{"floor":14,"key":"PowerPotion"},{"floor":14,"key":"PowerPotion"},{"floor":16,"key":"SkillPotion"}],"is_trial":false,"path_per_floor":["M","M","?","M","$","R","E","M","T","M","?","E","R","?","R","B",null],"character_chosen":"DEFECT","items_purchased":["Rainbow","Oddly Smooth Stone"],"campfire_rested":0,"item_purchase_floors":[5,5],"current_hp_per_floor":[73,65,65,65,65,65,46,46,46,46,46,43,43,43,43,37,37],"gold":139,"neow_bonus":"ONE_RARE_RELIC","is_prod":false,"is_daily":false,"chose_seed":false,"campfire_upgraded":3,"win_rate":0,"timestamp":1548135151,"path_taken":["M","M","?","M","$","R","E","M","T","M","?","E","R","?","R","BOSS"],"build_version":"2019-01-17v2","purchased_purges":0,"victory":false,"max_hp_per_floor":[75,75,75,75,75,75,75,75,75,75,75,75,75,75,75,75,75],"card_choices":[{"not_picked":["Redo","Scrape"],"picked":"Hologram","floor":1},{"not_picked":["FTL","Barrage"],"picked":"Leap","floor":2},{"not_picked":["Turbo","Compile Driver"],"picked":"Go for the Eyes","floor":4},{"not_picked":["Stack","Streamline"],"picked":"Seek","floor":7},{"not_picked":["Blizzard","Turbo"],"picked":"Undo","floor":8},{"not_picked":["Barrage","Sweeping Beam"],"picked":"Beam Cell","floor":10},{"not_picked":["Storm","Darkness"],"picked":"Defragment","floor":12},{"not_picked":["Creative AI","Seek"],"picked":"Machine Learning","floor":16},{"not_picked":["Compile Driver","FTL"],"picked":"All For One","floor":17},{"not_picked":["Sweeping Beam","Redo"],"picked":"Barrage","floor":17},{"not_picked":["Reinforced Body","Turbo"],"picked":"Compile Driver","floor":17},{"not_picked":["Redo","Coolheaded"],"picked":"FTL","floor":17}],"player_experience":311188,"relics_obtained":[{"floor":7,"key":"Whetstone"},{"floor":9,"key":"Happy Flower"},{"floor":12,"key":"Mummified Hand"}],"event_choices":[{"damage_healed":0,"gold_gain":175,"player_choice":"AGREE","damage_taken":0,"max_hp_gain":0,"max_hp_loss":0,"event_name":"Liars Game","floor":3,"gold_loss":0,"cards_obtained":["Doubt"]},{"cards_removed":["Doubt"],"damage_healed":0,"gold_gain":0,"player_choice":"Card Removal","damage_taken":0,"max_hp_gain":0,"max_hp_loss":0,"event_name":"The Cleric","floor":11,"gold_loss":50},{"damage_healed":0,"gold_gain":0,"player_choice":"Got Potions","damage_taken":0,"max_hp_gain":0,"max_hp_loss":0,"event_name":"Lab","floor":14,"gold_loss":0}],"is_beta":false,"boss_relics":[{"not_picked":["Runic Pyramid","White Beast Statue"],"picked":"Orrery"}],"items_purged_floors":[],"is_endless":false,"potions_floor_spawned":[7,12,16],"ascension_level":1}