{"gold_per_floor":[110,110,185,198,216,251,251,282,282,282,298,298,28,53,53,178,178,199,218,143,143],"floor_reached":21,"playtime":1206,"items_purged":[],"score":255,"play_id":"2cf32717-8fc1-4154-9d62-0eeb728d7a7e","local_time":"20190129225057","is_ascension_mode":true,"campfire_choices":[{"data":"Hello World","floor":7,"key":"SMITH"},{"floor":10,"key":"REST"},{"data":"Hyperbeam","floor":12,"key":"SMITH"},{"floor":15,"key":"REST"}],"neow_cost":"NONE","seed_source_timestamp":1030979230481929,"circlet_count":0,"master_deck":["Zap","Hello World+1","Cold Snap","Beam Cell","Darkness","Hyperbeam+1","Recycle","Glacier","Go for the Eyes","Panache","Undo","Electrodynamics","Lockon","Glacier","Multi-Cast","Blizzard","Creative AI","All For One","Gash","Hyperbeam","Coolheaded","Conserve Battery+1"],"relics":["Cracked Core","Golden Idol","Letter Opener","Kunai","Sundial","Pandora\u0027s Box"],"potions_floor_usage":[6,16],"damage_taken":[{"damage":1,"enemies":"2 Louse","floor":1,"turns":2},{"damage":1,"enemies":"Cultist","floor":4,"turns":4},{"damage":2,"enemies":"Jaw Worm","floor":5,"turns":4},{"damage":31,"enemies":"3 Sentries","floor":6,"turns":9},{"damage":17,"enemies":"Lagavulin","floor":8,"turns":7},{"damage":7,"enemies":"Exordium Wildlife","floor":11,"turns":3},{"damage":12,"enemies":"3 Louse","floor":14,"turns":3},{"damage":16,"enemies":"Slime Boss","floor":16,"turns":6},{"damage":22,"enemies":"2 Thieves","floor":18,"turns":2},{"damage":28,"enemies":"Chosen","floor":19,"turns":5}],"seed_played":"4847446638277336520","potions_obtained":[{"floor":1,"key":"SpeedPotion"},{"floor":4,"key":"Swift Potion"},{"floor":11,"key":"Poison Potion"},{"floor":18,"key":"Ancient Potion"},{"floor":19,"key":"FocusPotion"}],"is_trial":false,"path_per_floor":["M","?","?","M","M","E","R","E","T","R","M","R","$","M","R","B",null,"M","M","?","?"],"character_chosen":"DEFECT","items_purchased":["Glacier","Go for the Eyes","Panache"],"campfire_rested":2,"item_purchase_floors":[13,13,13],"current_hp_per_floor":[74,74,63,62,60,29,29,12,12,34,27,27,27,15,37,21,62,40,12,12,0],"gold":143,"neow_bonus":"TEN_PERCENT_HP_BONUS","is_prod":false,"is_daily":false,"chose_seed":false,"campfire_upgraded":2,"win_rate":0,"timestamp":1548831057,"path_taken":["M","?","?","M","M","E","R","E","T","R","M","R","$","M","R","BOSS","M","M","?","?"],"build_version":"2019-01-23","purchased_purges":0,"victory":false,"max_hp_per_floor":[82,76,76,76,76,76,76,76,76,76,76,76,76,76,76,76,76,76,76,76,76],"card_choices":[{"not_picked":["Self Repair","Steam"],"picked":"Hello World","floor":1},{"not_picked":["Fusion","Beam Cell"],"picked":"Cold Snap","floor":4},{"not_picked":["Chaos","Conserve Battery"],"picked":"Beam Cell","floor":5},{"not_picked":["Blizzard","Scrape"],"picked":"Darkness","floor":6},{"not_picked":["Go for the Eyes","Force Field"],"picked":"Hyperbeam","floor":8},{"not_picked":["Leap","FTL"],"picked":"Recycle","floor":11},{"not_picked":["Cold Snap","Hologram"],"picked":"Undo","floor":14},{"not_picked":["Amplify","Seek"],"picked":"Electrodynamics","floor":16},{"not_picked":["Beam Cell","Cold Snap"],"picked":"Coolheaded","floor":18},{"not_picked":["Force Field+1","Self Repair"],"picked":"Conserve Battery+1","floor":19}],"player_experience":419073,"relics_obtained":[{"floor":6,"key":"Letter Opener"},{"floor":8,"key":"Kunai"},{"floor":9,"key":"Sundial"}],"event_choices":[{"damage_healed":0,"gold_gain":0,"player_choice":"Lose Max HP","damage_taken":0,"relics_obtained":["Golden Idol"],"max_hp_gain":0,"max_hp_loss":6,"event_name":"Golden Idol","floor":2,"gold_loss":0},{"damage_healed":0,"gold_gain":75,"player_choice":"Gather Gold","damage_taken":11,"max_hp_gain":0,"max_hp_loss":0,"event_name":"World of Goop","floor":3,"gold_loss":0},{"cards_removed":["Dualcast"],"damage_healed":0,"gold_gain":0,"player_choice":"Gave Gold","damage_taken":0,"max_hp_gain":0,"max_hp_loss":0,"event_name":"Beggar","floor":20,"gold_loss":75}],"is_beta":false,"boss_relics":[{"not_picked":["White Beast Statue","Fusion Hammer"],"picked":"Pandora\u0027s Box"}],"items_purged_floors":[],"is_endless":false,"potions_floor_spawned":[1,4,11,18,19],"ascension_level":7}