{"gold_per_floor":[109,109,79,3,13,13,48,48,73,73,85,100,118,118,118,118],"floor_reached":16,"playtime":867,"items_purged":[],"score":220,"play_id":"b9c0caf2-ff22-411f-b05a-3829ba37e60d","local_time":"20190209024354","is_ascension_mode":true,"campfire_choices":[{"data":"Neutralize","floor":6,"key":"SMITH"},{"data":"Deadly Poison","floor":8,"key":"SMITH"},{"floor":10,"key":"REST"},{"floor":15,"key":"REST"}],"neow_cost":"NONE","seed_source_timestamp":0,"circlet_count":0,"master_deck":["AscendersBane","Defend_G","Defend_G","Defend_G","Defend_G","Defend_G","Strike_G","Strike_G+1","Strike_G","Strike_G+1","Strike_G","Survivor","Neutralize+1","Quick Slash","Bouncing Flask","Deadly Poison+1","Backflip","Dagger Throw","Corpse Explosion","Quick Slash"],"special_seed":0,"relics":["Philosopher\u0027s Stone","Ginger","Omamori"],"potions_floor_usage":[14,16],"damage_taken":[{"damage":6,"enemies":"2 Louse","floor":1,"turns":3},{"damage":0,"enemies":"Small Slimes","floor":5,"turns":3},{"damage":30,"enemies":"3 Sentries","floor":7,"turns":10},{"damage":0,"enemies":"Cultist","floor":11,"turns":3},{"damage":8,"enemies":"Lots of Slimes","floor":12,"turns":4},{"damage":0,"enemies":"Red Slaver","floor":13,"turns":3},{"damage":0,"enemies":"Gremlin Nob","floor":14,"turns":2},{"damage":37,"enemies":"Slime Boss","floor":16,"turns":8}],"seed_played":"-4497852065630746678","potions_obtained":[{"floor":3,"key":"FairyPotion"},{"floor":3,"key":"SmokeBomb"},{"floor":5,"key":"SpeedPotion"},{"floor":7,"key":"Block Potion"}],"is_trial":false,"path_per_floor":["M","?","?","$","M","R","E","R","T","R","M","M","M","E","R","B"],"character_chosen":"THE_SILENT","items_purchased":["Bouncing Flask"],"campfire_rested":2,"item_purchase_floors":[4],"current_hp_per_floor":[53,33,33,33,33,33,3,3,3,22,22,14,14,14,33,0],"gold":118,"neow_bonus":"BOSS_RELIC","is_prod":false,"is_daily":false,"chose_seed":false,"campfire_upgraded":2,"win_rate":0,"timestamp":1549698234,"path_taken":["M","?","?","$","M","R","E","R","T","R","M","?","M","E","R","BOSS"],"build_version":"2019-01-23","purchased_purges":0,"victory":false,"max_hp_per_floor":[66,66,66,66,66,66,66,66,66,66,66,66,66,66,66,66],"card_choices":[{"not_picked":["Prepared","Outmaneuver"],"picked":"Quick Slash","floor":1},{"not_picked":["Slice","Finisher"],"picked":"Deadly Poison","floor":5},{"not_picked":["Deflect","Acrobatics"],"picked":"Backflip","floor":7},{"not_picked":["Calculated Gamble","Prepared"],"picked":"Dagger Throw","floor":11},{"not_picked":["Heel Hook","Underhanded Strike"],"picked":"Corpse Explosion","floor":12},{"not_picked":["Flechettes","Setup"],"picked":"Quick Slash","floor":13}],"player_experience":2048571,"relics_obtained":[{"floor":7,"key":"Ginger"},{"floor":9,"key":"Omamori"}],"event_choices":[{"damage_healed":0,"gold_gain":0,"player_choice":"Entered Light","damage_taken":20,"max_hp_gain":0,"max_hp_loss":0,"event_name":"Shining Light","floor":2,"gold_loss":0,"cards_upgraded":["Strike_G","Strike_G"]},{"damage_healed":0,"gold_gain":0,"player_choice":"Bought 2 Potions","damage_taken":0,"max_hp_gain":0,"max_hp_loss":0,"event_name":"The Woman in Blue","floor":3,"gold_loss":0}],"is_beta":true,"boss_relics":[],"items_purged_floors":[],"is_endless":false,"potions_floor_spawned":[5,7,11,13],"killed_by":"Slime Boss","ascension_level":20}