{"gold_per_floor":[367,442,442,617,83,83,101,112,112,126,152,164,164,194,194,290,290,303,303,303,314,333,333,347,365,365,383,65,82,82,99,99,197,197,212,231,244,256,274,274,286,286,312,327,327,327,81,100,100,100],"floor_reached":51,"playtime":6485,"items_purged":["Strike_B+1"],"score":642,"play_id":"f82a73f3-0cdc-4b5e-8f3d-6db88d67bd00","local_time":"20181226173825","is_ascension_mode":false,"campfire_choices":[{"data":"Zap","floor":6,"key":"SMITH"},{"data":"Consume","floor":15,"key":"SMITH"},{"data":"Defragment","floor":23,"key":"SMITH"},{"data":"Sunder","floor":30,"key":"SMITH"},{"data":"Heatsinks","floor":32,"key":"SMITH"},{"data":"Self Repair","floor":40,"key":"SMITH"},{"data":"Sunder","floor":46,"key":"SMITH"},{"data":"White Noise","floor":49,"key":"SMITH"}],"neow_cost":"PERCENT_DAMAGE","seed_source_timestamp":21854662188599,"circlet_count":0,"master_deck":["Strike_B+1","Strike_B+1","Defend_B+1","Defend_B+1","Defend_B+1","Defend_B+1","Zap+1","Dualcast","Barrage","Doubt","Self Repair+1","Sunder+1","Ball Lightning","Defragment+1","BootSequence+1","Consume+1","Amplify+1","Capacitor","BootSequence","Core Surge","Reprogram+1","Heatsinks+1","Fusion+1","Redo+1","Heatsinks+1","Chaos+1","Sunder+1","Electrodynamics","Glacier","Aggregate+1","FTL","Blizzard+1","Chill","White Noise+1"],"relics":["Cracked Core","Strawberry","OrangePellets","Pantograph","Mummified Hand","Meat on the Bone","Thread and Needle","Snecko Eye","Ornamental Fan","Question Card","Inserter","War Paint","Bottled Tornado"],"potions_floor_usage":[],"damage_taken":[{"damage":2,"enemies":"2 Louse","floor":1,"turns":4},{"damage":6,"enemies":"Jaw Worm","floor":7,"turns":3},{"damage":5,"enemies":"Small Slimes","floor":8,"turns":3},{"damage":5,"enemies":"Looter","floor":10,"turns":3},{"damage":31,"enemies":"Lagavulin","floor":11,"turns":5},{"damage":0,"enemies":"Large Slime","floor":12,"turns":5},{"damage":6,"enemies":"Gremlin Nob","floor":14,"turns":3},{"damage":39,"enemies":"Slime Boss","floor":16,"turns":9},{"damage":18,"enemies":"Shell Parasite","floor":18,"turns":4},{"damage":0,"enemies":"Spheric Guardian","floor":21,"turns":3},{"damage":18,"enemies":"Chosen and Byrds","floor":22,"turns":6},{"damage":1,"enemies":"Snake Plant","floor":24,"turns":4},{"damage":13,"enemies":"Shelled Parasite and Fungi","floor":25,"turns":5},{"damage":2,"enemies":"3 Cultists","floor":27,"turns":4},{"damage":2,"enemies":"Centurion and Healer","floor":29,"turns":4},{"damage":13,"enemies":"Snake Plant","floor":31,"turns":3},{"damage":44,"enemies":"Collector","floor":33,"turns":8},{"damage":4,"enemies":"Orb Walker","floor":35,"turns":4},{"damage":3,"enemies":"3 Shapes","floor":36,"turns":2},{"damage":36,"enemies":"Transient","floor":37,"turns":5},{"damage":29,"enemies":"Writhing Mass","floor":38,"turns":4},{"damage":2,"enemies":"Spire Growth","floor":39,"turns":5},{"damage":23,"enemies":"3 Darklings","floor":41,"turns":3},{"damage":0,"enemies":"Maw","floor":44,"turns":6},{"damage":1,"enemies":"Jaw Worm Horde","floor":48,"turns":3},{"damage":28,"enemies":"Awakened One","floor":50,"turns":11}],"seed_played":"-2131771462424378994","potions_obtained":[{"floor":12,"key":"Energy Potion"},{"floor":14,"key":"SkillPotion"},{"floor":16,"key":"SkillPotion"},{"floor":37,"key":"Fire Potion"}],"is_trial":false,"path_per_floor":["M","?","?","?","$","R","M","M","T","M","E","M","?","E","R","B",null,"M","?","?","M","M","R","M","M","T","M","$","M","R","M","R","B",null,"M","M","M","M","M","R","M","?","T","M","?","R","$","M","R","B",null],"character_chosen":"DEFECT","items_purchased":["Self Repair","OrangePellets","Pantograph","Question Card","Bottled Tornado"],"campfire_rested":0,"item_purchase_floors":[5,5,5,28,47],"current_hp_per_floor":[52,41,36,36,36,36,37,39,39,41,17,36,29,42,42,40,82,71,71,71,71,67,67,80,74,74,79,79,82,82,76,76,57,82,82,79,50,47,59,59,48,48,48,58,58,58,58,57,57,60],"gold":100,"neow_bonus":"TWO_FIFTY_GOLD","is_prod":false,"is_daily":false,"chose_seed":false,"campfire_upgraded":8,"win_rate":0.0,"timestamp":1545842305,"path_taken":["M","?","?","?","$","R","?","M","T","M","E","M","?","E","R","BOSS","M","?","?","?","M","R","M","M","T","M","$","M","R","M","R","BOSS","M","M","M","M","M","R","M","?","T","M","?","R","$","M","R","BOSS"],"build_version":"2018-12-20","purchased_purges":1,"victory":true,"max_hp_per_floor":[75,75,82,82,82,82,82,82,82,82,82,82,82,82,82,82,82,82,82,82,82,82,82,82,82,82,82,82,82,82,82,82,82,82,82,82,82,82,82,82,82,82,82,82,78,78,78,78,78,78],"card_choices":[{"not_picked":["Steam","Go for the Eyes"],"picked":"Barrage","floor":1},{"not_picked":["Stack","Blizzard"],"picked":"Sunder","floor":7},{"not_picked":["Leap","Force Field"],"picked":"Lockon","floor":8},{"not_picked":["Go for the Eyes","Redo"],"picked":"Ball Lightning","floor":10},{"not_picked":["Ball Lightning","Hologram"],"picked":"Defragment","floor":11},{"not_picked":["White Noise","Steam"],"picked":"BootSequence","floor":12},{"not_picked":["Cold Snap","Turbo"],"picked":"Consume","floor":14},{"not_picked":["Seek","Buffer"],"picked":"Amplify","floor":16},{"not_picked":["Reprogram+1","Auto Shields"],"picked":"Capacitor","floor":18},{"not_picked":["Steam+1","Conserve Battery"],"picked":"Reprogram+1","floor":21},{"not_picked":["Compile Driver","Barrage"],"picked":"Heatsinks","floor":22},{"not_picked":["Rebound","Gash"],"picked":"Fusion+1","floor":24},{"not_picked":["Hologram","Turbo"],"picked":"Redo+1","floor":25},{"not_picked":["Conserve Battery","Stack"],"picked":"Heatsinks+1","floor":27},{"not_picked":["Coolheaded","Static Discharge","Rebound"],"picked":"Chaos+1","floor":29},{"not_picked":["Darkness+1","Steam","Genetic Algorithm"],"picked":"Sunder","floor":31},{"not_picked":["Thunder Strike","Biased Cognition","Echo Form"],"picked":"Electrodynamics","floor":33},{"not_picked":["Recycle+1","Gash+1","Sweeping Beam+1"],"picked":"Glacier","floor":35},{"not_picked":["Ball Lightning","Streamline","Leap"],"picked":"Aggregate+1","floor":36},{"not_picked":["Capacitor+1","Streamline","Scrape"],"picked":"FTL","floor":37},{"not_picked":["Barrage","Stack+1","Conserve Battery+1"],"picked":"Blizzard+1","floor":38},{"not_picked":["Gash","Streamline+1","Fission","Capacitor+1"],"picked":"SKIP","floor":39},{"not_picked":["Redo+1","Barrage","Turbo"],"picked":"Chill","floor":41},{"not_picked":["Undo","Recycle","Stack+1","Doom and Gloom"],"picked":"SKIP","floor":44},{"not_picked":["Steam+1","BootSequence+1","Conserve Battery+1"],"picked":"White Noise","floor":48}],"player_experience":56383,"relics_obtained":[{"floor":9,"key":"Mummified Hand"},{"floor":11,"key":"Meat on the Bone"},{"floor":14,"key":"Thread and Needle"},{"floor":26,"key":"Ornamental Fan"},{"floor":43,"key":"War Paint"}],"event_choices":[{"damage_healed":0,"gold_gain":75,"player_choice":"Gather Gold","damage_taken":11,"max_hp_gain":0,"max_hp_loss":0,"event_name":"World of Goop","floor":2,"gold_loss":0},{"damage_healed":0,"gold_gain":0,"player_choice":"Success","damage_taken":12,"relics_obtained":["Strawberry"],"max_hp_gain":0,"max_hp_loss":0,"event_name":"Scrap Ooze","floor":3,"gold_loss":0},{"damage_healed":0,"gold_gain":175,"player_choice":"AGREE","damage_taken":0,"max_hp_gain":0,"max_hp_loss":0,"event_name":"Liars Game","floor":4,"gold_loss":0,"cards_obtained":["Doubt"]},{"cards_removed":["Strike_B"],"damage_healed":0,"gold_gain":0,"player_choice":"Card Removal","damage_taken":7,"max_hp_gain":0,"max_hp_loss":0,"event_name":"Golden Wing","floor":13,"gold_loss":0},{"damage_healed":0,"gold_gain":0,"player_choice":"Simplicity","damage_taken":0,"max_hp_gain":0,"max_hp_loss":0,"event_name":"Back to Basics","floor":19,"gold_loss":0,"cards_upgraded":["Strike_B","Strike_B","Strike_B","Defend_B","Defend_B","Defend_B","Defend_B"]},{"damage_healed":0,"gold_gain":0,"player_choice":"2 cards matched","damage_taken":0,"max_hp_gain":0,"max_hp_loss":0,"event_name":"Match and Keep!","floor":20,"gold_loss":0,"cards_obtained":["BootSequence","Core Surge"]},{"cards_removed":["Lockon"],"damage_healed":0,"gold_gain":0,"player_choice":"Removed Attack","damage_taken":0,"max_hp_gain":0,"max_hp_loss":0,"event_name":"Falling","floor":42,"gold_loss":0},{"damage_healed":0,"gold_gain":0,"player_choice":"Max HP","damage_taken":0,"max_hp_gain":0,"max_hp_loss":4,"event_name":"Winding Halls","floor":45,"gold_loss":0}],"is_beta":false,"boss_relics":[{"not_picked":["Fusion Hammer","Velvet Choker"],"picked":"Snecko Eye"},{"not_picked":["White Beast Statue","Busted Crown"],"picked":"Inserter"}],"items_purged_floors":[28],"is_endless":false,"potions_floor_spawned":[12,14,16,21,22,25,27,35,37,39,44],"ascension_level":0}