{"gold_per_floor":[118,43,59,73,84,116,136,170,170,183,257,257,270,290,290,390,390,401,44,59,59,74,103,116,71,71,87,87,87,97,109,109,211,211,224,242,117,117,136,136,155,155,155,181,200,213,248,265,265,265],"floor_reached":50,"playtime":5799,"items_purged":["Doubt","Defend_B","Strike_B"],"score":626,"play_id":"10d131f4-2c6f-442a-aa7b-26230ba5d602","local_time":"20181006103624","is_ascension_mode":true,"campfire_choices":[{"floor":15.0,"key":"REST"},{"floor":29,"key":"REST"},{"floor":32,"key":"REST"},{"floor":40,"key":"REST"},{"data":"Hyperbeam","floor":42,"key":"SMITH"},{"data":"Coolheaded","floor":49,"key":"SMITH"}],"neow_cost":"CURSE","seed_source_timestamp":0,"circlet_count":0,"master_deck":["Strike_B","Strike_B","Defend_B","Defend_B","Defend_B","Zap","Dualcast","Hyperbeam+1","Coolheaded+1","Genetic Algorithm","Compile Driver","Streamline","Chill","FTL","BootSequence","Thunder Strike","Double Energy","Flash of Steel","Ball Lightning","Redo","Ball Lightning","Hologram","Conserve Battery","Beam Cell","Necronomicurse","Sweeping Beam","Fission+1","Self Repair+1","Madness+1","Madness+1","Pain","Coolheaded+1","Go for the Eyes"],"special_seed":0,"relics":["Cracked Core","Happy Flower","Oddly Smooth Stone","Centennial Puzzle","Busted Crown","Regal Pillow","MutagenicStrength","Bronze Scales","Toxic Egg 2","Necronomicon","Cursed Key","Ancient Tea Set","Mercury Hourglass","Darkstone Periapt"],"potions_floor_usage":[30,31,39,44,46,47],"damage_taken":[{"damage":7.0,"enemies":"Jaw Worm","floor":1.0,"turns":3.0},{"damage":0.0,"enemies":"2 Louse","floor":3.0,"turns":1.0},{"damage":0.0,"enemies":"Cultist","floor":4.0,"turns":2.0},{"damage":11.0,"enemies":"Looter","floor":5.0,"turns":2.0},{"damage":42.0,"enemies":"Gremlin Nob","floor":6.0,"turns":5.0},{"damage":0.0,"enemies":"Exordium Thugs","floor":7.0,"turns":4.0},{"damage":9.0,"enemies":"3 Sentries","floor":8.0,"turns":6.0},{"damage":0.0,"enemies":"2 Fungi Beasts","floor":10.0,"turns":2.0},{"damage":0.0,"enemies":"Exordium Wildlife","floor":13.0,"turns":5.0},{"damage":0.0,"enemies":"Looter","floor":14.0,"turns":3.0},{"damage":26.0,"enemies":"Slime Boss","floor":16.0,"turns":10.0},{"damage":3.0,"enemies":"3 Byrds","floor":18.0,"turns":4.0},{"damage":5.0,"enemies":"2 Thieves","floor":20.0,"turns":3.0},{"damage":13,"enemies":"Centurion and Healer","floor":22,"turns":5},{"damage":24,"enemies":"Gremlin Leader","floor":23,"turns":5},{"damage":16,"enemies":"Snecko","floor":24,"turns":3},{"damage":0,"enemies":"3 Cultists","floor":27,"turns":4},{"damage":7,"enemies":"Snake Plant","floor":30,"turns":3},{"damage":2,"enemies":"Snecko","floor":31,"turns":3},{"damage":53,"enemies":"Champ","floor":33,"turns":10},{"damage":4,"enemies":"3 Shapes","floor":35,"turns":2},{"damage":15,"enemies":"3 Darklings","floor":36,"turns":3},{"damage":30,"enemies":"Maw","floor":39,"turns":6},{"damage":0,"enemies":"Sphere and 2 Shapes","floor":41,"turns":1},{"damage":0,"enemies":"2 Orb Walkers","floor":44,"turns":1},{"damage":6,"enemies":"Reptomancer","floor":45,"turns":4},{"damage":19,"enemies":"Spire Growth","floor":46,"turns":5},{"damage":6,"enemies":"Nemesis","floor":47,"turns":3},{"damage":0,"enemies":"Sphere and 2 Shapes","floor":48,"turns":3},{"damage":68,"enemies":"Time Eater","floor":50,"turns":4}],"seed_played":"6735810618450951867","potions_obtained":[{"floor":5.0,"key":"Dexterity Potion"},{"floor":6.0,"key":"PowerPotion"},{"floor":7.0,"key":"Weak Potion"},{"floor":10.0,"key":"LiquidBronze"},{"floor":14.0,"key":"SpeedPotion"},{"floor":16.0,"key":"Ancient Potion"},{"floor":18.0,"key":"Regen Potion"},{"floor":24,"key":"Fire Potion"},{"floor":27,"key":"Strength Potion"},{"floor":33,"key":"Strength Potion"},{"floor":36,"key":"SteroidPotion"},{"floor":41,"key":"Explosive Potion"},{"floor":44,"key":"GamblersBrew"},{"floor":47,"key":"Energy Potion"}],"is_trial":false,"path_per_floor":["M","$","M","M","M","E","M","E","T","M","?","?","M","M","R","B",null,"M","$","M","?","M","E","M","$","T","M","?","R","M","M","R","B",null,"M","M","$","?","M","R","M","R","T","E","M","M","E","M","R"],"character_chosen":"DEFECT","items_purchased":["Flash of Steel","Regal Pillow","Ball Lightning","Conserve Battery"],"campfire_rested":4,"item_purchase_floors":[19,19,19,25],"current_hp_per_floor":[68,68,68,68,57,15,15,6,6,6,6,6,6,6,28,2,75,72,72,72,72,59,35,19,19,19,19,3,40,33,31,68,15,75,71,66,66,57,37,74,74,74,74,74,68,59,63,63,63,0],"gold":265,"neow_bonus":"THREE_RARE_CARDS","is_prod":false,"is_daily":false,"chose_seed":false,"campfire_upgraded":2,"win_rate":0,"timestamp":1538836584,"path_taken":["M","$","M","M","M","E","M","E","T","M","?","?","?","M","R","BOSS","M","$","M","?","M","E","M","$","T","M","?","R","M","?","R","BOSS","M","M","$","?","M","R","?","R","T","E","M","?","E","M","R","BOSS"],"build_version":"2018-10-04v2","purchased_purges":3,"victory":false,"max_hp_per_floor":[75,75,75,75,75,75,75,75,75,75,75,75,75,75,75,75,75,75,75,75,75,75,75,75,75,75,75,75,75,75,75,75,75,75,75,75,75,75,75,75,75,75,75,75,75,75,75,75,75,75],"card_choices":[{"not_picked":["Rainbow","Machine Learning"],"picked":"Hyperbeam","floor":0.0},{"not_picked":["Steam","Leap"],"picked":"Coolheaded","floor":1.0},{"not_picked":["Turbo","Compile Driver"],"picked":"Genetic Algorithm","floor":3.0},{"not_picked":["Lockon","Hello World","Stack"],"picked":"SKIP","floor":4.0},{"not_picked":["Go for the Eyes","Gash","Sunder"],"picked":"SKIP","floor":5.0},{"not_picked":["Rip and Tear","Gash"],"picked":"Compile Driver","floor":6.0},{"not_picked":["Echo Form","Consume"],"picked":"Streamline","floor":7.0},{"not_picked":["Recycle","Aggregate"],"picked":"Chill","floor":8.0},{"not_picked":["Gash","Barrage"],"picked":"FTL","floor":10.0},{"not_picked":["Steam","Force Field","Compile Driver"],"picked":"SKIP","floor":13.0},{"not_picked":["Capacitor","Rebound"],"picked":"BootSequence","floor":14.0},{"not_picked":["Meteor Strike","Creative AI"],"picked":"Thunder Strike","floor":16.0},{"not_picked":[],"picked":"Double Energy","floor":18.0},{"not_picked":["Genetic Algorithm"],"picked":"SKIP","floor":20.0},{"not_picked":[],"picked":"Redo","floor":22},{"not_picked":[],"picked":"Ball Lightning","floor":23},{"not_picked":[],"picked":"Hologram","floor":24},{"not_picked":[],"picked":"Beam Cell","floor":27},{"not_picked":["Coolheaded+1"],"picked":"SKIP","floor":30},{"not_picked":[],"picked":"Sweeping Beam","floor":31},{"not_picked":[],"picked":"Fission+1","floor":33},{"not_picked":[],"picked":"Self Repair+1","floor":35},{"not_picked":["Stack+1"],"picked":"SKIP","floor":36},{"not_picked":["Stack+1"],"picked":"SKIP","floor":39},{"not_picked":["Stack+1"],"picked":"SKIP","floor":41},{"not_picked":[],"picked":"Coolheaded+1","floor":44},{"not_picked":["Genetic Algorithm+1"],"picked":"SKIP","floor":45},{"not_picked":["Rebound"],"picked":"SKIP","floor":46},{"not_picked":["Fusion+1"],"picked":"SKIP","floor":47},{"not_picked":[],"picked":"Go for the Eyes","floor":48}],"player_experience":183792,"relics_obtained":[{"floor":6.0,"key":"Happy Flower"},{"floor":8.0,"key":"Oddly Smooth Stone"},{"floor":9.0,"key":"Centennial Puzzle"},{"floor":23,"key":"Bronze Scales"},{"floor":26,"key":"Toxic Egg 2"},{"floor":28,"key":"Necronomicon"},{"floor":43,"key":"Ancient Tea Set"},{"floor":44,"key":"Mercury Hourglass"},{"floor":47,"key":"Darkstone Periapt"}],"event_choices":[{"event_name":"Golden Wing","player_choice":"Gained Gold","floor":11.0,"damage_taken":0.0},{"event_name":"Purifier","player_choice":"One Purge","floor":12.0,"damage_taken":0.0},{"event_name":"Drug Dealer","player_choice":"Inject Mutagens","floor":21.0,"damage_taken":0.0},{"event_name":"Cursed Tome","player_choice":"Obtained Book","floor":28,"damage_taken":0},{"event_name":"Winding Halls","player_choice":"Embrace Madness","floor":38,"damage_taken":0}],"is_beta":false,"boss_relics":[{"not_picked":["Black Star","Velvet Choker"],"picked":"Busted Crown"},{"not_picked":["Runic Pyramid","Eternal Feather"],"picked":"Cursed Key"}],"items_purged_floors":[2,19,37],"is_endless":false,"potions_floor_spawned":[5,6,7,10,14,16,18,24,27,33,36,41,44,47],"killed_by":"Time Eater","ascension_level":2}