{"path_per_floor":["M","M","$","?","M","E","$","R","T","E","M","$","M","?","R","B",null,"M","?","?","M","?","E","R","E","T","M","M","R","M","M","R","B",null,"M","M","T","M","?","R","$","R","T","M","E","M","R","M","R","B"],"character_chosen":"THE_SILENT","items_purchased":["Dagger Throw","Infinite Blades","Cloak And Dagger","Quick Slash"],"gold_per_floor":[115,132,37,37,55,83,37,37,60,88,101,4,20,0,0,105,105,115,40,40,56,56,83,83,108,189,200,219,219,234,253,253,351,351,369,385,385,399,0,0,0,0,0,15,50,66,66,78,78,78],"floor_reached":51,"campfire_rested":6,"playtime":4635,"current_hp_per_floor":[68,68,68,68,66,18,18,39,39,25,25,25,21,21,42,31,70,70,70,70,68,68,58,58,57,57,50,46,46,46,46,67,40,70,46,42,42,57,57,70,70,70,70,57,45,40,61,50,70,21],"items_purged":["Expertise"],"gold":78,"score":755,"play_id":"e9e83bf4-983e-4bf2-a7ab-21b1c1074a59","local_time":"20180401125308","is_prod":false,"is_daily":false,"is_ascension_mode":false,"campfire_upgraded":3,"timestamp":1522601588,"path_taken":["M","M","$","?","?","E","$","R","T","E","?","?","?","?","R","BOSS","M","?","?","M","?","E","R","E","T","?","?","R","?","M","R","BOSS","M","?","?","M","?","R","?","R","T","?","E","M","R","M","R","BOSS"],"build_version":"2018-03-29v2","purchased_purges":1,"victory":true,"master_deck":["Defend_G","Defend_G","Defend_G","Defend_G","Defend_G","Strike_G","Strike_G","Strike_G","Strike_G","Strike_G","Survivor","Neutralize","Cloak And Dagger+1","Outmaneuver","Dagger Throw","Infinite Blades","Deflect","Flying Knee","Backstab","Cloak And Dagger+1","Blur","Dagger Throw","Quick Slash","Sucker Punch","Burst","Parasite","Parasite","Slice","Prepared","Infinite Blades+1","Malaise+1","Venomology","Cloak And Dagger","Flechettes+1","Riddle With Holes+1","Backflip+1","Slice+1","Dagger Spray+1","Accuracy+1","Prepared+1","Cloak And Dagger+1","Flying Knee+1","Blade Dance+1"],"max_hp_per_floor":[70,70,70,70,70,70,70,70,70,70,70,70,70,70,70,70,70,70,70,70,70,70,70,70,70,70,70,70,70,70,70,70,70,70,70,70,70,70,70,70,70,70,70,70,70,70,70,70,70,70],"relics":["Black Star","Centennial Puzzle","Matryoshka","Anchor","Bag of Preparation","Kunai","Shuriken","Calling Bell","Ice Cream","Thread and Needle","Prayer Wheel","Ornamental Fan","Bottled Lightning","Orichalcum","Ancient Tea Set","Molten Egg 2","Smiling Mask","Shovel","Red Mask","Unceasing Top","Dream Catcher","Pen Nib"],"card_choices":[{"not_picked":["Reflex","Expertise"],"picked":"Cloak And Dagger","floor":1},{"not_picked":["Corpse Explosion","Caltrops"],"picked":"Outmaneuver","floor":2},{"not_picked":["Underhanded Strike","Bane"],"picked":"Flying Knee","floor":5},{"not_picked":["Flying Knee","Finisher"],"picked":"Backstab","floor":6},{"not_picked":["Deflect","Crippling Poison"],"picked":"Blur","floor":10},{"not_picked":["Poisoned Stab","Deadly Poison"],"picked":"Dagger Throw","floor":11},{"not_picked":["Escape Plan","Underhanded Strike"],"picked":"Sucker Punch","floor":13},{"not_picked":["Unload","Die Die Die"],"picked":"Burst","floor":16},{"not_picked":["Finisher","Dagger Spray"],"picked":"Slice","floor":18},{"not_picked":["All Out Attack","Backflip"],"picked":"Prepared","floor":21},{"not_picked":["Outmaneuver","Backflip"],"picked":"Infinite Blades","floor":23},{"not_picked":["Caltrops","PiercingWail"],"picked":"Malaise","floor":25},{"not_picked":["Backflip","Deadly Poison"],"picked":"Venomology","floor":26},{"not_picked":["Dodge and Roll","Flying Knee"],"picked":"Cloak And Dagger","floor":27},{"not_picked":["Catalyst","Poisoned Stab"],"picked":"Flechettes","floor":28},{"not_picked":["Deflect","Sucker Punch"],"picked":"Riddle With Holes","floor":31},{"not_picked":["Skewer","PiercingWail"],"picked":"Backflip","floor":35},{"not_picked":["Prepared","Calculated Gamble"],"picked":"Slice","floor":36},{"not_picked":["Flying Knee","Bane"],"picked":"Dagger Spray","floor":37},{"not_picked":["Tools of the Trade","Quick Slash"],"picked":"Accuracy","floor":38},{"not_picked":["Escape Plan","Distraction"],"picked":"Prepared","floor":43},{"not_picked":["Slice","Flechettes"],"picked":"Cloak And Dagger","floor":45},{"not_picked":["Eviscerate","Escape Plan"],"picked":"Flying Knee","floor":46},{"not_picked":["Wraith Form","Acrobatics"],"picked":"Blade Dance","floor":48}],"player_experience":74112,"potions_floor_usage":[5,16,16,21,25,33,33,33,36,38,45,45,45,50,50,50],"damage_taken":[{"damage":2,"enemies":"Small Slimes","floor":1,"turns":4},{"damage":0,"enemies":"Cultist","floor":2,"turns":4},{"damage":2,"enemies":"Jaw Worm","floor":5,"turns":3},{"damage":48,"enemies":"Gremlin Nob","floor":6,"turns":5},{"damage":14,"enemies":"Lagavulin","floor":10,"turns":8},{"damage":0,"enemies":"Lots of Slimes","floor":11,"turns":4},{"damage":4,"enemies":"Gremlin Gang","floor":13,"turns":4},{"damage":11,"enemies":"Hexaghost","floor":16,"turns":8},{"damage":0,"enemies":"3 Byrds","floor":18,"turns":6},{"damage":2,"enemies":"Shell Parasite","floor":21,"turns":6},{"damage":10,"enemies":"Slavers","floor":23,"turns":7},{"damage":1,"enemies":"Gremlin Leader","floor":25,"turns":7},{"damage":7,"enemies":"Snake Plant","floor":27,"turns":6},{"damage":4,"enemies":"Sentry and Sphere","floor":28,"turns":5},{"damage":0,"enemies":"Centurion and Healer","floor":30,"turns":6},{"damage":0,"enemies":"Snecko","floor":31,"turns":5},{"damage":27,"enemies":"Automaton","floor":33,"turns":10},{"damage":24,"enemies":"3 Darklings","floor":35,"turns":7},{"damage":4,"enemies":"Orb Walker","floor":36,"turns":4},{"damage":0,"enemies":"Maw","floor":38,"turns":8},{"damage":13,"enemies":"Sphere and 2 Shapes","floor":44,"turns":6},{"damage":12,"enemies":"Nemesis","floor":45,"turns":7},{"damage":5,"enemies":"4 Shapes","floor":46,"turns":6},{"damage":11,"enemies":"Maw","floor":48,"turns":7},{"damage":49,"enemies":"Donu and Deca","floor":50,"turns":8}],"event_choices":[{"event_name":"Match and Keep!","player_choice":"2 cards matched","floor":4,"damage_taken":0},{"event_name":"World of Goop","player_choice":"Left","floor":14,"damage_taken":0},{"event_name":"Beggar","player_choice":"Gave Gold","floor":19,"damage_taken":0},{"event_name":"Ghosts","player_choice":"Ignored","floor":20,"damage_taken":0},{"event_name":"Drug Dealer","player_choice":"Ignored","floor":22,"damage_taken":0},{"event_name":"Tomb of Lord Red Mask","player_choice":"Paid","floor":39,"damage_taken":0}],"boss_relics":[{"not_picked":["Lizard Tail","Velvet Choker"],"picked":"Calling Bell"},{"not_picked":["Sozu","The Specimen","Snecko Eye"]}],"potions_floor_spawned":[1,10,11,18,23,30,31,45,48],"seed_played":"300268675009408472","ascension_level":0,"is_trial":false}