{"gold_per_floor":[117,23,23,23,41,41,71,71,119,194,212,227,227,241,241,316,316,327,327,339,339,358,358,390,390,471,496,496,506,537,551,551,624,624,638,202,250,267,367,367,382,412,712,729,75,100,100,125,125,125,125],"floor_reached":52,"playtime":5092,"items_purged":["Strike_G","Strike_G"],"score":2246,"play_id":"a4753008-398a-4f0a-9e29-ae6ad71b8eef","local_time":"20190105234932","is_ascension_mode":true,"campfire_choices":[{"data":"Neutralize","floor":6,"key":"SMITH"},{"data":"Well Laid Plans","floor":13,"key":"SMITH"},{"data":"Bouncing Flask","floor":15,"key":"SMITH"},{"data":"Skewer","floor":23,"key":"SMITH"},{"data":"Bandage Up","floor":25,"key":"SMITH"},{"data":"Bane","floor":32,"key":"SMITH"},{"data":"Footwork","floor":40,"key":"SMITH"},{"data":"Blur","floor":47,"key":"SMITH"},{"data":"Backflip","floor":49,"key":"SMITH"}],"neow_cost":"NONE","seed_source_timestamp":309877164127100,"circlet_count":0,"master_deck":["AscendersBane","Defend_G","Defend_G","Defend_G","Defend_G","Defend_G","Strike_G","Strike_G","Strike_G","Survivor","Neutralize+1","Crippling Poison+1","Bandage Up+1","Backflip+1","Bouncing Flask+1","Infinite Blades","Well Laid Plans+1","Bane+1","Adrenaline","Skewer+1","Blur+1","PiercingWail","Underhanded Strike","Leg Sweep+1","Backflip+1","Catalyst+1","Malaise+1","Burst+1","Footwork+1","Acrobatics+1","Blade Dance+1","Terror+1","Dodge and Roll+1","Leg Sweep+1","Blade Dance+1","Blur+1","Doppelganger+1"],"relics":["Coffee Dripper","Matryoshka","Blood Vial","Anchor","Snecko Eye","MutagenicStrength","Orichalcum","Toxic Egg 2","Pear","Ancient Tea Set","Red Mask","Philosopher\u0027s Stone","Shuriken","Dead Branch","Pocketwatch","Frozen Egg 2","Old Coin","Oddly Smooth Stone","Art of War","Du-Vu Doll","Snake Skull"],"potions_floor_usage":[7,16,24,30,51],"damage_taken":[{"damage":0,"enemies":"2 Louse","floor":1,"turns":3},{"damage":2,"enemies":"Jaw Worm","floor":5,"turns":4},{"damage":13,"enemies":"Lagavulin","floor":7,"turns":8},{"damage":0,"enemies":"Cultist","floor":11,"turns":3},{"damage":0,"enemies":"2 Fungi Beasts","floor":12,"turns":3},{"damage":0,"enemies":"Looter","floor":14,"turns":4},{"damage":22,"enemies":"Slime Boss","floor":16,"turns":8},{"damage":0,"enemies":"Shell Parasite","floor":18,"turns":4},{"damage":7,"enemies":"Spheric Guardian","floor":20,"turns":4},{"damage":11,"enemies":"3 Cultists","floor":22,"turns":5},{"damage":13,"enemies":"Gremlin Leader","floor":24,"turns":6},{"damage":20,"enemies":"Slavers","floor":27,"turns":6},{"damage":1,"enemies":"Chosen and Byrds","floor":29,"turns":5},{"damage":3,"enemies":"Masked Bandits","floor":30,"turns":3},{"damage":12,"enemies":"Snake Plant","floor":31,"turns":3},{"damage":21,"enemies":"Automaton","floor":33,"turns":9},{"damage":0,"enemies":"Orb Walker","floor":35,"turns":3},{"damage":21,"enemies":"2 Orb Walkers","floor":37,"turns":4},{"damage":0,"enemies":"3 Shapes","floor":38,"turns":3},{"damage":0,"enemies":"Mind Bloom Boss Battle","floor":39,"turns":5},{"damage":3,"enemies":"Jaw Worm Horde","floor":41,"turns":3},{"damage":0,"enemies":"Nemesis","floor":42,"turns":3},{"damage":0,"enemies":"Transient","floor":44,"turns":5},{"damage":0,"enemies":"Giant Head","floor":46,"turns":6},{"damage":0,"enemies":"Time Eater","floor":50,"turns":6},{"damage":0,"enemies":"Donu and Deca","floor":51,"turns":6}],"seed_played":"4614328363129657109","potions_obtained":[{"floor":4,"key":"FairyPotion"},{"floor":4,"key":"Fire Potion"},{"floor":11,"key":"GhostInAJar"},{"floor":14,"key":"Strength Potion"},{"floor":16,"key":"FearPotion"},{"floor":24,"key":"Explosive Potion"},{"floor":31,"key":"Block Potion"},{"floor":39,"key":"GhostInAJar"}],"is_trial":false,"path_per_floor":["M","$","?","?","M","R","E","?","T","?","M","M","R","M","R","B",null,"M","?","M","?","M","R","E","R","T","E","?","M","?","M","R","B",null,"M","$","?","M","?","R","M","E","T","M","$","E","R","T","R","B","B",null],"character_chosen":"THE_SILENT","items_purchased":["Bandage Up","Acrobatics+1","Shuriken","Blade Dance+1","Oddly Smooth Stone","Blur+1","Doppelganger+1","Art of War"],"campfire_rested":0,"item_purchase_floors":[2,36,36,36,45,45,45,45],"current_hp_per_floor":[59,59,59,59,61,61,52,57,57,46,52,54,54,60,60,44,64,70,70,68,68,60,60,53,53,63,51,51,58,63,53,53,40,71,81,81,72,80,81,81,81,81,81,81,81,81,81,81,81,81,81],"gold":125,"neow_bonus":"BOSS_RELIC","is_prod":false,"is_daily":false,"chose_seed":false,"campfire_upgraded":9,"win_rate":0,"timestamp":1546750172,"path_taken":["M","$","?","?","?","R","E","?","T","?","?","M","R","M","R","BOSS","M","?","M","?","M","R","E","R","T","E","?","?","?","M","R","BOSS","M","$","?","M","?","R","M","E","T","M","$","E","R","?","R","BOSS","BOSS"],"build_version":"2018-12-20","purchased_purges":2,"victory":true,"max_hp_per_floor":[66,66,66,66,66,66,66,71,71,71,71,71,71,71,71,71,71,71,71,71,71,71,71,71,71,81,81,81,81,81,81,81,81,81,81,81,81,81,81,81,81,81,81,81,81,81,81,81,81,81,81],"card_choices":[{"not_picked":["Flying Knee","Bane"],"picked":"Crippling Poison","floor":1},{"not_picked":["Acrobatics","Bane"],"picked":"Backflip","floor":5},{"not_picked":["Reflex","Cloak And Dagger"],"picked":"Bouncing Flask","floor":7},{"not_picked":["Deadly Poison","Blade Dance"],"picked":"Infinite Blades","floor":11},{"not_picked":["Calculated Gamble","All Out Attack"],"picked":"Well Laid Plans","floor":12},{"not_picked":["Deflect","Reflex"],"picked":"Bane","floor":14},{"not_picked":["Unload","Tools of the Trade"],"picked":"Adrenaline","floor":16},{"not_picked":["Accuracy","Setup"],"picked":"Skewer","floor":18},{"not_picked":["Poisoned Stab+1","Sucker Punch"],"picked":"PiercingWail","floor":20},{"not_picked":["Dodge and Roll","Concentrate"],"picked":"Underhanded Strike","floor":22},{"not_picked":["Deadly Poison+1","Accuracy"],"picked":"Leg Sweep+1","floor":24},{"not_picked":["Flechettes","Cloak And Dagger+1"],"picked":"Backflip+1","floor":27},{"not_picked":["Masterful Stab","Outmaneuver+1","Tactician+1"],"picked":"SKIP","floor":29},{"not_picked":["Masterful Stab","Outmaneuver+1","Tactician+1"],"picked":"SKIP","floor":29},{"not_picked":["Accuracy+1","Terror+1"],"picked":"Catalyst+1","floor":30},{"not_picked":["Choke","Slice"],"picked":"Malaise+1","floor":31},{"not_picked":["Doppelganger+1","A Thousand Cuts"],"picked":"Burst+1","floor":33},{"not_picked":["Outmaneuver+1","Flechettes+1"],"picked":"Footwork","floor":35},{"not_picked":["Heel Hook","Flying Knee"],"picked":"Terror+1","floor":37},{"not_picked":["Deflect+1","Expertise+1"],"picked":"Dodge and Roll+1","floor":38},{"not_picked":["Escape Plan+1","Acrobatics+1"],"picked":"Leg Sweep+1","floor":41},{"not_picked":["Deflect+1","Infinite Blades"],"picked":"Blade Dance+1","floor":42},{"not_picked":["Poisoned Stab","Choke+1","Heel Hook"],"picked":"SKIP","floor":44},{"not_picked":["Blade Dance+1","Masterful Stab+1","Endless Agony"],"picked":"SKIP","floor":46}],"player_experience":1861819,"relics_obtained":[{"floor":7,"key":"Matryoshka"},{"floor":9,"key":"Blood Vial"},{"floor":9,"key":"Anchor"},{"floor":24,"key":"Orichalcum"},{"floor":26,"key":"Toxic Egg 2"},{"floor":26,"key":"Pear"},{"floor":27,"key":"Ancient Tea Set"},{"floor":30,"key":"Red Mask"},{"floor":37,"key":"Dead Branch"},{"floor":39,"key":"Pocketwatch"},{"floor":42,"key":"Frozen Egg 2"},{"floor":43,"key":"Old Coin"},{"floor":46,"key":"Du-Vu Doll"},{"floor":48,"key":"Snake Skull"}],"event_choices":[{"damage_healed":0,"gold_gain":0,"player_choice":"Grow","damage_taken":0,"max_hp_gain":0,"max_hp_loss":0,"event_name":"Living Wall","floor":3,"gold_loss":0,"cards_upgraded":["Crippling Poison"]},{"damage_healed":0,"gold_gain":0,"player_choice":"Got Potions","damage_taken":0,"max_hp_gain":0,"max_hp_loss":0,"event_name":"Lab","floor":4,"gold_loss":0},{"damage_healed":0,"gold_gain":0,"player_choice":"Donut","damage_taken":0,"max_hp_gain":5,"max_hp_loss":0,"event_name":"Big Fish","floor":8,"gold_loss":0},{"damage_healed":0,"gold_gain":75,"player_choice":"Gather Gold","damage_taken":11,"max_hp_gain":0,"max_hp_loss":0,"event_name":"World of Goop","floor":10,"gold_loss":0},{"damage_healed":0,"gold_gain":0,"player_choice":"Read","damage_taken":0,"max_hp_gain":0,"max_hp_loss":0,"event_name":"The Library","floor":19,"gold_loss":0,"cards_obtained":["Blur"]},{"damage_healed":0,"gold_gain":0,"player_choice":"Inject Mutagens","damage_taken":0,"relics_obtained":["MutagenicStrength"],"max_hp_gain":0,"max_hp_loss":0,"event_name":"Drug Dealer","floor":21,"gold_loss":0},{"damage_healed":0,"gold_gain":0,"player_choice":"Leave","damage_taken":0,"max_hp_gain":0,"max_hp_loss":0,"event_name":"FaceTrader","floor":28,"gold_loss":0},{"damage_healed":0,"gold_gain":0,"player_choice":"Fought Bandits","damage_taken":0,"max_hp_gain":0,"max_hp_loss":0,"event_name":"Masked Bandits","floor":30,"gold_loss":0},{"damage_healed":0,"gold_gain":0,"player_choice":"Fight","damage_taken":0,"max_hp_gain":0,"max_hp_loss":0,"event_name":"Mysterious Sphere","floor":37,"gold_loss":0},{"damage_healed":0,"gold_gain":0,"player_choice":"Fight","damage_taken":0,"max_hp_gain":0,"max_hp_loss":0,"event_name":"MindBloom","floor":39,"gold_loss":0}],"is_beta":true,"boss_relics":[{"not_picked":["Runic Dome","Eternal Feather"],"picked":"Snecko Eye"},{"not_picked":["Lizard Tail","White Beast Statue"],"picked":"Philosopher\u0027s Stone"}],"items_purged_floors":[36,45],"is_endless":false,"potions_floor_spawned":[11,14,16,24,27,29,31,33,35,38,39,41],"ascension_level":20}