{"path_per_floor":["M","M","?","$","M","R","M","M","T","M","M","$","R","E","R","B",null,"M","M","?","M","M","R","$","R","T","R","M","R","M","$","R","B",null,"M","?","$","?","M","R","E","R","T","M","M","$","?","M","R"],"character_chosen":"DEFECT","items_purchased":["Static Discharge","Defragment"],"gold_per_floor":[113,128,128,53,66,66,79,92,92,110,123,23,23,57,57,154,154,154,154,154,154,154,154,114,114,114,114,114,114,114,37,37,37,37,37,37,37,37,37,37,37,37,37,37,37,37,0,0,0,0],"floor_reached":50,"campfire_rested":1,"playtime":2946,"item_purchase_floors":[24,31],"current_hp_per_floor":[74,62,62,62,61,61,60,59,59,55,52,52,52,43,43,36,75,66,54,54,45,45,45,45,45,55,55,41,41,12,12,37,10,85,85,85,85,85,85,85,55,55,55,56,57,57,57,59,59,0],"items_purged":["Strike_B","Strike_B"],"gold":0,"score":501,"play_id":"31bfc01f-e823-442e-8697-683d9b05ef49","local_time":"20180601150203","is_prod":false,"is_daily":false,"chose_seed":false,"is_ascension_mode":false,"campfire_upgraded":2,"win_rate":0,"timestamp":1527832923,"campfire_choices":[{"data":"Dualcast","floor":6,"key":"SMITH"},{"data":"Defend_B","floor":13,"key":"PURGE"},{"data":"Defend_B","floor":15,"key":"PURGE"},{"floor":23,"key":"DIG"},{"floor":25,"key":"DIG"},{"floor":27,"key":"DIG"},{"floor":29,"key":"DIG"},{"floor":32,"key":"REST"},{"floor":40,"key":"DIG"},{"floor":42,"key":"DIG"},{"data":"Static Discharge","floor":49,"key":"SMITH"}],"path_taken":["M","?","?","$","M","R","M","M","T","M","M","$","R","E","R","BOSS","M","M","?","M","M","R","$","R","T","R","?","R","M","?","R","BOSS","M","?","$","?","M","R","E","R","T","M","?","?","?","M","R","BOSS"],"build_version":"2018-05-30v2","seed_source_timestamp":16433015093128,"purchased_purges":2,"victory":false,"master_deck":["Defend_B","Defend_B","Zap","Dualcast+1","Hello World","Capacitor","Ball Lightning","Redo","Steam","Ball Lightning+1","Ball Lightning+1","Coolheaded","Glacier","Auto Shields","Echo Form","Ball Lightning","Go for the Eyes+1","Coolheaded","Creative AI","Static Discharge+1","Loop","BootSequence+1","Defragment","Thunder Strike","Beam Cell+1","Secret Technique","Ball Lightning+1","Steam","Go for the Eyes"],"max_hp_per_floor":[75,75,75,75,75,75,75,75,75,75,75,75,75,75,75,75,75,75,75,75,75,75,75,75,75,85,85,85,85,85,85,85,85,85,85,85,85,85,85,85,85,85,85,85,85,85,85,85,85,85],"relics":["Cracked Core","Peace Pipe","Torii","Ectoplasm","Shovel","Symbiotic Virus","Bottled Lightning","Pear","Anchor","Bottled Tornado","Velvet Choker","Regal Pillow","Oddly Smooth Stone","Blood Vial","Whetstone","Red Mask"],"card_choices":[{"not_picked":["Stack","Conserve Battery"],"picked":"Capacitor","floor":1},{"not_picked":["Double Energy","Capacitor"],"picked":"Ball Lightning","floor":2},{"not_picked":["Fusion","Beam Cell"],"picked":"Steam","floor":5},{"not_picked":["Storm","Hologram"],"picked":"Ball Lightning","floor":7},{"not_picked":["Turbo","Darkness"],"picked":"Ball Lightning","floor":8},{"not_picked":["Streamline","Double Energy"],"picked":"Coolheaded","floor":10},{"not_picked":["Stack","Leap"],"picked":"Glacier","floor":11},{"not_picked":["Sunder","Steam Power"],"picked":"Auto Shields","floor":14},{"not_picked":["Fission","Thunder Strike"],"picked":"Echo Form","floor":16},{"not_picked":["Gash","Hologram"],"picked":"Ball Lightning","floor":18},{"not_picked":["Streamline","Rebound+1"],"picked":"Go for the Eyes+1","floor":19},{"not_picked":["Rebound+1","Conserve Battery"],"picked":"Coolheaded","floor":21},{"not_picked":["Gash","Barrage"],"picked":"Creative AI","floor":22},{"not_picked":["Redo+1","Force Field"],"picked":"Loop","floor":28},{"not_picked":["Hologram","Go for the Eyes"],"picked":"BootSequence+1","floor":30},{"not_picked":["Multi-Cast","Rainbow"],"picked":"Thunder Strike","floor":33},{"not_picked":["Gash+1","Stack+1"],"picked":"Beam Cell+1","floor":35},{"not_picked":["Flash of Steel","Dramatic Entrance"],"picked":"Secret Technique","floor":36},{"not_picked":["Scrape+1","Heatsinks","Streamline+1"],"picked":"SKIP","floor":39},{"not_picked":["Turbo+1","Stack+1"],"picked":"Ball Lightning+1","floor":41},{"not_picked":["Barrage","Stack"],"picked":"Steam","floor":44},{"not_picked":["Meteor Strike","Streamline+1"],"picked":"Go for the Eyes","floor":45}],"player_experience":224212,"potions_floor_usage":[22,22,22,48],"damage_taken":[{"damage":1,"enemies":"Cultist","floor":1,"turns":3},{"damage":12,"enemies":"Small Slimes","floor":2,"turns":4},{"damage":1,"enemies":"Jaw Worm","floor":5,"turns":2},{"damage":1,"enemies":"2 Fungi Beasts","floor":7,"turns":3},{"damage":1,"enemies":"3 Louse","floor":8,"turns":3},{"damage":4,"enemies":"Exordium Thugs","floor":10,"turns":3},{"damage":3,"enemies":"2 Fungi Beasts","floor":11,"turns":3},{"damage":9,"enemies":"Lagavulin","floor":14,"turns":6},{"damage":7,"enemies":"Hexaghost","floor":16,"turns":10},{"damage":9,"enemies":"Spheric Guardian","floor":18,"turns":4},{"damage":12,"enemies":"Chosen","floor":19,"turns":5},{"damage":9,"enemies":"Centurion and Healer","floor":21,"turns":6},{"damage":0,"enemies":"3 Cultists","floor":22,"turns":5},{"damage":14,"enemies":"Snecko","floor":28,"turns":5},{"damage":29,"enemies":"Cultist and Chosen","floor":30,"turns":7},{"damage":27,"enemies":"Champ","floor":33,"turns":7},{"damage":0,"enemies":"3 Shapes","floor":35,"turns":5},{"damage":0,"enemies":"Orb Walker","floor":39,"turns":4},{"damage":30,"enemies":"Giant Head","floor":41,"turns":10},{"damage":1,"enemies":"4 Shapes","floor":44,"turns":7},{"damage":1,"enemies":"Sphere and 2 Shapes","floor":45,"turns":3},{"damage":0,"enemies":"Maw","floor":48,"turns":2},{"damage":73,"enemies":"Time Eater","floor":50,"turns":9}],"relics_obtained":[{"floor":9,"key":"Peace Pipe"},{"floor":14,"key":"Torii"},{"floor":23,"key":"Symbiotic Virus"},{"floor":25,"key":"Bottled Lightning"},{"floor":26,"key":"Pear"},{"floor":27,"key":"Anchor"},{"floor":29,"key":"Bottled Tornado"},{"floor":40,"key":"Regal Pillow"},{"floor":41,"key":"Oddly Smooth Stone"},{"floor":42,"key":"Blood Vial"},{"floor":43,"key":"Whetstone"}],"event_choices":[{"event_name":"Living Wall","player_choice":"Change","floor":3,"damage_taken":0},{"event_name":"The Mausoleum","player_choice":"Yes","floor":20,"damage_taken":0},{"event_name":"SensoryStone","player_choice":"Memory 1","floor":36,"damage_taken":0},{"event_name":"Purifier","player_choice":"One Purge","floor":38,"damage_taken":0},{"event_name":"Tomb of Lord Red Mask","player_choice":"Paid","floor":47,"damage_taken":0}],"boss_relics":[{"not_picked":["Runic Dome","Runic Pyramid"],"picked":"Ectoplasm"},{"not_picked":["Lizard Tail","White Beast Statue"],"picked":"Velvet Choker"}],"items_purged_floors":[4,12],"potions_floor_spawned":[2,8,11,19,28,33,39,41,44],"seed_played":"-188483948270558014","killed_by":"Time Eater","ascension_level":0,"potions_obtained":[{"floor":2,"key":"Weak Potion"},{"floor":8,"key":"Block Potion"},{"floor":11,"key":"PowerPotion"},{"floor":28,"key":"SmokeBomb"},{"floor":33,"key":"Energy Potion"},{"floor":39,"key":"Strength Potion"},{"floor":41,"key":"AttackPotion"}],"is_trial":false}