{"gold_per_floor":[119,294,308,155,165,196,196,213,262,292,292,257,272,290,290,387,387,403,413,427,205,205,234,234,260,285,312,323,323,352,364,364,460,460,473,473,573,0,0,0,32,32,86,86,86,113,132,158,158,158,158,158,3,30,30],"floor_reached":55,"playtime":3581,"items_purged":["Doubt"],"score":1199,"play_id":"2dee83fc-cb23-4805-9b62-37991c73bc7f","local_time":"20190209145416","is_ascension_mode":true,"campfire_choices":[{"data":"Defragment","floor":7,"key":"SMITH"},{"data":"Zap","floor":11,"key":"SMITH"},{"data":"Chaos","floor":15,"key":"SMITH"},{"data":"Sunder","floor":24,"key":"SMITH"},{"data":"Rainbow","floor":32,"key":"SMITH"},{"floor":40,"key":"RECALL"},{"data":"Defragment","floor":42,"key":"SMITH"},{"data":"All For One","floor":44,"key":"SMITH"},{"data":"Meteor Strike","floor":49,"key":"SMITH"},{"data":"Glacier","floor":52,"key":"SMITH"}],"neow_cost":"NONE","seed_source_timestamp":2992117323388222,"circlet_count":0,"master_deck":["Defend_B","Defend_B","Defend_B","Defend_B","Zap+1","Dualcast","Glacier+1","Defragment+1","Loop","Darkness","BootSequence","Chaos+1","Meteor Strike+1","Hologram+1","Sunder+1","Glacier","All For One+1","Defragment+1","Coolheaded","Bite+1","Bite+1","Bite+1","Bite+1","Bite+1","Rainbow+1","Meteor Strike+1","Apotheosis"],"relics":["Cracked Core","Singing Bowl","Whetstone","Snecko Eye","Regal Pillow","Bag of Marbles","Dodecahedron","Molten Egg 2","Gremlin Horn","Coffee Dripper","FossilizedHelix","Red Mask","Omamori","Pen Nib","Centennial Puzzle","Dream Catcher","Lantern","Bottled Lightning"],"potions_floor_usage":[16,20,25,30,55,55,55],"damage_taken":[{"damage":6,"enemies":"Small Slimes","floor":1,"turns":4},{"damage":3,"enemies":"2 Louse","floor":3,"turns":2},{"damage":0,"enemies":"Jaw Worm","floor":5,"turns":4},{"damage":7,"enemies":"Lagavulin","floor":6,"turns":11},{"damage":3,"enemies":"Looter","floor":8,"turns":4},{"damage":43,"enemies":"Gremlin Nob","floor":10,"turns":6},{"damage":8,"enemies":"Blue Slaver","floor":13,"turns":3},{"damage":5,"enemies":"Lots of Slimes","floor":14,"turns":6},{"damage":28,"enemies":"Slime Boss","floor":16,"turns":10},{"damage":1,"enemies":"2 Thieves","floor":18,"turns":3},{"damage":0,"enemies":"Shell Parasite","floor":19,"turns":3},{"damage":0,"enemies":"Sentry and Sphere","floor":20,"turns":3},{"damage":9,"enemies":"Slavers","floor":23,"turns":5},{"damage":13,"enemies":"Book of Stabbing","floor":25,"turns":4},{"damage":8,"enemies":"Slavers","floor":27,"turns":4},{"damage":4,"enemies":"Snecko","floor":28,"turns":3},{"damage":4,"enemies":"Gremlin Leader","floor":30,"turns":6},{"damage":0,"enemies":"Cultist and Chosen","floor":31,"turns":3},{"damage":32,"enemies":"Champ","floor":33,"turns":10},{"damage":0,"enemies":"3 Shapes","floor":35,"turns":3},{"damage":0,"enemies":"Mind Bloom Boss Battle","floor":37,"turns":3},{"damage":0,"enemies":"Reptomancer","floor":41,"turns":6},{"damage":0,"enemies":"Nemesis","floor":46,"turns":1},{"damage":0,"enemies":"Orb Walker","floor":47,"turns":2},{"damage":0,"enemies":"Reptomancer","floor":48,"turns":4},{"damage":0,"enemies":"Awakened One","floor":50,"turns":10},{"damage":46,"enemies":"Shield and Spear","floor":54,"turns":6},{"damage":105,"enemies":"The Heart","floor":55,"turns":3}],"seed_played":"1928805848771683458","potions_obtained":[{"floor":3,"key":"Energy Potion"},{"floor":6,"key":"SkillPotion"},{"floor":13,"key":"Energy Potion"},{"floor":16,"key":"SneckoOil"},{"floor":23,"key":"Strength Potion"},{"floor":31,"key":"SpeedPotion"},{"floor":37,"key":"Explosive Potion"},{"floor":41,"key":"Fire Potion"}],"is_trial":false,"path_per_floor":["M","?","M","$","M","E","R","M","T","E","R","?","M","M","R","B",null,"M","M","M","$","?","E","R","E","T","E","M","?","E","M","R","B",null,"M","?","?","?","$","R","E","R","T","R","$","E","M","E","R","B",null,"R","$","E","B"],"character_chosen":"DEFECT","items_purchased":["Defragment","Regal Pillow","Glacier","Lantern"],"campfire_rested":0,"item_purchase_floors":[4,21,21,53],"current_hp_per_floor":[76,76,73,73,73,66,66,65,65,24,24,45,39,38,38,12,86,85,86,88,88,88,79,79,68,68,62,62,62,73,92,92,72,92,94,94,96,96,96,96,98,98,98,98,98,100,102,104,104,104,104,104,104,69,0],"gold":30,"neow_bonus":"TEN_PERCENT_HP_BONUS","is_prod":false,"is_daily":false,"chose_seed":false,"campfire_upgraded":9,"win_rate":0,"timestamp":1549720456,"path_taken":["M","?","M","$","M","E","R","M","T","E","R","?","M","M","R","BOSS","M","M","M","$","?","E","R","E","T","E","M","?","E","M","R","BOSS","M","?","?","?","$","R","E","R","T","R","?","E","M","E","R","BOSS","R","$","E","BOSS"],"build_version":"2019-01-23","purchased_purges":1,"victory":false,"max_hp_per_floor":[82,82,82,82,82,82,82,84,84,84,84,84,84,86,86,86,86,86,86,88,88,88,88,88,88,88,88,90,90,90,92,92,92,92,94,94,96,96,96,96,98,98,98,98,98,100,102,104,104,104,104,104,104,106,106],"card_choices":[{"not_picked":["Conserve Battery","Doom and Gloom"],"picked":"Glacier","floor":1},{"not_picked":["Compile Driver","Gash","Glacier"],"picked":"SKIP","floor":3},{"not_picked":["Chill","Hello World"],"picked":"Loop","floor":5},{"not_picked":["Rebound","Go for the Eyes"],"picked":"Darkness","floor":6},{"not_picked":["Genetic Algorithm","Go for the Eyes","Stack"],"picked":"Singing Bowl","floor":8},{"not_picked":["Gash","Core Surge"],"picked":"BootSequence","floor":10},{"not_picked":["Compile Driver","Static Discharge"],"picked":"Chaos","floor":13},{"not_picked":["Barrage","Scrape","Steam"],"picked":"Singing Bowl","floor":14},{"not_picked":["Buffer","Hyperbeam"],"picked":"Meteor Strike","floor":16},{"not_picked":["Gash","Lockon+1"],"picked":"Hologram+1","floor":18},{"not_picked":["Streamline","Hologram"],"picked":"Sunder","floor":19},{"not_picked":["Ball Lightning","Conserve Battery","Go for the Eyes+1"],"picked":"Singing Bowl","floor":20},{"not_picked":["Self Repair+1","Go for the Eyes+1"],"picked":"All For One","floor":23},{"not_picked":["Melter","Barrage"],"picked":"Defragment","floor":25},{"not_picked":["Turbo","BootSequence"],"picked":"Coolheaded","floor":27},{"not_picked":["Capacitor+1","Steam","Static Discharge+1"],"picked":"Singing Bowl","floor":28},{"not_picked":["Loop","Blizzard+1"],"picked":"Rainbow","floor":30},{"not_picked":["Stack","Consume","Steam"],"picked":"Singing Bowl","floor":31},{"not_picked":["Echo Form","Hyperbeam+1"],"picked":"Meteor Strike+1","floor":33},{"not_picked":["Rebound+1","Sweeping Beam+1","Blizzard+1"],"picked":"Singing Bowl","floor":35},{"not_picked":["Impatience","Panacea"],"picked":"Apotheosis","floor":36},{"not_picked":["Redo","Leap","Steam+1"],"picked":"Singing Bowl","floor":37},{"not_picked":["Chill+1","BootSequence+1","Coolheaded"],"picked":"Singing Bowl","floor":41},{"not_picked":["Scrape+1","Hello World+1","Beam Cell+1"],"picked":"Singing Bowl","floor":46},{"not_picked":["Gash+1","Go for the Eyes+1","Defragment"],"picked":"Singing Bowl","floor":47},{"not_picked":["Loop","Gash+1","Ball Lightning+1"],"picked":"Singing Bowl","floor":48},{"not_picked":["Blizzard+1","Steam Power","Barrage+1"],"picked":"Singing Bowl","floor":54}],"player_experience":290529,"relics_obtained":[{"floor":6,"key":"Singing Bowl"},{"floor":9,"key":"Blood Vial"},{"floor":10,"key":"Whetstone"},{"floor":23,"key":"Bag of Marbles"},{"floor":25,"key":"Dodecahedron"},{"floor":27,"key":"Molten Egg 2"},{"floor":30,"key":"Gremlin Horn"},{"floor":37,"key":"FossilizedHelix"},{"floor":41,"key":"Omamori"},{"floor":43,"key":"Pen Nib"},{"floor":46,"key":"Centennial Puzzle"},{"floor":48,"key":"Dream Catcher"},{"floor":54,"key":"Bottled Lightning"}],"event_choices":[{"damage_healed":0,"gold_gain":175,"player_choice":"AGREE","damage_taken":0,"max_hp_gain":0,"max_hp_loss":0,"event_name":"Liars Game","floor":2,"gold_loss":0,"cards_obtained":["Doubt"]},{"damage_healed":21,"gold_gain":0,"player_choice":"Healed","damage_taken":0,"max_hp_gain":0,"max_hp_loss":0,"event_name":"The Cleric","floor":12,"gold_loss":35},{"damage_healed":0,"gold_gain":0,"player_choice":"Ignored","damage_taken":0,"max_hp_gain":0,"max_hp_loss":0,"event_name":"Ghosts","floor":22,"gold_loss":0},{"damage_healed":0,"gold_gain":0,"player_choice":"Became a vampire (Vial)","damage_taken":0,"max_hp_gain":0,"max_hp_loss":0,"event_name":"Vampires","floor":29,"relics_lost":["Blood Vial"],"gold_loss":0,"cards_obtained":["Bite","Bite","Bite","Bite","Bite"]},{"damage_healed":0,"gold_gain":0,"player_choice":"Memory 1","damage_taken":0,"max_hp_gain":0,"max_hp_loss":0,"event_name":"SensoryStone","floor":36,"gold_loss":0},{"damage_healed":0,"gold_gain":0,"player_choice":"Fight","damage_taken":0,"max_hp_gain":0,"max_hp_loss":0,"event_name":"MindBloom","floor":37,"gold_loss":0},{"damage_healed":0,"gold_gain":0,"player_choice":"Paid","damage_taken":0,"relics_obtained":["Red Mask"],"max_hp_gain":0,"max_hp_loss":0,"event_name":"Tomb of Lord Red Mask","floor":38,"gold_loss":573}],"is_beta":false,"boss_relics":[{"not_picked":["Eternal Feather","Black Star"],"picked":"Snecko Eye"},{"not_picked":["White Beast Statue","Cursed Key"],"picked":"Coffee Dripper"}],"items_purged_floors":[4],"is_endless":false,"potions_floor_spawned":[3,6,13,16,18,19,23,31,37,41],"killed_by":"The Heart","ascension_level":4}