{"gold_per_floor":[115,115,131,81,81,81,94,127,207,207,132,132,32,44,44,141,141,125,65,65,18,38,38,38,38,38,38,51,151,151,165,165,261,261,273,273,273,16,61,61,76,76,76,76,93,18,18,0,0,0],"floor_reached":51,"playtime":3339,"items_purged":["Defend_G","Strike_G","Defend_G","Defend_G"],"score":696,"play_id":"daf4cb6a-78a3-4be1-9d40-89bee609998b","local_time":"20181019220946","is_ascension_mode":true,"campfire_choices":[{"data":"Neutralize","floor":6.0,"key":"SMITH"},{"data":"Survivor","floor":10.0,"key":"SMITH"},{"data":"Flying Knee","floor":12.0,"key":"SMITH"},{"floor":15.0,"key":"REST"},{"data":"Poisoned Stab","floor":23.0,"key":"SMITH"},{"data":"Backflip","floor":25.0,"key":"SMITH"},{"data":"Poisoned Stab","floor":27.0,"key":"SMITH"},{"data":"Flying Knee","floor":32.0,"key":"SMITH"},{"data":"Strike_G","floor":40,"key":"PURGE"},{"floor":49,"key":"REST"}],"neow_cost":"NONE","seed_source_timestamp":0,"circlet_count":0,"master_deck":["Strike_G","Survivor+1","Neutralize+1","Cloak And Dagger","Flying Knee+1","Quick Slash","Poisoned Stab+1","Backflip+1","Grand Finale","Prepared+1","Poisoned Stab+1","Flying Knee+1","After Image","Quick Slash+1","Madness","Madness"],"special_seed":0,"relics":["Ring of the Snake","Oddly Smooth Stone","Juzu Bracelet","Letter Opener","Velvet Choker","Paper Crane","Ornamental Fan","Runic Pyramid","Incense Burner","Membership Card","Peace Pipe","Darkstone Periapt","Red Mask"],"potions_floor_usage":[50,50],"damage_taken":[{"damage":8.0,"enemies":"Small Slimes","floor":1.0,"turns":4.0},{"damage":7.0,"enemies":"2 Louse","floor":3.0,"turns":3.0},{"damage":0.0,"enemies":"Jaw Worm","floor":7.0,"turns":4.0},{"damage":12.0,"enemies":"3 Sentries","floor":8.0,"turns":11.0},{"damage":0.0,"enemies":"Blue Slaver","floor":14.0,"turns":4.0},{"damage":55.0,"enemies":"Slime Boss","floor":16.0,"turns":19.0},{"damage":7.0,"enemies":"2 Thieves","floor":18.0,"turns":4.0},{"damage":3.0,"enemies":"Shell Parasite","floor":22.0,"turns":4.0},{"damage":0.0,"enemies":"Sentry and Sphere","floor":28.0,"turns":3.0},{"damage":9.0,"enemies":"Cultist and Chosen","floor":31.0,"turns":7.0},{"damage":36.0,"enemies":"Champ","floor":33.0,"turns":13.0},{"damage":0.0,"enemies":"Orb Walker","floor":35.0,"turns":3.0},{"damage":9.0,"enemies":"Mind Bloom Boss Battle","floor":36.0,"turns":8.0},{"damage":28.0,"enemies":"2 Orb Walkers","floor":39.0,"turns":5.0},{"damage":20,"enemies":"3 Darklings","floor":41,"turns":7},{"damage":0,"enemies":"Transient","floor":45,"turns":5},{"damage":21,"enemies":"Time Eater","floor":50,"turns":11}],"seed_played":"9128311967669253812","potions_obtained":[{"floor":3.0,"key":"FearPotion"},{"floor":14.0,"key":"PowerPotion"},{"floor":18.0,"key":"Fruit Juice"},{"floor":28.0,"key":"SpeedPotion"},{"floor":33.0,"key":"Ancient Potion"},{"floor":39,"key":"Dexterity Potion"}],"is_trial":false,"path_per_floor":["M","?","M","?","?","R","M","E","T","R","$","R","$","M","R","B",null,"M","?","?","$","M","R","?","R","T","R","M","?","T","M","R","B",null,"M","?","?","$","?","R","M","?","T","?","M","$","$","?","R","B"],"character_chosen":"THE_SILENT","items_purchased":["Poisoned Stab","Membership Card"],"campfire_rested":2,"item_purchase_floors":[21,38],"current_hp_per_floor":[62,62,55,55,55,55,55,43,43,43,43,43,43,43,64,9,70,68,68,68,68,65,65,65,65,65,65,65,65,65,56,56,20,75,75,66,57,57,66,66,46,46,46,46,46,46,46,46,65,44],"gold":0,"neow_bonus":"RANDOM_COMMON_RELIC","is_prod":false,"is_daily":false,"chose_seed":false,"campfire_upgraded":7,"win_rate":0,"timestamp":1540001386,"path_taken":["M","?","M","?","?","R","M","E","T","R","?","R","$","M","R","BOSS","M","?","?","$","M","R","?","R","T","R","M","?","?","M","R","BOSS","M","?","?","$","?","R","M","?","T","?","M","?","$","?","R","BOSS"],"build_version":"2018-10-18","purchased_purges":4,"victory":true,"max_hp_per_floor":[70,70,70,70,70,70,70,70,70,70,70,70,70,70,70,70,70,75,75,75,75,75,75,75,75,75,75,75,75,75,75,75,75,75,75,75,75,75,66,66,66,66,66,66,66,66,66,66,66,66],"card_choices":[{"not_picked":["Sucker Punch","Prepared"],"picked":"Cloak And Dagger","floor":1.0},{"not_picked":["Slice","Deflect"],"picked":"Flying Knee","floor":3.0},{"not_picked":["Sucker Punch","Riddle With Holes"],"picked":"Quick Slash","floor":7.0},{"not_picked":["Flechettes","Slice"],"picked":"Poisoned Stab","floor":8.0},{"not_picked":["Well Laid Plans","Dagger Throw"],"picked":"Backflip","floor":14.0},{"not_picked":["Wraith Form v2","Die Die Die"],"picked":"Grand Finale","floor":16.0},{"not_picked":["Riddle With Holes","Dash"],"picked":"Prepared+1","floor":18.0},{"not_picked":["PiercingWail","Sucker Punch","Bane+1"],"picked":"SKIP","floor":22.0},{"not_picked":["Underhanded Strike+1","Dagger Throw+1"],"picked":"Flying Knee","floor":28.0},{"not_picked":["Choke","Dagger Throw","Underhanded Strike"],"picked":"SKIP","floor":31.0},{"not_picked":["Night Terror","Glass Knife"],"picked":"After Image","floor":33.0},{"not_picked":["PiercingWail+1","Bane+1"],"picked":"Quick Slash+1","floor":35.0},{"not_picked":["Poisoned Stab+1","Dodge and Roll+1","Setup+1"],"picked":"SKIP","floor":41},{"not_picked":["Bane+1","Sucker Punch+1","Dodge and Roll+1"],"picked":"SKIP","floor":45}],"player_experience":326421,"relics_obtained":[{"floor":8.0,"key":"Juzu Bracelet"},{"floor":9.0,"key":"Letter Opener"},{"floor":26.0,"key":"Paper Crane"},{"floor":30.0,"key":"Ornamental Fan"},{"floor":36.0,"key":"Incense Burner"},{"floor":39,"key":"Peace Pipe"},{"floor":43,"key":"Darkstone Periapt"}],"event_choices":[{"damage_healed":0.0,"max_hp_gain":0.0,"max_hp_loss":0.0,"gold_gain":0.0,"event_name":"Liars Game","player_choice":"Ignored","floor":2.0,"gold_loss":0.0,"damage_taken":0.0},{"cards_removed":["Strike_G"],"damage_healed":0.0,"max_hp_gain":0.0,"max_hp_loss":0.0,"gold_gain":0.0,"event_name":"The Cleric","player_choice":"Card Removal","floor":4.0,"gold_loss":50.0,"damage_taken":0.0},{"cards_removed":["Strike_G"],"damage_healed":0.0,"max_hp_gain":0.0,"max_hp_loss":0.0,"gold_gain":0.0,"event_name":"Living Wall","player_choice":"Forget","floor":5.0,"gold_loss":0.0,"damage_taken":0.0},{"cards_removed":["Defend_G"],"damage_healed":0.0,"max_hp_gain":0.0,"max_hp_loss":0.0,"gold_gain":0.0,"event_name":"Designer","player_choice":"Single Remove","floor":19.0,"gold_loss":60.0,"damage_taken":0.0},{"damage_healed":0.0,"max_hp_gain":0.0,"max_hp_loss":0.0,"gold_gain":0.0,"event_name":"Vampires","player_choice":"Ignored","floor":20.0,"gold_loss":0.0,"damage_taken":0.0},{"cards_removed":["Defend_G"],"damage_healed":0.0,"max_hp_gain":0.0,"max_hp_loss":0.0,"gold_gain":0.0,"event_name":"Back to Basics","player_choice":"Elegance","floor":24.0,"gold_loss":0.0,"damage_taken":0.0},{"damage_healed":0.0,"max_hp_gain":0.0,"max_hp_loss":0.0,"gold_gain":100.0,"event_name":"Golden Shrine","player_choice":"Pray","floor":29.0,"gold_loss":0.0,"damage_taken":0.0},{"damage_healed":0.0,"max_hp_gain":0.0,"max_hp_loss":0.0,"gold_gain":0.0,"event_name":"MindBloom","player_choice":"Fight","floor":36.0,"gold_loss":0.0,"damage_taken":0.0},{"damage_healed":0.0,"max_hp_gain":0.0,"max_hp_loss":0.0,"gold_gain":0.0,"event_name":"Winding Halls","player_choice":"Embrace Madness","floor":37.0,"gold_loss":0.0,"damage_taken":9.0,"cards_obtained":["Madness","Madness"]},{"damage_healed":0.0,"max_hp_gain":0.0,"max_hp_loss":0.0,"gold_gain":0.0,"event_name":"Mysterious Sphere","player_choice":"Fight","floor":39.0,"gold_loss":0.0,"damage_taken":0.0},{"damage_healed":66,"gold_gain":0,"player_choice":"Heal","damage_taken":0,"max_hp_gain":0,"max_hp_loss":9,"event_name":"The Moai Head","floor":39,"gold_loss":0},{"damage_healed":0,"gold_gain":0,"player_choice":"Ignored","damage_taken":0,"max_hp_gain":0,"max_hp_loss":0,"event_name":"SecretPortal","floor":42,"gold_loss":0},{"damage_healed":0,"gold_gain":0,"player_choice":"Bought 0 Potions","damage_taken":0,"max_hp_gain":0,"max_hp_loss":0,"event_name":"The Woman in Blue","floor":44,"gold_loss":0},{"damage_healed":0,"gold_gain":0,"player_choice":"Paid","damage_taken":0,"relics_obtained":["Red Mask"],"max_hp_gain":0,"max_hp_loss":0,"event_name":"Tomb of Lord Red Mask","floor":48,"gold_loss":18}],"is_beta":false,"boss_relics":[{"not_picked":["Runic Dome","Snecko Eye"],"picked":"Velvet Choker"},{"not_picked":["Tiny House","Philosopher\u0027s Stone"],"picked":"Runic Pyramid"}],"items_purged_floors":[11,13,38,46],"is_endless":false,"potions_floor_spawned":[3,14,18,28,33,39,45],"ascension_level":2}