{"gold_per_floor":[99,99,99,99,99,99,99,99,99,99,99,99,99,99,99,99],"floor_reached":16,"playtime":523,"items_purged":[],"score":204,"play_id":"b9eb084b-5dd3-47e1-96db-d6ed39b152a4","local_time":"20181103215927","is_ascension_mode":true,"campfire_choices":[{"data":"Neutralize","floor":8.0,"key":"SMITH"},{"floor":10.0,"key":"REST"},{"data":"Malaise","floor":13.0,"key":"SMITH"},{"data":"Caltrops","floor":15.0,"key":"SMITH"}],"neow_cost":"NONE","seed_source_timestamp":184956019645400,"circlet_count":0,"master_deck":["AscendersBane","Defend_G","Defend_G","Defend_G","Defend_G","Defend_G","Strike_G+1","Strike_G","Strike_G","Strike_G","Strike_G","Survivor","Neutralize+1","Dagger Spray+1","Backflip","Backstab","Blur","Decay","Crippling Poison","Malaise+1","Caltrops+1"],"special_seed":0,"relics":["Ectoplasm","FaceOfCleric","Du-Vu Doll","Unceasing Top"],"potions_floor_usage":[16],"damage_taken":[{"damage":0.0,"enemies":"2 Louse","floor":1.0,"turns":3.0},{"damage":1.0,"enemies":"Small Slimes","floor":4.0,"turns":3.0},{"damage":0.0,"enemies":"Cultist","floor":5.0,"turns":3.0},{"damage":29.0,"enemies":"Lagavulin","floor":6.0,"turns":7.0},{"damage":4.0,"enemies":"Large Slime","floor":11.0,"turns":6.0},{"damage":0.0,"enemies":"Red Slaver","floor":12.0,"turns":1.0},{"damage":0.0,"enemies":"2 Fungi Beasts","floor":14.0,"turns":1.0},{"damage":31,"enemies":"Hexaghost","floor":16,"turns":12}],"seed_played":"917622817087475767","potions_obtained":[{"floor":6.0,"key":"SkillPotion"},{"floor":14.0,"key":"Poison Potion"}],"is_trial":false,"path_per_floor":["M","?","?","M","M","E","?","R","T","R","M","M","R","M","R","B"],"character_chosen":"THE_SILENT","items_purchased":[],"campfire_rested":1,"item_purchase_floors":[],"current_hp_per_floor":[59,39,39,39,40,12,12,12,12,32,29,30,30,31,31,0],"gold":99,"neow_bonus":"BOSS_RELIC","is_prod":false,"is_daily":false,"chose_seed":false,"campfire_upgraded":3,"win_rate":0,"timestamp":1541296767,"path_taken":["M","?","?","?","M","E","?","R","T","R","M","M","R","M","R","BOSS"],"build_version":"2018-11-01","purchased_purges":0,"victory":false,"max_hp_per_floor":[66,66,66,67,68,69,69,69,69,69,70,71,71,72,72,72],"card_choices":[{"not_picked":["Underhanded Strike","Sucker Punch"],"picked":"Dagger Spray","floor":1.0},{"not_picked":["Prepared","Outmaneuver"],"picked":"Backflip","floor":4.0},{"not_picked":["Masterful Stab","Backflip"],"picked":"Backstab","floor":5.0},{"not_picked":["Dagger Throw","Dodge and Roll"],"picked":"Blur","floor":6.0},{"not_picked":["Leg Sweep","Escape Plan"],"picked":"Crippling Poison","floor":11.0},{"not_picked":["Slice","PiercingWail"],"picked":"Malaise","floor":12.0},{"not_picked":["Bane","Blur"],"picked":"Caltrops","floor":14.0}],"player_experience":1615005,"relics_obtained":[{"floor":6.0,"key":"Du-Vu Doll"},{"floor":9.0,"key":"Unceasing Top"}],"event_choices":[{"damage_healed":0.0,"max_hp_gain":0.0,"max_hp_loss":0.0,"gold_gain":0.0,"event_name":"Shining Light","player_choice":"Entered Light","floor":2.0,"gold_loss":0.0,"damage_taken":20.0,"cards_upgraded":["Dagger Spray","Strike_G"]},{"damage_healed":0.0,"max_hp_gain":0.0,"max_hp_loss":0.0,"gold_gain":0.0,"event_name":"FaceTrader","player_choice":"Trade","floor":3.0,"gold_loss":0.0,"damage_taken":0.0,"relics_obtained":["FaceOfCleric"]},{"damage_healed":0.0,"max_hp_gain":0.0,"max_hp_loss":0.0,"gold_gain":0.0,"event_name":"Wheel of Change","player_choice":"Cursed","floor":7.0,"gold_loss":0.0,"damage_taken":0.0,"cards_obtained":["Decay"]}],"is_beta":true,"boss_relics":[],"items_purged_floors":[],"is_endless":false,"potions_floor_spawned":[6,14],"killed_by":"Hexaghost","ascension_level":20}