{"gold_per_floor":[112,124,139,139,89,89,124,124,147,161,192,233,261,292,304,421,433,465,490,601,613,679,721,733,824,884,923,949,961,898,942,954,1066,1078,1102,1161,104,116,128,128,197,208,261,261,271,284,295,295,295,295],"floor_reached":51,"playtime":2636,"items_purged":["Melter"],"score":842,"play_id":"d1cfe8cd-6daa-4943-8249-56d0a54bc1b1","local_time":"20181018202823","is_ascension_mode":false,"campfire_choices":[{"data":"Zap","floor":6,"key":"SMITH"},{"data":"Auto Shields","floor":8,"key":"SMITH"},{"floor":15,"key":"REST"},{"floor":24,"key":"REST"},{"floor":29,"key":"REST"},{"data":"Loop","floor":32,"key":"SMITH"},{"data":"Buffer","floor":40,"key":"SMITH"},{"floor":44,"key":"REST"},{"data":"Rainbow","floor":49,"key":"SMITH"}],"neow_cost":"NONE","seed_source_timestamp":31248014213049,"circlet_count":0,"master_deck":["Strike_B+1","Defend_B","Defend_B","Defend_B","Zap+1","Dualcast+1","Auto Shields+1","Coolheaded","Coolheaded","BootSequence","Capacitor","Electrodynamics","Go for the Eyes","Rainbow+1","Go for the Eyes+1","Ball Lightning+1","Loop+1","Glacier+1","Ball Lightning","Buffer+1","Beam Cell+1","Static Discharge","Static Discharge+1","FTL","Conserve Battery+1","FTL+1","Loop+1","All For One","Madness","Madness"],"relics":["Cracked Core","NeowsBlessing","PreservedInsect","Bag of Preparation","MawBank","Odd Mushroom","Velvet Choker","Kunai","Anchor","Dream Catcher","Tiny Chest","Centennial Puzzle","The Courier","Omamori","Empty Cage","Thread and Needle","Pantograph","Vajra","Letter Opener","Bottled Lightning","Matryoshka","Potion Belt","Ornamental Fan","Bag of Marbles","Regal Pillow"],"potions_floor_usage":[36,50,50,50,50,50],"damage_taken":[{"damage":0,"enemies":"Cultist","floor":1,"turns":1},{"damage":0,"enemies":"Jaw Worm","floor":2,"turns":1},{"damage":0,"enemies":"Small Slimes","floor":3,"turns":1},{"damage":7,"enemies":"3 Sentries","floor":7,"turns":8},{"damage":0,"enemies":"Blue Slaver","floor":10,"turns":3},{"damage":0,"enemies":"Gremlin Nob","floor":11,"turns":3},{"damage":18,"enemies":"The Mushroom Lair","floor":12,"turns":5},{"damage":4,"enemies":"2 Fungi Beasts","floor":13,"turns":4},{"damage":0,"enemies":"Red Slaver","floor":14,"turns":3},{"damage":1,"enemies":"Slime Boss","floor":16,"turns":7},{"damage":7,"enemies":"2 Thieves","floor":18,"turns":4},{"damage":16,"enemies":"3 Byrds","floor":19,"turns":4},{"damage":15,"enemies":"Gremlin Leader","floor":23,"turns":6},{"damage":11,"enemies":"Book of Stabbing","floor":27,"turns":4},{"damage":0,"enemies":"Cultist and Chosen","floor":28,"turns":6},{"damage":10,"enemies":"Slavers","floor":31,"turns":3},{"damage":28,"enemies":"Automaton","floor":33,"turns":11},{"damage":0,"enemies":"Orb Walker","floor":35,"turns":3},{"damage":26,"enemies":"2 Orb Walkers","floor":36,"turns":5},{"damage":0,"enemies":"3 Shapes","floor":38,"turns":4},{"damage":1,"enemies":"Writhing Mass","floor":39,"turns":8},{"damage":3,"enemies":"Spire Growth","floor":42,"turns":6},{"damage":4,"enemies":"Jaw Worm Horde","floor":45,"turns":5},{"damage":1,"enemies":"4 Shapes","floor":46,"turns":3},{"damage":0,"enemies":"3 Darklings","floor":47,"turns":5},{"damage":58,"enemies":"Awakened One","floor":50,"turns":13}],"seed_played":"-8070475745831063039","potions_obtained":[{"floor":1,"key":"SteroidPotion"},{"floor":2,"key":"Fire Potion"},{"floor":11,"key":"LiquidBronze"},{"floor":28,"key":"PowerPotion"},{"floor":33,"key":"Fire Potion"},{"floor":39,"key":"SkillPotion"},{"floor":45,"key":"AttackPotion"},{"floor":46,"key":"FearPotion"}],"is_trial":false,"path_per_floor":["M","M","M","?","?","R","E","R","T","M","E","?","M","M","R","B",null,"M","M","?","?","T","E","R","T","T","E","M","R","?","E","R","B",null,"M","?","$","M","M","R","T","M","T","R","M","M","M","?","R","B"],"character_chosen":"DEFECT","items_purchased":["Static Discharge","Pantograph","Vajra","Letter Opener","Bottled Lightning","Matryoshka"],"campfire_rested":4,"item_purchase_floors":[37,37,37,37,37,37],"current_hp_per_floor":[75,75,75,60,60,60,53,53,53,53,53,35,31,31,53,52,75,68,52,52,52,52,37,59,59,59,48,48,70,70,60,60,32,75,75,49,49,49,48,48,48,45,45,75,71,70,70,61,61,17],"gold":295,"neow_bonus":"THREE_ENEMY_KILL","is_prod":false,"is_daily":false,"chose_seed":false,"campfire_upgraded":5,"win_rate":0,"timestamp":1539862103,"path_taken":["M","?","M","?","?","R","E","R","T","M","E","?","?","M","R","BOSS","M","M","?","?","?","E","R","?","T","E","M","R","?","E","R","BOSS","M","?","$","?","?","R","?","?","T","R","M","M","M","?","R","BOSS"],"build_version":"2018-10-17v3","purchased_purges":1,"victory":true,"max_hp_per_floor":[75,75,75,75,75,75,75,75,75,75,75,75,75,75,75,75,75,75,75,75,75,75,75,75,75,75,75,75,75,75,75,75,75,75,75,75,75,75,75,75,75,75,75,75,75,75,75,75,75,75],"card_choices":[{"not_picked":["Gash","Melter"],"picked":"Auto Shields","floor":1},{"not_picked":["Compile Driver","Steam"],"picked":"Coolheaded","floor":2},{"not_picked":["Scrape","Cold Snap"],"picked":"Coolheaded","floor":3},{"not_picked":["Consume","Sweeping Beam","Skim"],"picked":"SKIP","floor":7},{"not_picked":["Turbo","Rebound"],"picked":"BootSequence","floor":10},{"not_picked":["Chill","Turbo"],"picked":"Capacitor","floor":11},{"not_picked":["Recycle","Hello World"],"picked":"Electrodynamics","floor":13},{"not_picked":["Scrape","Steam"],"picked":"Go for the Eyes","floor":14},{"not_picked":["Meteor Strike","Electrodynamics"],"picked":"Rainbow","floor":16},{"not_picked":["Static Discharge","Genetic Algorithm"],"picked":"Go for the Eyes+1","floor":18},{"not_picked":["Sweeping Beam","Steam"],"picked":"Ball Lightning+1","floor":19},{"not_picked":["Melter+1","Fusion"],"picked":"Loop","floor":23},{"not_picked":["Auto Shields","Scrape"],"picked":"Melter","floor":24},{"not_picked":["Double Energy","Storm"],"picked":"Glacier+1","floor":27},{"not_picked":["Beam Cell","Rebound"],"picked":"Ball Lightning","floor":28},{"not_picked":["Force Field+1","Undo+1","Reinforced Body+1"],"picked":"SKIP","floor":31},{"not_picked":["Amplify","Seek"],"picked":"Buffer","floor":33},{"not_picked":["Redo","Sweeping Beam+1","Melter+1"],"picked":"SKIP","floor":35},{"not_picked":["Turbo","Darkness"],"picked":"Beam Cell+1","floor":36},{"not_picked":["White Noise+1","Hello World+1"],"picked":"Static Discharge+1","floor":38},{"not_picked":["Streamline","Rebound+1","Storm+1"],"picked":"SKIP","floor":39},{"not_picked":["Rainbow","Undo+1"],"picked":"FTL","floor":42},{"not_picked":["Aggregate","Coolheaded+1"],"picked":"Conserve Battery+1","floor":44},{"not_picked":["Leap+1","Steam Power+1"],"picked":"FTL+1","floor":45},{"not_picked":["Heatsinks+1","Steam+1"],"picked":"Loop+1","floor":46},{"not_picked":["Turbo+1","Redo+1"],"picked":"All For One","floor":47}],"player_experience":518797,"relics_obtained":[{"floor":7,"key":"PreservedInsect"},{"floor":9,"key":"Bag of Preparation"},{"floor":11,"key":"MawBank"},{"floor":12,"key":"Odd Mushroom"},{"floor":22,"key":"Anchor"},{"floor":23,"key":"Dream Catcher"},{"floor":25,"key":"Tiny Chest"},{"floor":26,"key":"Centennial Puzzle"},{"floor":27,"key":"The Courier"},{"floor":31,"key":"Omamori"},{"floor":36,"key":"Thread and Needle"},{"floor":41,"key":"Potion Belt"},{"floor":41,"key":"Ornamental Fan"},{"floor":43,"key":"Bag of Marbles"},{"floor":43,"key":"Regal Pillow"}],"event_choices":[{"damage_healed":0,"gold_gain":0,"player_choice":"Entered Light","damage_taken":15,"max_hp_gain":0,"max_hp_loss":0,"event_name":"Shining Light","floor":4,"gold_loss":0,"cards_upgraded":["Dualcast","Strike_B"]},{"cards_removed":["Strike_B"],"damage_healed":0,"gold_gain":0,"player_choice":"Card Removal","damage_taken":0,"max_hp_gain":0,"max_hp_loss":0,"event_name":"The Cleric","floor":5,"gold_loss":50},{"damage_healed":0,"gold_gain":0,"player_choice":"Fought Mushrooms","damage_taken":0,"max_hp_gain":0,"max_hp_loss":0,"event_name":"Mushrooms","floor":12,"gold_loss":0},{"damage_healed":0,"gold_gain":99,"player_choice":"Stole From Cult","damage_taken":0,"max_hp_gain":0,"max_hp_loss":0,"event_name":"Nest","floor":20,"gold_loss":0},{"damage_healed":0,"gold_gain":0,"player_choice":"Opened","damage_taken":0,"relics_obtained":["Kunai"],"max_hp_gain":0,"max_hp_loss":0,"event_name":"The Mausoleum","floor":21,"gold_loss":0},{"cards_removed":["Strike_B"],"damage_healed":0,"gold_gain":0,"player_choice":"Gave Gold","damage_taken":0,"max_hp_gain":0,"max_hp_loss":0,"event_name":"Beggar","floor":30,"gold_loss":75},{"damage_healed":0,"gold_gain":0,"player_choice":"Fight","damage_taken":0,"max_hp_gain":0,"max_hp_loss":0,"event_name":"Mysterious Sphere","floor":36,"gold_loss":0},{"damage_healed":0,"gold_gain":0,"player_choice":"Embrace Madness","damage_taken":9,"max_hp_gain":0,"max_hp_loss":0,"event_name":"Winding Halls","floor":48,"gold_loss":0,"cards_obtained":["Madness","Madness"]}],"is_beta":true,"boss_relics":[{"not_picked":["Eternal Feather","Tiny House"],"picked":"Velvet Choker"},{"not_picked":["Snecko Eye","Runic Pyramid"],"picked":"Empty Cage"}],"items_purged_floors":[37],"is_endless":false,"potions_floor_spawned":[1,2,11,12,13,27,28,31,33,39,45,46,47],"ascension_level":0}