{"gold_per_floor":[12,23,23,42,61,87,87,117,117,117,146,96,110,140,140,242,242,254,267,287,287,305,305,2,33,33,48,48,48],"floor_reached":29,"playtime":2501,"items_purged":[],"score":305,"play_id":"253d2516-c311-4890-b7e4-1ecdcbebfbcd","local_time":"20190121221729","is_ascension_mode":true,"campfire_choices":[{"data":"Buffer","floor":7.0,"key":"SMITH"},{"data":"Loop","floor":10.0,"key":"SMITH"},{"data":"Zap","floor":15.0,"key":"SMITH"},{"floor":23.0,"key":"REST"}],"neow_cost":"NO_GOLD","seed_source_timestamp":336409567621421,"circlet_count":0,"master_deck":["Strike_B","Strike_B","Strike_B","Defend_B","Defend_B","Defend_B","Defend_B","Zap+1","Dualcast","Rainbow","Glacier","Darkness","Buffer+1","Cold Snap","Compile Driver","Loop+1","Echo Form","Coolheaded","Seek","Coolheaded+1","Skim+1","Darkness+1","Conserve Battery","Go for the Eyes+1","Leap+1"],"special_seed":0,"relics":["Cracked Core","Darkstone Periapt","Omamori","Gremlin Horn","Emotion Chip","Tiny Chest","Sozu","Bird Faced Urn","Turnip","Symbiotic Virus"],"potions_floor_usage":[29],"damage_taken":[{"damage":0.0,"enemies":"Cultist","floor":1.0,"turns":4.0},{"damage":4.0,"enemies":"Jaw Worm","floor":2.0,"turns":4.0},{"damage":0.0,"enemies":"2 Louse","floor":4.0,"turns":3.0},{"damage":6.0,"enemies":"Exordium Thugs","floor":5.0,"turns":6.0},{"damage":14.0,"enemies":"Gremlin Nob","floor":6.0,"turns":5.0},{"damage":0.0,"enemies":"3 Sentries","floor":8.0,"turns":8.0},{"damage":5.0,"enemies":"Gremlin Nob","floor":11.0,"turns":4.0},{"damage":0.0,"enemies":"Large Slime","floor":13.0,"turns":6.0},{"damage":25.0,"enemies":"Hexaghost","floor":16.0,"turns":12.0},{"damage":18.0,"enemies":"2 Thieves","floor":18.0,"turns":4.0},{"damage":0.0,"enemies":"Chosen","floor":19.0,"turns":5.0},{"damage":12.0,"enemies":"Sentry and Sphere","floor":20.0,"turns":6.0},{"damage":9.0,"enemies":"Snake Plant","floor":22.0,"turns":4.0},{"damage":24,"enemies":"Gremlin Leader","floor":25,"turns":6},{"damage":1,"enemies":"Chosen and Byrds","floor":27,"turns":5},{"damage":42,"enemies":"Slavers","floor":29,"turns":2}],"seed_played":"-1534995546736311321","potions_obtained":[{"floor":2.0,"key":"Dexterity Potion"},{"floor":3.0,"key":"PowerPotion"},{"floor":3.0,"key":"Strength Potion"},{"floor":6.0,"key":"AttackPotion"},{"floor":16.0,"key":"Strength Potion"}],"is_trial":false,"path_per_floor":["M","M","?","M","M","E","R","E","T","R","E","?","M","?","R","B",null,"M","M","M","?","M","R","$","E","T","M","?","E"],"character_chosen":"DEFECT","items_purchased":["Bird Faced Urn"],"campfire_rested":1,"item_purchase_floors":[24],"current_hp_per_floor":[75,71,71,71,65,51,51,51,51,51,46,46,46,46,46,21,75,57,57,45,31,22,46,46,30,30,37,37,0],"gold":48,"neow_bonus":"THREE_RARE_CARDS","is_prod":false,"is_daily":false,"chose_seed":false,"campfire_upgraded":3,"win_rate":0,"timestamp":1548137849,"path_taken":["M","M","?","?","M","E","R","E","T","R","E","?","M","?","R","BOSS","M","M","M","?","M","R","$","E","T","M","?","E"],"build_version":"2019-01-17v2","purchased_purges":0,"victory":false,"max_hp_per_floor":[75,75,75,75,75,75,75,75,75,75,75,75,75,75,75,75,75,75,75,75,80,80,80,80,80,80,80,80,80],"card_choices":[{"not_picked":["All For One","Multi-Cast"],"picked":"Rainbow","floor":0.0},{"not_picked":["Turbo","Streamline"],"picked":"Glacier","floor":1.0},{"not_picked":["Coolheaded","Stack"],"picked":"Darkness","floor":2.0},{"not_picked":["Go for the Eyes","Sweeping Beam"],"picked":"Buffer","floor":4.0},{"not_picked":["Stack","Conserve Battery"],"picked":"Cold Snap","floor":5.0},{"not_picked":["Reinforced Body","Barrage"],"picked":"Compile Driver","floor":6.0},{"not_picked":["Redo","Steam"],"picked":"Loop","floor":8.0},{"not_picked":["Go for the Eyes","Chill"],"picked":"Echo Form","floor":11.0},{"not_picked":["Rebound","Gash"],"picked":"Coolheaded","floor":13.0},{"not_picked":["Amplify","Fission"],"picked":"Seek","floor":16.0},{"not_picked":["Cold Snap","Chill"],"picked":"Coolheaded+1","floor":18.0},{"not_picked":["Fusion","Barrage"],"picked":"Skim+1","floor":19.0},{"not_picked":["Cold Snap","Gash"],"picked":"Darkness+1","floor":20.0},{"not_picked":["Turbo","Compile Driver"],"picked":"Conserve Battery","floor":22.0},{"not_picked":["Self Repair","Fission"],"picked":"Go for the Eyes+1","floor":25},{"not_picked":["Streamline","Barrage"],"picked":"Leap+1","floor":27}],"player_experience":312275,"relics_obtained":[{"floor":6.0,"key":"Darkstone Periapt"},{"floor":8.0,"key":"Omamori"},{"floor":9.0,"key":"Gremlin Horn"},{"floor":11.0,"key":"Emotion Chip"},{"floor":25,"key":"Turnip"},{"floor":26,"key":"Symbiotic Virus"}],"event_choices":[{"damage_healed":0.0,"max_hp_gain":0.0,"max_hp_loss":0.0,"gold_gain":0.0,"event_name":"Lab","player_choice":"Got Potions","floor":3.0,"gold_loss":0.0,"damage_taken":0.0},{"cards_removed":["Strike_B"],"damage_healed":0.0,"max_hp_gain":0.0,"max_hp_loss":0.0,"gold_gain":0.0,"event_name":"The Cleric","player_choice":"Card Removal","floor":12.0,"gold_loss":50.0,"damage_taken":0.0},{"damage_healed":0.0,"max_hp_gain":0.0,"max_hp_loss":0.0,"gold_gain":0.0,"event_name":"Dead Adventurer","player_choice":"Searched \u00271\u0027 times","floor":14.0,"gold_loss":0.0,"damage_taken":0.0,"relics_obtained":["Tiny Chest"]},{"damage_healed":0.0,"max_hp_gain":5.0,"max_hp_loss":0.0,"gold_gain":0.0,"event_name":"Forgotten Altar","player_choice":"Shed Blood","floor":21.0,"gold_loss":0.0,"damage_taken":19.0},{"damage_healed":0,"gold_gain":0,"player_choice":"Ignored","damage_taken":0,"max_hp_gain":0,"max_hp_loss":0,"event_name":"Beggar","floor":28,"gold_loss":0}],"is_beta":false,"boss_relics":[{"not_picked":["White Beast Statue","Snecko Eye"],"picked":"Sozu"}],"items_purged_floors":[],"is_endless":false,"potions_floor_spawned":[2,5,6,16,18,19],"killed_by":"Slavers","ascension_level":1}