{"gold_per_floor":[162,162,162,4,20,41,41,65,65,65,89,89,109,149,149,240,240,254,273,273],"floor_reached":20,"playtime":1009,"items_purged":[],"score":352,"play_id":"28435123-d473-40f9-9ea8-b65171ac2a69","local_time":"20181108050124","is_ascension_mode":true,"campfire_choices":[{"data":"Neutralize","floor":7,"key":"SMITH"},{"floor":12,"key":"REST"},{"floor":15,"key":"REST"}],"neow_cost":"NONE","seed_source_timestamp":170802693861200,"circlet_count":0,"master_deck":["AscendersBane","Defend_G","Defend_G","Defend_G","Defend_G+1","Defend_G","Strike_G","Strike_G","Strike_G","Strike_G+1","Survivor","Neutralize+1","Sucker Punch","Crippling Poison","Poisoned Stab","PiercingWail","Deflect+1","Deadly Poison","Dagger Spray","Blur","Malaise","Backflip","PiercingWail"],"relics":["Tiny House","Golden Idol","Vajra","Ornamental Fan","Frozen Egg 2","Velvet Choker"],"potions_floor_usage":[13,16,16,20],"damage_taken":[{"damage":5,"enemies":"2 Louse","floor":1,"turns":2},{"damage":2,"enemies":"Small Slimes","floor":5,"turns":5},{"damage":1,"enemies":"Jaw Worm","floor":6,"turns":3},{"damage":5,"enemies":"Large Slime","floor":8,"turns":7},{"damage":0,"enemies":"2 Fungi Beasts","floor":11,"turns":3},{"damage":1,"enemies":"Lots of Slimes","floor":13,"turns":5},{"damage":41,"enemies":"Gremlin Nob","floor":14,"turns":5},{"damage":20,"enemies":"The Guardian","floor":16,"turns":13},{"damage":8,"enemies":"3 Byrds","floor":18,"turns":5},{"damage":0,"enemies":"Spheric Guardian","floor":19,"turns":6},{"damage":45,"enemies":"Masked Bandits","floor":20,"turns":5}],"seed_played":"7513514046224876289","potions_obtained":[{"floor":0,"key":"Dexterity Potion"},{"floor":6,"key":"Block Potion"},{"floor":13,"key":"Explosive Potion"},{"floor":14,"key":"Weak Potion"},{"floor":18,"key":"Dexterity Potion"}],"is_trial":false,"path_per_floor":["M","?","?","$","M","M","R","M","T","?","M","R","M","E","R","B",null,"M","M","?"],"character_chosen":"THE_SILENT","items_purchased":["Vajra"],"campfire_rested":2,"item_purchase_floors":[4],"current_hp_per_floor":[59,59,52,52,50,49,49,44,44,25,25,44,43,2,21,1,48,40,40,0],"gold":273,"neow_bonus":"BOSS_RELIC","is_prod":false,"is_daily":false,"chose_seed":false,"campfire_upgraded":1,"win_rate":0,"timestamp":1541671284,"path_taken":["M","?","?","$","M","M","R","M","T","?","M","R","M","E","R","BOSS","M","M","?"],"build_version":"2018-11-06","purchased_purges":0,"victory":false,"max_hp_per_floor":[71,64,64,64,64,64,64,64,64,64,64,64,64,64,64,64,64,64,64,64],"card_choices":[{"not_picked":["Acrobatics","Deflect"],"picked":"Sucker Punch","floor":0},{"not_picked":["Masterful Stab","PiercingWail"],"picked":"Crippling Poison","floor":1},{"not_picked":["Deadly Poison","A Thousand Cuts"],"picked":"Poisoned Stab","floor":5},{"not_picked":["Poisoned Stab","Crippling Poison"],"picked":"PiercingWail","floor":6},{"not_picked":["Outmaneuver","Crippling Poison"],"picked":"Deflect","floor":8},{"not_picked":["All Out Attack","Riddle With Holes"],"picked":"Deadly Poison","floor":11},{"not_picked":["Prepared","Distraction"],"picked":"Dagger Spray","floor":13},{"not_picked":["Sucker Punch","Dagger Throw"],"picked":"Blur","floor":14},{"not_picked":["Doppelganger","Corpse Explosion"],"picked":"Malaise","floor":16},{"not_picked":["Quick Slash","Deadly Poison"],"picked":"Backflip","floor":18},{"not_picked":["Outmaneuver","Quick Slash"],"picked":"PiercingWail","floor":19}],"player_experience":1650498,"relics_obtained":[{"floor":9,"key":"Ornamental Fan"},{"floor":14,"key":"Frozen Egg 2"}],"event_choices":[{"damage_healed":0,"gold_gain":0,"player_choice":"Lose Max HP","damage_taken":0,"relics_obtained":["Golden Idol"],"max_hp_gain":0,"max_hp_loss":7,"event_name":"Golden Idol","floor":2,"gold_loss":0},{"cards_removed":["Strike_G"],"damage_healed":0,"gold_gain":0,"player_choice":"Card Removal","damage_taken":7,"max_hp_gain":0,"max_hp_loss":0,"event_name":"Golden Wing","floor":3,"gold_loss":0},{"damage_healed":0,"gold_gain":0,"player_choice":"Entered Light","damage_taken":19,"max_hp_gain":0,"max_hp_loss":0,"event_name":"Shining Light","floor":10,"gold_loss":0,"cards_upgraded":["Deflect","Strike_G"]},{"damage_healed":0,"gold_gain":0,"player_choice":"Fought Bandits","damage_taken":0,"max_hp_gain":0,"max_hp_loss":0,"event_name":"Masked Bandits","floor":20,"gold_loss":0}],"is_beta":true,"boss_relics":[{"not_picked":["White Beast Statue","Black Star"],"picked":"Velvet Choker"}],"items_purged_floors":[],"is_endless":false,"potions_floor_spawned":[6,13,14,18],"killed_by":"Masked Bandits","ascension_level":20}