{"gold_per_floor":[119,119,137,137,14,14,48,48,48,61,61,14,14,43,43,141,141,159,129,146,46,58,84,84,84,84,84],"floor_reached":27,"playtime":2805,"items_purged":["Strike_R","Strike_R"],"score":273,"play_id":"b044323a-ea55-42e7-84a2-b57993a7711c","local_time":"20181011165703","is_ascension_mode":true,"campfire_choices":[{"data":"Twin Strike","floor":6,"key":"SMITH"},{"data":"Iron Wave","floor":8,"key":"SMITH"},{"data":"Thunderclap","floor":11,"key":"SMITH"},{"data":"Shrug It Off","floor":13,"key":"SMITH"},{"data":"Evolve","floor":15,"key":"SMITH"},{"data":"Barricade","floor":25,"key":"SMITH"}],"neow_cost":"","seed_source_timestamp":133166623700097,"circlet_count":0,"master_deck":["Strike_R","Strike_R","Defend_R","Defend_R","Defend_R","Defend_R","Bash","True Grit+1","Offering","Twin Strike+1","Headbutt","Iron Wave+1","Thunderclap+1","Shrug It Off+1","Evolve+1","Barricade+1","Pommel Strike","Feel No Pain","Reaper"],"relics":["Burning Blood","Potion Belt","Ginger","Singing Bowl","Coffee Dripper","Oddly Smooth Stone","Bottled Tornado","Darkstone Periapt"],"potions_floor_usage":[20,20,22,22,23,23],"damage_taken":[{"damage":12,"enemies":"Jaw Worm","floor":1,"turns":2},{"damage":7,"enemies":"Cultist","floor":3,"turns":3},{"damage":9,"enemies":"Gremlin Nob","floor":7,"turns":3},{"damage":0,"enemies":"Small Slimes","floor":10,"turns":2},{"damage":16,"enemies":"3 Sentries","floor":14,"turns":4},{"damage":59,"enemies":"Hexaghost","floor":16,"turns":11},{"damage":16,"enemies":"Shell Parasite","floor":18,"turns":6},{"damage":0,"enemies":"3 Byrds","floor":20,"turns":3},{"damage":19,"enemies":"Centurion and Healer","floor":22,"turns":4},{"damage":57,"enemies":"Gremlin Leader","floor":23,"turns":9},{"damage":29,"enemies":"Snake Plant","floor":27,"turns":4}],"seed_played":"2878592543582327769","potions_obtained":[{"floor":14,"key":"Energy Potion"},{"floor":16,"key":"SteroidPotion"},{"floor":18,"key":"EssenceOfSteel"},{"floor":19,"key":"LiquidBronze"},{"floor":19,"key":"AttackPotion"},{"floor":20,"key":"BloodPotion"}],"is_trial":false,"path_per_floor":["M","?","M","?","$","R","E","R","T","M","R","$","R","E","R","B",null,"M","?","M","$","M","E","T","R","T"],"character_chosen":"IRONCLAD","items_purchased":["Headbutt","Shrug It Off"],"campfire_rested":0,"item_purchase_floors":[5,12],"current_hp_per_floor":[74,74,73,73,73,73,70,70,70,76,76,76,76,66,66,13,80,70,70,76,76,73,22,22,22,22,0],"gold":84,"neow_bonus":"","is_prod":false,"is_daily":false,"chose_seed":false,"campfire_upgraded":6,"win_rate":0,"timestamp":1539291423,"path_taken":["M","?","M","?","$","R","E","R","T","M","R","$","R","E","R","BOSS","M","?","?","$","M","E","?","R","T","M"],"build_version":"2018-10-04v2","purchased_purges":2,"victory":false,"max_hp_per_floor":[80,80,80,80,80,80,80,80,80,80,80,80,80,80,80,80,80,80,80,80,80,82,82,82,82,82,82],"card_choices":[{"not_picked":["Armaments","Evolve"],"picked":"True Grit","floor":1},{"not_picked":["True Grit","Entrench"],"picked":"Twin Strike","floor":3},{"not_picked":["Rage","Reaper"],"picked":"Iron Wave","floor":7},{"not_picked":["Havoc","Perfected Strike"],"picked":"Thunderclap","floor":10},{"not_picked":["Sword Boomerang","Limit Break"],"picked":"Evolve","floor":14},{"not_picked":["Brutality","Exhume"],"picked":"Barricade","floor":16},{"not_picked":["Clothesline","Headbutt"],"picked":"Pommel Strike","floor":18},{"not_picked":["Flex+1","Blood for Blood"],"picked":"Feel No Pain","floor":20},{"not_picked":["Iron Wave+1","Perfected Strike","Clash+1"],"picked":"Singing Bowl","floor":22},{"not_picked":["Headbutt","Clothesline"],"picked":"Reaper","floor":23}],"player_experience":254105,"relics_obtained":[{"floor":7,"key":"Potion Belt"},{"floor":9,"key":"Ginger"},{"floor":14,"key":"Singing Bowl"},{"floor":23,"key":"Oddly Smooth Stone"},{"floor":24,"key":"Bottled Tornado"},{"floor":26,"key":"Darkstone Periapt"}],"event_choices":[{"event_name":"Transmorgrifier","player_choice":"Transform","floor":2,"damage_taken":0},{"event_name":"Upgrade Shrine","player_choice":"Upgraded","floor":4,"damage_taken":0},{"event_name":"The Woman in Blue","player_choice":"Bought 2 Potions","floor":19,"damage_taken":0}],"is_beta":false,"boss_relics":[{"not_picked":["Pandora\u0027s Box","White Beast Statue"],"picked":"Coffee Dripper"}],"items_purged_floors":[5,21],"is_endless":false,"potions_floor_spawned":[14,16,18,20],"killed_by":"Snake Plant","ascension_level":3}