{"gold_per_floor":[109,109,59,59,73,73,73,89,89,89,89,114,114,37,37,37],"floor_reached":16,"playtime":331,"items_purged":[],"score":150,"play_id":"e06c224f-bed0-4c4b-961d-cf85e54721d7","local_time":"20190102150628","is_ascension_mode":true,"campfire_choices":[{"data":"Defragment","floor":6,"key":"SMITH"},{"data":"Consume","floor":10,"key":"SMITH"},{"data":"Dualcast","floor":13,"key":"SMITH"},{"floor":15,"key":"REST"}],"neow_cost":"NONE","seed_source_timestamp":1375702295857568,"circlet_count":0,"master_deck":["AscendersBane","Strike_B","Strike_B","Defend_B","Defend_B","Zap","Dualcast+1","Heatsinks","FTL","Consume+1","Defragment+1","Conserve Battery","White Noise","Capacitor"],"relics":["Cracked Core","Golden Idol","Bronze Scales"],"potions_floor_usage":[],"damage_taken":[{"damage":5,"enemies":"Small Slimes","floor":1,"turns":3},{"damage":2,"enemies":"Jaw Worm","floor":5,"turns":3},{"damage":1,"enemies":"Cultist","floor":8,"turns":3},{"damage":18,"enemies":"Exordium Thugs","floor":12,"turns":3},{"damage":46,"enemies":"Slime Boss","floor":16,"turns":7}],"seed_played":"-1592977923749366522","potions_obtained":[],"is_trial":false,"path_per_floor":["M","?","?","$","M","R","?","M","T","R","?","M","R","$","R","B"],"character_chosen":"DEFECT","items_purchased":["Capacitor"],"campfire_rested":1,"item_purchase_floors":[14],"current_hp_per_floor":[59,59,59,59,57,57,40,39,39,39,39,21,21,21,42,0],"gold":37,"neow_bonus":"TRANSFORM_CARD","is_prod":false,"is_daily":false,"chose_seed":false,"campfire_upgraded":3,"win_rate":0,"timestamp":1546409188,"path_taken":["M","?","?","$","M","R","?","M","T","R","?","?","R","?","R","BOSS"],"build_version":"2018-12-20","purchased_purges":0,"victory":false,"max_hp_per_floor":[71,71,71,71,71,71,71,71,71,71,71,71,71,71,71,71],"card_choices":[{"not_picked":["Streamline","Redo"],"picked":"FTL","floor":1},{"not_picked":["Ball Lightning","Sweeping Beam"],"picked":"Defragment","floor":5},{"not_picked":["BootSequence","Undo"],"picked":"Conserve Battery","floor":8},{"not_picked":["Rebound","Streamline"],"picked":"White Noise","floor":12}],"player_experience":699800,"relics_obtained":[{"floor":9,"key":"Bronze Scales"}],"event_choices":[{"damage_healed":0,"gold_gain":0,"cards_transformed":["Strike_B"],"player_choice":"Change","damage_taken":0,"max_hp_gain":0,"max_hp_loss":0,"event_name":"Living Wall","floor":2,"gold_loss":0,"cards_obtained":["Consume"]},{"cards_removed":["Defend_B"],"damage_healed":0,"gold_gain":0,"player_choice":"Card Removal","damage_taken":0,"max_hp_gain":0,"max_hp_loss":0,"event_name":"The Cleric","floor":3,"gold_loss":50},{"damage_healed":0,"gold_gain":0,"player_choice":"Take Damage","damage_taken":17,"relics_obtained":["Golden Idol"],"max_hp_gain":0,"max_hp_loss":0,"event_name":"Golden Idol","floor":7,"gold_loss":0},{"cards_removed":["Defend_B"],"damage_healed":0,"gold_gain":0,"player_choice":"Purged","damage_taken":0,"max_hp_gain":0,"max_hp_loss":0,"event_name":"Purifier","floor":11,"gold_loss":0}],"is_beta":false,"boss_relics":[],"items_purged_floors":[],"is_endless":false,"potions_floor_spawned":[],"killed_by":"Slime Boss","ascension_level":14}