{"gold_per_floor":[112,129,48,48,71,115,143,155,191,203,240,270,312,342,354,469,481,505,159,74,87,87,87,103,103,103,122,137,137,150,167,167,269,269,285,157,173,189,206,237,237,137,137,155,10,29,29,46,46,46],"floor_reached":51,"playtime":5076,"items_purged":["Strike_R","Strike_R"],"score":795,"play_id":"a208c635-8994-4198-9208-b51d9847f144","local_time":"20190208170752","is_ascension_mode":false,"campfire_choices":[{"data":"Infernal Blade","floor":10,"key":"SMITH"},{"data":"Uppercut","floor":15,"key":"SMITH"},{"data":"Armaments","floor":23,"key":"SMITH"},{"data":"Demon Form","floor":25,"key":"SMITH"},{"floor":32,"key":"REST"},{"data":"Power Through","floor":41,"key":"SMITH"},{"floor":47,"key":"REST"},{"data":"Ghostly Armor","floor":49,"key":"SMITH"}],"neow_cost":"NONE","seed_source_timestamp":719290791737600,"circlet_count":0,"master_deck":["Strike_R","Strike_R","Strike_R","Defend_R","Defend_R","Defend_R","Defend_R","Bash","Infernal Blade+1","Uppercut+1","Perfected Strike","Ghostly Armor+1","Demon Form+1","Inflame","Iron Wave","Armaments+1","Headbutt+1","Writhe","Power Through+1","Disarm+1","Heavy Blade+1","Sword Boomerang+1"],"relics":["Black Blood","MawBank","Centennial Puzzle","Lantern","Pear","Blood Vial","Regal Pillow","Self Forming Clay","Ice Cream","Shuriken","PreservedInsect","Snecko Eye","Molten Egg 2","Strawberry","Torii","Red Skull"],"potions_floor_usage":[6,16,18,28,39,39,50,50,50],"damage_taken":[{"damage":1,"enemies":"Cultist","floor":1,"turns":3},{"damage":2,"enemies":"2 Louse","floor":2,"turns":3},{"damage":5,"enemies":"Small Slimes","floor":5,"turns":3},{"damage":30,"enemies":"3 Sentries","floor":6,"turns":9},{"damage":4,"enemies":"Blue Slaver","floor":7,"turns":4},{"damage":30,"enemies":"Gremlin Nob","floor":11,"turns":4},{"damage":9,"enemies":"Large Slime","floor":12,"turns":6},{"damage":0,"enemies":"Looter","floor":14,"turns":3},{"damage":53,"enemies":"The Guardian","floor":16,"turns":13},{"damage":0,"enemies":"3 Byrds","floor":18,"turns":2},{"damage":7,"enemies":"Chosen","floor":21,"turns":5},{"damage":27,"enemies":"Snake Plant","floor":24,"turns":5},{"damage":32,"enemies":"Cultist and Chosen","floor":27,"turns":7},{"damage":26,"enemies":"Shelled Parasite and Fungi","floor":28,"turns":6},{"damage":12,"enemies":"Snake Plant","floor":30,"turns":6},{"damage":7,"enemies":"Chosen and Byrds","floor":31,"turns":8},{"damage":59,"enemies":"Champ","floor":33,"turns":10},{"damage":6,"enemies":"3 Shapes","floor":35,"turns":6},{"damage":8,"enemies":"3 Darklings","floor":37,"turns":5},{"damage":44,"enemies":"Sphere and 2 Shapes","floor":38,"turns":7},{"damage":14,"enemies":"Transient","floor":39,"turns":5},{"damage":19,"enemies":"Giant Head","floor":40,"turns":8},{"damage":15,"enemies":"Jaw Worm Horde","floor":44,"turns":5},{"damage":15,"enemies":"Sphere and 2 Shapes","floor":46,"turns":6},{"damage":16,"enemies":"3 Darklings","floor":48,"turns":8},{"damage":60,"enemies":"Awakened One","floor":50,"turns":9}],"seed_played":"-1840993886049099855","potions_obtained":[{"floor":1,"key":"PowerPotion"},{"floor":5,"key":"FairyPotion"},{"floor":6,"key":"Energy Potion"},{"floor":11,"key":"AttackPotion"},{"floor":14,"key":"LiquidBronze"},{"floor":16,"key":"FearPotion"},{"floor":18,"key":"Ancient Potion"},{"floor":21,"key":"AttackPotion"},{"floor":31,"key":"Poison Potion"},{"floor":35,"key":"GamblersBrew"},{"floor":40,"key":"SteroidPotion"},{"floor":48,"key":"Poison Potion"}],"is_trial":false,"path_per_floor":["M","M","$","?","M","E","M","?","T","R","E","M","?","M","R","B",null,"M","$","?","M","?","R","M","R","T","M","M","?","M","M","R","B",null,"M","?","M","M","M","E","R","$","T","M","$","M","R","M","R","B",null],"character_chosen":"IRONCLAD","items_purchased":["Infernal Blade","Inflame","Iron Wave","Armaments","Regal Pillow","Red Skull"],"campfire_rested":2,"item_purchase_floors":[3,19,19,19,19,45],"current_hp_per_floor":[88,88,88,85,86,62,64,64,64,64,50,47,47,55,55,10,98,98,98,98,98,98,98,81,81,81,61,47,47,47,52,96,49,98,98,98,98,64,62,62,62,62,62,59,59,56,102,98,98,50],"gold":46,"neow_bonus":"TEN_PERCENT_HP_BONUS","is_prod":false,"is_daily":false,"chose_seed":false,"campfire_upgraded":6,"win_rate":0,"timestamp":1549663672,"path_taken":["M","M","?","?","M","E","M","?","T","R","E","?","?","M","R","BOSS","M","$","?","M","?","R","M","R","T","M","?","?","M","M","R","BOSS","M","?","M","M","M","E","R","?","T","M","$","M","R","M","R","BOSS"],"build_version":"2019-01-23","purchased_purges":2,"victory":true,"max_hp_per_floor":[88,88,88,88,88,88,88,88,88,88,98,98,98,98,98,98,98,98,98,98,98,98,98,98,98,98,98,98,98,98,98,98,98,98,98,98,98,98,98,105,105,105,105,105,105,105,105,105,105,105],"card_choices":[{"not_picked":["Burning Pact","Havoc","Warcry"],"picked":"SKIP","floor":1},{"not_picked":["Heavy Blade","Thunderclap","Fire Breathing"],"picked":"SKIP","floor":2},{"not_picked":["Rage","Second Wind"],"picked":"Uppercut","floor":5},{"not_picked":["Flex","Seeing Red","Havoc"],"picked":"SKIP","floor":6},{"not_picked":["Cleave","Seeing Red","Carnage"],"picked":"SKIP","floor":7},{"not_picked":["Feel No Pain","Sentinel"],"picked":"Perfected Strike","floor":11},{"not_picked":["Cleave","Clothesline"],"picked":"Ghostly Armor","floor":12},{"not_picked":["Rupture","Dropkick","Body Slam"],"picked":"SKIP","floor":14},{"not_picked":["Exhume","Immolate"],"picked":"Demon Form","floor":16},{"not_picked":["Body Slam","Seeing Red","Entrench"],"picked":"SKIP","floor":18},{"not_picked":["Armaments","Havoc"],"picked":"Headbutt+1","floor":21},{"not_picked":["Cleave","Armaments+1","Headbutt"],"picked":"SKIP","floor":24},{"not_picked":["Sword Boomerang","Headbutt"],"picked":"Power Through","floor":27},{"not_picked":["Thunderclap+1","Shockwave+1","Body Slam"],"picked":"SKIP","floor":28},{"not_picked":["Warcry+1","Cleave","Fiend Fire"],"picked":"SKIP","floor":30},{"not_picked":["Rampage","Intimidate","Searing Blow+1"],"picked":"SKIP","floor":31},{"not_picked":["Fire Breathing","Anger"],"picked":"Disarm+1","floor":35},{"not_picked":["Corruption+1","Rampage+1","Body Slam+1"],"picked":"SKIP","floor":37},{"not_picked":["Thunderclap+1","Iron Wave+1","Twin Strike+1"],"picked":"SKIP","floor":38},{"not_picked":["Feed+1","Dual Wield","Ghostly Armor+1"],"picked":"SKIP","floor":39},{"not_picked":["Iron Wave+1","Uppercut+1"],"picked":"Heavy Blade+1","floor":40},{"not_picked":["Uppercut+1","Clothesline+1"],"picked":"Sword Boomerang+1","floor":44},{"not_picked":["Uppercut+1","Heavy Blade+1","Rupture"],"picked":"SKIP","floor":46},{"not_picked":["Perfected Strike+1","Wild Strike+1","Warcry+1"],"picked":"SKIP","floor":48}],"player_experience":205411,"relics_obtained":[{"floor":6,"key":"Centennial Puzzle"},{"floor":9,"key":"Lantern"},{"floor":11,"key":"Pear"},{"floor":26,"key":"Shuriken"},{"floor":29,"key":"PreservedInsect"},{"floor":40,"key":"Strawberry"},{"floor":43,"key":"Torii"}],"event_choices":[{"damage_healed":0,"gold_gain":0,"player_choice":"Success","damage_taken":3,"relics_obtained":["MawBank"],"max_hp_gain":0,"max_hp_loss":0,"event_name":"Scrap Ooze","floor":4,"gold_loss":0},{"damage_healed":0,"gold_gain":0,"player_choice":"Ignored","damage_taken":0,"max_hp_gain":0,"max_hp_loss":0,"event_name":"Liars Game","floor":8,"gold_loss":0},{"damage_healed":0,"gold_gain":30,"player_choice":"Searched \u00273\u0027 times","damage_taken":0,"relics_obtained":["Blood Vial"],"max_hp_gain":0,"max_hp_loss":0,"event_name":"Dead Adventurer","floor":13,"gold_loss":0},{"damage_healed":0,"gold_gain":0,"player_choice":"Obtained Relic","damage_taken":0,"relics_obtained":["Self Forming Clay"],"max_hp_gain":0,"max_hp_loss":0,"event_name":"Addict","floor":20,"gold_loss":85},{"damage_healed":0,"gold_gain":0,"player_choice":"Opened","damage_taken":0,"relics_obtained":["Ice Cream"],"max_hp_gain":0,"max_hp_loss":0,"event_name":"The Mausoleum","floor":22,"gold_loss":0,"cards_obtained":["Writhe"]},{"damage_healed":0,"gold_gain":0,"player_choice":"Relic","damage_taken":0,"max_hp_gain":0,"max_hp_loss":0,"event_name":"Wheel of Change","floor":29,"gold_loss":0},{"damage_healed":0,"gold_gain":0,"player_choice":"Paid Gold","damage_taken":0,"relics_obtained":["Molten Egg 2"],"max_hp_gain":0,"max_hp_loss":0,"event_name":"WeMeetAgain","floor":36,"gold_loss":128}],"is_beta":false,"boss_relics":[{"not_picked":["Runic Cube","Calling Bell"],"picked":"Black Blood"},{"not_picked":["Fusion Hammer","Black Star"],"picked":"Snecko Eye"}],"items_purged_floors":[19,42],"is_endless":false,"potions_floor_spawned":[1,5,6,11,14,16,18,21,31,33,35,38,40,48],"ascension_level":0}