{"gold_per_floor":[112,187,200,200,270,301,320,347,347,347,312,312,370,381,381,381],"floor_reached":16,"playtime":689,"items_purged":[],"score":216,"play_id":"58d81268-f172-47e0-b86a-b66bc919861c","local_time":"20181031000038","is_ascension_mode":true,"campfire_choices":[{"floor":10.0,"key":"REST"},{"data":"Noxious Fumes","floor":12.0,"key":"SMITH"},{"floor":15.0,"key":"REST"}],"neow_cost":"NONE","seed_source_timestamp":1003292749008100,"circlet_count":0,"master_deck":["Defend_G","Defend_G","Defend_G","Defend_G","Defend_G","Strike_G","Strike_G","Strike_G","Strike_G","Strike_G","Survivor","Neutralize+1","AscendersBane","Dash","Quick Slash","Well Laid Plans","Noxious Fumes+1","Backflip","Leg Sweep","Bane"],"special_seed":0,"relics":["Philosopher\u0027s Stone","Dead Branch","Odd Mushroom","Darkstone Periapt","Tiny Chest"],"potions_floor_usage":[],"damage_taken":[{"damage":0.0,"enemies":"Small Slimes","floor":1.0,"turns":3.0},{"damage":0.0,"enemies":"Cultist","floor":3.0,"turns":4.0},{"damage":27.0,"enemies":"3 Sentries","floor":6.0,"turns":10.0},{"damage":0.0,"enemies":"2 Louse","floor":7.0,"turns":2.0},{"damage":14.0,"enemies":"The Mushroom Lair","floor":8.0,"turns":7.0},{"damage":41.0,"enemies":"Gremlin Nob","floor":13.0,"turns":5.0},{"damage":0.0,"enemies":"Large Slime","floor":14.0,"turns":6.0},{"damage":25,"enemies":"Slime Boss","floor":16,"turns":3}],"seed_played":"6775925538494179200","potions_obtained":[{"floor":1.0,"key":"EssenceOfSteel"},{"floor":3.0,"key":"Dexterity Potion"},{"floor":6.0,"key":"Block Potion"}],"is_trial":false,"path_per_floor":["M","?","M","?","?","E","M","?","T","R","?","R","E","M","R"],"character_chosen":"THE_SILENT","items_purchased":[],"campfire_rested":2,"item_purchase_floors":[],"current_hp_per_floor":[59,48,48,48,48,21,21,7,7,26,42,42,1,1,20,0],"gold":381,"neow_bonus":"BOSS_RELIC","is_prod":false,"is_daily":false,"chose_seed":false,"campfire_upgraded":1,"win_rate":0,"timestamp":1540958438,"path_taken":["M","?","M","?","?","E","?","?","T","R","?","R","E","M","R","BOSS"],"build_version":"2018-10-29v2","purchased_purges":0,"victory":false,"max_hp_per_floor":[66,66,66,66,66,66,66,66,66,66,66,66,66,66,66,66],"card_choices":[{"not_picked":["Tactician","Blade Dance"],"picked":"Dash","floor":1.0},{"not_picked":["Dagger Throw","Prepared"],"picked":"Quick Slash","floor":3.0},{"not_picked":["Tactician","Sucker Punch"],"picked":"Well Laid Plans","floor":6.0},{"not_picked":["Leg Sweep","Bane"],"picked":"Noxious Fumes","floor":7.0},{"not_picked":["Blade Dance","Caltrops"],"picked":"Backflip","floor":8.0},{"not_picked":["Slice","Dodge and Roll"],"picked":"Leg Sweep","floor":13.0},{"not_picked":["Outmaneuver","Expertise"],"picked":"Bane","floor":14.0}],"player_experience":1556558,"relics_obtained":[{"floor":6.0,"key":"Dead Branch"},{"floor":8.0,"key":"Odd Mushroom"},{"floor":9.0,"key":"Darkstone Periapt"},{"floor":13.0,"key":"Tiny Chest"}],"event_choices":[{"damage_healed":0.0,"max_hp_gain":0.0,"max_hp_loss":0.0,"gold_gain":75.0,"event_name":"World of Goop","player_choice":"Gather Gold","floor":2.0,"gold_loss":0.0,"damage_taken":11.0},{"damage_healed":0.0,"max_hp_gain":0.0,"max_hp_loss":0.0,"gold_gain":0.0,"event_name":"Upgrade Shrine","player_choice":"Upgraded","floor":4.0,"gold_loss":0.0,"damage_taken":0.0,"cards_upgraded":["Neutralize"]},{"damage_healed":0.0,"max_hp_gain":0.0,"max_hp_loss":0.0,"gold_gain":70.0,"event_name":"Golden Wing","player_choice":"Gained Gold","floor":5.0,"gold_loss":0.0,"damage_taken":0.0},{"damage_healed":0.0,"max_hp_gain":0.0,"max_hp_loss":0.0,"gold_gain":0.0,"event_name":"Mushrooms","player_choice":"Fought Mushrooms","floor":8.0,"gold_loss":0.0,"damage_taken":0.0},{"damage_healed":16.0,"max_hp_gain":0.0,"max_hp_loss":0.0,"gold_gain":0.0,"event_name":"The Cleric","player_choice":"Healed","floor":11.0,"gold_loss":35.0,"damage_taken":0.0}],"is_beta":true,"boss_relics":[],"items_purged_floors":[],"is_endless":false,"potions_floor_spawned":[1,3,6],"killed_by":"Slime Boss","ascension_level":20}