{"path_per_floor":["M","M","M","M","$","R","E","?","T","R","?","M","R","M","R","B",null,"M","$","?","?","M","E","R","M","T","$","M","M","M","?","R","B",null,"M","$","?","M","T","R","?","R","T","M","?","M","M","M","R"],"character_chosen":"DEFECT","items_purchased":["Loop","Loop","Apotheosis"],"gold_per_floor":[118,137,149,168,20,20,51,51,51,51,51,66,66,81,81,183,183,198,160,160,160,180,213,213,232,256,73,87,105,122,0,0,98,98,110,110,110,125,125,125,0,0,53,63,63,83,94,107,107,107],"floor_reached":50,"campfire_rested":0,"playtime":3249,"item_purchase_floors":[5,19,27],"current_hp_per_floor":[70,68,68,47,47,47,25,25,25,25,25,25,25,25,25,14,75,72,72,56,52,37,20,20,14,14,14,12,52,31,31,31,43,52,22,22,45,45,45,45,45,45,45,45,45,45,45,45,45,0],"items_purged":["Strike_B"],"gold":107,"score":566,"play_id":"01e0235a-6c97-4591-812d-85444475d1d8","local_time":"20180602105905","is_prod":false,"is_daily":false,"chose_seed":false,"is_ascension_mode":false,"campfire_upgraded":6,"win_rate":0,"timestamp":1527904745,"campfire_choices":[{"data":"Defragment","floor":6,"key":"SMITH"},{"data":"Loop","floor":10,"key":"SMITH"},{"data":"Dualcast","floor":13,"key":"SMITH"},{"data":"Zap","floor":15,"key":"SMITH"},{"data":"Defragment","floor":24,"key":"SMITH"},{"data":"Apotheosis","floor":32,"key":"SMITH"},{"floor":40,"key":"DIG"},{"floor":42,"key":"DIG"},{"floor":49,"key":"DIG"}],"path_taken":["M","M","M","M","$","R","E","?","T","R","?","?","R","M","R","BOSS","M","$","?","?","M","E","R","?","T","$","M","M","M","?","R","BOSS","M","$","?","M","?","R","?","R","T","M","?","M","M","M","R","BOSS"],"build_version":"2018-05-30v2","seed_source_timestamp":3931968248822,"purchased_purges":1,"victory":false,"master_deck":["Zap+1","Dualcast+1","Multi-Cast","Ball Lightning","Consume","Ball Lightning","Defragment+1","Loop+1","Sweeping Beam","Stack","Hologram","Fission","Ball Lightning","Aggregate","Leap","Go for the Eyes","Coolheaded","Hologram","Loop","Bite","Bite","Bite","Bite","Bite","Cold Snap+1","Defragment+1","Double Energy+1","Apotheosis+1","Cold Snap","Go for the Eyes","Capacitor","Thunder Strike","Barrage+1","Cold Snap","Cold Snap","Deep Breath","Go for the Eyes+1","Cold Snap+1","Go for the Eyes+1"],"max_hp_per_floor":[75,75,75,75,75,75,75,75,75,75,75,75,75,75,75,75,75,75,75,75,52,52,52,52,52,52,52,52,52,52,52,52,52,52,52,52,45,45,45,45,45,45,45,45,45,45,45,45,45,45],"relics":["Cracked Core","Boot","Thread and Needle","Blue Candle","Pandora\u0027s Box","Enchiridion","Oddly Smooth Stone","Ancient Tea Set","Sozu","Shovel","The Courier","Red Mask","DataDisk","Pen Nib","Bag of Preparation"],"card_choices":[{"not_picked":["Darkness","Chill"],"picked":"Ball Lightning","floor":1},{"not_picked":["Reinforced Body","Recycle"],"picked":"Consume","floor":2},{"not_picked":["Melter","Reinforced Body"],"picked":"Ball Lightning","floor":3},{"not_picked":["Steam","Fusion"],"picked":"Defragment","floor":4},{"not_picked":["All For One","Darkness"],"picked":"Sweeping Beam","floor":7},{"not_picked":["Consume","Compile Driver"],"picked":"Stack","floor":12},{"not_picked":["Force Field","Compile Driver"],"picked":"Hologram","floor":14},{"not_picked":["All For One","Biased Cognition"],"picked":"Fission","floor":16},{"not_picked":["Undo","Hologram","Force Field+1"],"picked":"SKIP","floor":18},{"not_picked":["Redo","Sweeping Beam"],"picked":"Cold Snap+1","floor":22},{"not_picked":["Coolheaded","Sunder"],"picked":"Defragment","floor":23},{"not_picked":["Compile Driver","Blizzard"],"picked":"Double Energy+1","floor":25},{"not_picked":["Streamline","Rebound"],"picked":"Cold Snap","floor":28},{"not_picked":["Barrage","Hologram"],"picked":"Go for the Eyes","floor":29},{"not_picked":["Buffer","Go for the Eyes+1"],"picked":"Capacitor","floor":30},{"not_picked":["Electrodynamics","Seek"],"picked":"Thunder Strike","floor":33},{"not_picked":["Steam","Leap+1"],"picked":"Barrage+1","floor":35},{"not_picked":["Steam Power","Conserve Battery"],"picked":"Cold Snap","floor":38},{"not_picked":["Barrage+1","Conserve Battery"],"picked":"Cold Snap","floor":44},{"not_picked":["Transmutation","Swift Strike"],"picked":"Deep Breath","floor":45},{"not_picked":["Leap","Gash+1"],"picked":"Go for the Eyes+1","floor":46},{"not_picked":["Steam","Recycle+1"],"picked":"Cold Snap+1","floor":47},{"not_picked":["Aggregate+1","Force Field+1"],"picked":"Go for the Eyes+1","floor":48}],"player_experience":229973,"potions_floor_usage":[28,33,50,50],"damage_taken":[{"damage":5,"enemies":"Jaw Worm","floor":1,"turns":4},{"damage":2,"enemies":"Small Slimes","floor":2,"turns":4},{"damage":0,"enemies":"2 Louse","floor":3,"turns":2},{"damage":21,"enemies":"Exordium Wildlife","floor":4,"turns":5},{"damage":22,"enemies":"3 Sentries","floor":7,"turns":4},{"damage":0,"enemies":"Blue Slaver","floor":12,"turns":3},{"damage":0,"enemies":"Gremlin Gang","floor":14,"turns":3},{"damage":11,"enemies":"Slime Boss","floor":16,"turns":7},{"damage":3,"enemies":"Shell Parasite","floor":18,"turns":4},{"damage":15,"enemies":"2 Thieves","floor":22,"turns":3},{"damage":29,"enemies":"Gremlin Leader","floor":23,"turns":6},{"damage":17,"enemies":"Snecko","floor":25,"turns":5},{"damage":10,"enemies":"Centurion and Healer","floor":28,"turns":5},{"damage":10,"enemies":"Sentry and Sphere","floor":29,"turns":18},{"damage":27,"enemies":"Snake Plant","floor":30,"turns":4},{"damage":7,"enemies":"Champ","floor":33,"turns":9},{"damage":42,"enemies":"3 Darklings","floor":35,"turns":5},{"damage":4,"enemies":"Orb Walker","floor":38,"turns":4},{"damage":0,"enemies":"Maw","floor":44,"turns":5},{"damage":0,"enemies":"4 Shapes","floor":46,"turns":8},{"damage":0,"enemies":"Sphere and 2 Shapes","floor":47,"turns":4},{"damage":0,"enemies":"Transient","floor":48,"turns":5},{"damage":54,"enemies":"Donu and Deca","floor":50,"turns":6}],"relics_obtained":[{"floor":7,"key":"Boot"},{"floor":9,"key":"Blue Candle"},{"floor":20,"key":"Enchiridion"},{"floor":23,"key":"Oddly Smooth Stone"},{"floor":26,"key":"Ancient Tea Set"},{"floor":39,"key":"Shovel"},{"floor":40,"key":"The Courier"},{"floor":42,"key":"DataDisk"},{"floor":43,"key":"Pen Nib"},{"floor":49,"key":"Bag of Preparation"}],"event_choices":[{"event_name":"Dead Adventurer","player_choice":"Searched \u00271\u0027 times","floor":8,"damage_taken":0},{"event_name":"Purifier","player_choice":"One Purge","floor":11,"damage_taken":0},{"event_name":"Cursed Tome","player_choice":"Obtained Book","floor":20,"damage_taken":0},{"event_name":"Vampires","player_choice":"Became a vampire","floor":21,"damage_taken":0},{"event_name":"Masked Bandits","player_choice":"Paid Bandits 122 gold","floor":31,"damage_taken":0},{"event_name":"The Moai Head","player_choice":"Heal","floor":37,"damage_taken":0},{"event_name":"Tomb of Lord Red Mask","player_choice":"Paid","floor":41,"damage_taken":0},{"event_name":"SensoryStone","player_choice":"Memory 1","floor":45,"damage_taken":0}],"boss_relics":[{"not_picked":["Astrolabe","Black Star"],"picked":"Pandora\u0027s Box"},{"not_picked":["Runic Pyramid","Eternal Feather"],"picked":"Sozu"}],"items_purged_floors":[5],"potions_floor_spawned":[3,4,7,14,23,28,35,44,46],"seed_played":"-8873846298511310517","killed_by":"Donu and Deca","ascension_level":0,"potions_obtained":[{"floor":3,"key":"Explosive Potion"},{"floor":4,"key":"LiquidBronze"},{"floor":7,"key":"Ancient Potion"},{"floor":28,"key":"Dexterity Potion"}],"is_trial":false}