{"gold_per_floor":[119,138,138,151,167,198,41,41,94,94,106,133,152,181,181,284,284,303,303,150,65,65,65,77,77,151,163,182,182,182,111,111,212,212,228,228,153,163,163,178,178,192,272,285,285,303,322,340,340,340],"floor_reached":50,"playtime":8001,"items_purged":["Venomology"],"score":566,"play_id":"17990311-2c27-4d80-8b56-a3a173fe9f46","local_time":"20190116212936","is_ascension_mode":false,"campfire_choices":[{"data":"Noxious Fumes","floor":8,"key":"SMITH"},{"data":"Neutralize","floor":10,"key":"SMITH"},{"data":"Noxious Fumes","floor":15,"key":"SMITH"},{"floor":23,"key":"REST"},{"floor":32,"key":"REST"},{"floor":45,"key":"REST"},{"floor":49,"key":"REST"}],"neow_cost":"NONE","seed_source_timestamp":83577335840487,"circlet_count":0,"master_deck":["Defend_G+1","Defend_G+1","Defend_G+1","Defend_G+1","Defend_G+1","Strike_G+1","Strike_G+1","Strike_G+1","Strike_G+1","Survivor","Neutralize+1","Sucker Punch","Deflect","Flying Knee","Noxious Fumes+1","Crippling Poison","Sucker Punch","Dagger Throw","Backflip","Noxious Fumes+1","Glass Knife","Caltrops+1","Dagger Spray","Cloak And Dagger","Crippling Poison+1","Footwork","Burst","Footwork+1","Madness","Bouncing Flask","PiercingWail","Dodge and Roll","Catalyst","Sucker Punch+1","Adrenaline"],"relics":["Ring of the Snake","Mercury Hourglass","Oddly Smooth Stone","Snake Skull","Kunai","Orrery","Bronze Scales","Sundial","Enchiridion","Shuriken","Sozu","Frozen Egg 2"],"potions_floor_usage":[6,12,18,18,24,33,33,35],"damage_taken":[{"damage":0,"enemies":"2 Louse","floor":1,"turns":2},{"damage":0,"enemies":"Cultist","floor":2,"turns":4},{"damage":2,"enemies":"Jaw Worm","floor":4,"turns":5},{"damage":5,"enemies":"Blue Slaver","floor":5,"turns":4},{"damage":6,"enemies":"Gremlin Nob","floor":6,"turns":6},{"damage":3,"enemies":"2 Fungi Beasts","floor":11,"turns":3},{"damage":0,"enemies":"3 Sentries","floor":12,"turns":6},{"damage":0,"enemies":"3 Louse","floor":13,"turns":2},{"damage":10,"enemies":"Lagavulin","floor":14,"turns":7},{"damage":0,"enemies":"Hexaghost","floor":16,"turns":8},{"damage":14,"enemies":"2 Thieves","floor":18,"turns":4},{"damage":9,"enemies":"Shell Parasite","floor":24,"turns":4},{"damage":1,"enemies":"Snake Plant","floor":27,"turns":4},{"damage":3,"enemies":"Centurion and Healer","floor":28,"turns":6},{"damage":15,"enemies":"Champ","floor":33,"turns":9},{"damage":0,"enemies":"3 Darklings","floor":35,"turns":4},{"damage":1,"enemies":"Orb Walker","floor":38,"turns":4},{"damage":30,"enemies":"Writhing Mass","floor":40,"turns":6},{"damage":19,"enemies":"Jaw Worm Horde","floor":42,"turns":4},{"damage":11,"enemies":"3 Darklings","floor":44,"turns":5},{"damage":1,"enemies":"Transient","floor":46,"turns":5},{"damage":4,"enemies":"Spire Growth","floor":47,"turns":4},{"damage":24,"enemies":"3 Darklings","floor":48,"turns":4},{"damage":60,"enemies":"Time Eater","floor":50,"turns":10}],"seed_played":"-7188271593607831956","potions_obtained":[{"floor":4,"key":"Block Potion"},{"floor":6,"key":"Fire Potion"},{"floor":13,"key":"Weak Potion"},{"floor":14,"key":"GhostInAJar"},{"floor":18,"key":"EssenceOfSteel"},{"floor":28,"key":"FairyPotion"}],"is_trial":false,"path_per_floor":["M","M","?","M","M","E","$","R","T","R","M","E","M","E","R","B",null,"M","?","$","?","?","R","M","?","T","M","M","$","?","$","R","B",null,"M","?","$","M","?","M","?","M","T","M","R","M","M","M","R","B"],"character_chosen":"THE_SILENT","items_purchased":["Oddly Smooth Stone","Bronze Scales","Footwork"],"campfire_rested":4,"item_purchase_floors":[7,20,31],"current_hp_per_floor":[77,77,77,75,70,64,64,64,64,64,61,61,61,51,51,51,77,63,63,63,63,47,70,61,47,47,46,43,43,43,43,67,52,82,82,72,72,71,71,41,41,22,22,11,35,34,30,6,30,0],"gold":340,"neow_bonus":"TEN_PERCENT_HP_BONUS","is_prod":false,"is_daily":false,"chose_seed":false,"campfire_upgraded":3,"win_rate":0,"timestamp":1547702976,"path_taken":["M","M","?","?","M","E","$","R","T","R","M","E","M","E","R","BOSS","M","?","$","?","?","R","M","?","T","M","M","?","?","$","R","BOSS","M","?","$","M","?","M","?","M","T","M","R","M","M","?","R","BOSS"],"build_version":"2019-01-10","purchased_purges":1,"victory":false,"max_hp_per_floor":[77,77,77,77,77,77,77,77,77,77,77,77,77,77,77,77,77,77,77,77,77,77,77,77,82,82,82,82,82,82,82,82,82,82,82,82,82,82,82,82,82,82,82,82,82,82,82,82,82,82],"card_choices":[{"not_picked":["Blade Dance","Tactician"],"picked":"Sucker Punch","floor":1},{"not_picked":["Prepared","Dodge and Roll"],"picked":"Deflect","floor":2},{"not_picked":["Storm of Steel","Prepared"],"picked":"Flying Knee","floor":4},{"not_picked":["Setup","Cloak And Dagger"],"picked":"Noxious Fumes","floor":5},{"not_picked":["Predator","Blade Dance"],"picked":"Crippling Poison","floor":6},{"not_picked":["Masterful Stab","Underhanded Strike"],"picked":"Sucker Punch","floor":11},{"not_picked":["Venomology","Sucker Punch"],"picked":"Dagger Throw","floor":12},{"not_picked":["Catalyst","Heel Hook"],"picked":"Backflip","floor":13},{"not_picked":["Deadly Poison","Dash"],"picked":"Noxious Fumes","floor":14},{"not_picked":["Wraith Form v2","Venomology"],"picked":"Glass Knife","floor":16},{"not_picked":["Deadly Poison","Flying Knee"],"picked":"Venomology","floor":17},{"not_picked":["Poisoned Stab","Deadly Poison"],"picked":"Caltrops","floor":17},{"not_picked":["Concentrate","Underhanded Strike"],"picked":"Dagger Spray","floor":17},{"not_picked":["Infinite Blades","Choke","Skewer"],"picked":"SKIP","floor":18},{"not_picked":["Leg Sweep+1","Blade Dance"],"picked":"Cloak And Dagger","floor":24},{"not_picked":["Slice","Storm of Steel","Quick Slash"],"picked":"SKIP","floor":27},{"not_picked":["Reflex","Slice"],"picked":"Crippling Poison+1","floor":28},{"not_picked":["Wraith Form v2","Die Die Die"],"picked":"Burst","floor":33},{"not_picked":["Sucker Punch","Leg Sweep"],"picked":"Footwork+1","floor":35},{"not_picked":["Quick Slash+1","Dagger Spray+1","Dagger Throw"],"picked":"SKIP","floor":38},{"not_picked":["Prepared","Terror"],"picked":"Bouncing Flask","floor":40},{"not_picked":["Acrobatics+1","Tactician+1"],"picked":"PiercingWail","floor":42},{"not_picked":["Quick Slash+1","Deadly Poison"],"picked":"Dodge and Roll","floor":44},{"not_picked":["Predator+1","Heel Hook"],"picked":"Catalyst","floor":46},{"not_picked":["Calculated Gamble+1","Dagger Spray+1"],"picked":"Sucker Punch+1","floor":47},{"not_picked":["Dodge and Roll+1","Poisoned Stab+1"],"picked":"Adrenaline","floor":48}],"player_experience":231774,"relics_obtained":[{"floor":6,"key":"Mercury Hourglass"},{"floor":12,"key":"Snake Skull"},{"floor":14,"key":"Kunai"},{"floor":22,"key":"Enchiridion"},{"floor":26,"key":"Shuriken"},{"floor":43,"key":"Frozen Egg 2"}],"event_choices":[{"cards_removed":["Strike_G"],"damage_healed":0,"gold_gain":0,"player_choice":"Card Removal","damage_taken":0,"max_hp_gain":0,"max_hp_loss":0,"event_name":"Wheel of Change","floor":3,"gold_loss":0},{"damage_healed":0,"gold_gain":0,"player_choice":"Simplicity","damage_taken":0,"max_hp_gain":0,"max_hp_loss":0,"event_name":"Back to Basics","floor":19,"gold_loss":0,"cards_upgraded":["Defend_G","Defend_G","Defend_G","Defend_G","Defend_G","Strike_G","Strike_G","Strike_G","Strike_G"]},{"damage_healed":0,"gold_gain":0,"player_choice":"Obtained Relic","damage_taken":0,"relics_obtained":["Sundial"],"max_hp_gain":0,"max_hp_loss":0,"event_name":"Addict","floor":21,"gold_loss":85},{"damage_healed":0,"gold_gain":0,"player_choice":"Obtained Book","damage_taken":16,"max_hp_gain":0,"max_hp_loss":0,"event_name":"Cursed Tome","floor":22,"gold_loss":0},{"damage_healed":0,"gold_gain":0,"player_choice":"Shed Blood","damage_taken":19,"max_hp_gain":5,"max_hp_loss":0,"event_name":"Forgotten Altar","floor":25,"gold_loss":0},{"damage_healed":0,"gold_gain":0,"player_choice":"Upgraded","damage_taken":0,"max_hp_gain":0,"max_hp_loss":0,"event_name":"Upgrade Shrine","floor":30,"gold_loss":0,"cards_upgraded":["Caltrops"]},{"damage_healed":0,"gold_gain":0,"player_choice":"Embrace Madness","damage_taken":10,"max_hp_gain":0,"max_hp_loss":0,"event_name":"Winding Halls","floor":36,"gold_loss":0,"cards_obtained":["Madness","Madness"]},{"damage_healed":0,"gold_gain":0,"player_choice":"Ignored","damage_taken":0,"max_hp_gain":0,"max_hp_loss":0,"event_name":"Mysterious Sphere","floor":39,"gold_loss":0},{"cards_removed":["Madness"],"damage_healed":0,"gold_gain":0,"player_choice":"Purged","damage_taken":0,"max_hp_gain":0,"max_hp_loss":0,"event_name":"Purifier","floor":41,"gold_loss":0}],"is_beta":false,"boss_relics":[{"not_picked":["Runic Pyramid","Lizard Tail"],"picked":"Orrery"},{"not_picked":["Eternal Feather","HoveringKite"],"picked":"Sozu"}],"items_purged_floors":[37],"is_endless":false,"potions_floor_spawned":[4,6,13,14,18,28,38,40,44,46],"killed_by":"Time Eater","ascension_level":0}