{"gold_per_floor":[10,29,39,55,72,107,107,107,107,107],"floor_reached":10,"playtime":495,"items_purged":[],"score":102,"play_id":"b07fc9ca-66d6-4d90-b779-436695cfe348","local_time":"20181118214033","is_ascension_mode":true,"campfire_choices":[],"neow_cost":"NO_GOLD","seed_source_timestamp":365667238954389,"circlet_count":0,"master_deck":["Strike_B","Strike_B","Strike_B","Defend_B","Defend_B","Defend_B","Defend_B","Zap","Dualcast","Loop","Hello World","Ball Lightning","Leap","White Noise","Chaos"],"relics":["Cracked Core","Turnip","Pear"],"potions_floor_usage":[6],"damage_taken":[{"damage":1,"enemies":"Cultist","floor":1,"turns":3},{"damage":11,"enemies":"Jaw Worm","floor":2,"turns":4},{"damage":6,"enemies":"2 Louse","floor":3,"turns":2},{"damage":12,"enemies":"Looter","floor":4,"turns":3},{"damage":4,"enemies":"2 Fungi Beasts","floor":5,"turns":3},{"damage":26,"enemies":"3 Sentries","floor":6,"turns":7},{"damage":11,"enemies":"3 Louse","floor":10,"turns":2}],"seed_played":"4218387598150505842","potions_obtained":[{"floor":2,"key":"PowerPotion"},{"floor":6,"key":"Energy Potion"}],"is_trial":false,"path_per_floor":["M","M","M","M","M","E","?","?","T","M"],"character_chosen":"DEFECT","items_purchased":[],"campfire_rested":0,"item_purchase_floors":[],"current_hp_per_floor":[74,63,57,45,41,25,30,23,23,12],"gold":107,"neow_bonus":"ONE_RARE_RELIC","is_prod":false,"is_daily":false,"chose_seed":false,"campfire_upgraded":0,"win_rate":0,"timestamp":1542595233,"path_taken":["M","M","M","M","M","E","?","?","T","M"],"build_version":"2018-11-15","purchased_purges":0,"victory":false,"max_hp_per_floor":[75,75,75,75,75,85,90,90,90,90],"card_choices":[{"not_picked":["Turbo","Doom and Gloom"],"picked":"Loop","floor":1},{"not_picked":["Conserve Battery","Beam Cell"],"picked":"Hello World","floor":2},{"not_picked":["Go for the Eyes","Coolheaded"],"picked":"Ball Lightning","floor":3},{"not_picked":["Recycle","Turbo"],"picked":"Leap","floor":4},{"not_picked":["Multi-Cast","Barrage"],"picked":"White Noise","floor":5},{"not_picked":["Streamline","Reinforced Body"],"picked":"Chaos","floor":6}],"player_experience":165018,"relics_obtained":[{"floor":6,"key":"Pear"}],"event_choices":[{"damage_healed":0,"gold_gain":0,"player_choice":"Donut","damage_taken":0,"max_hp_gain":5,"max_hp_loss":0,"event_name":"Big Fish","floor":7,"gold_loss":0},{"cards_removed":["Strike_B"],"damage_healed":0,"gold_gain":0,"player_choice":"Card Removal","damage_taken":7,"max_hp_gain":0,"max_hp_loss":0,"event_name":"Golden Wing","floor":8,"gold_loss":0}],"is_beta":false,"boss_relics":[],"items_purged_floors":[],"is_endless":false,"potions_floor_spawned":[2,6],"killed_by":"3 Louse","ascension_level":2}