{"gold_per_floor":[114,129,129,129,144,144,159,174,174,189,219,219,249,225,225,325,325,340,265,15,30,30,60,60,75,125,140,61,61,76,91,91,191,191,206,206,221,21,21,21,36,51,126,141,156,156,0,0,0,0],"floor_reached":50,"playtime":4754,"items_purged":[],"score":551,"play_id":"f96ad2cd-be58-4d84-885f-657fe7e73e29","local_time":"20190126185226","daily_mods":["Draft","Red Cards","Binary"],"is_ascension_mode":false,"campfire_choices":[{"data":"Body Slam","floor":6.0,"key":"SMITH"},{"floor":12.0,"key":"REST"},{"data":"Body Slam","floor":15.0,"key":"SMITH"},{"floor":29.0,"key":"REST"},{"floor":32.0,"key":"REST"},{"floor":46,"key":"REST"},{"floor":49,"key":"REST"}],"neow_cost":"","seed_source_timestamp":0,"circlet_count":0,"master_deck":["True Grit","Footwork+1","Rage","Shrug It Off","PiercingWail","Metallicize","Body Slam+1","Dropkick","Dual Wield+1","Body Slam+1","Shockwave","Iron Wave","Clothesline","Entrench","Iron Wave","Dagger Throw","Combust","Body Slam","Cloak And Dagger","Malaise","Cloak And Dagger","Body Slam+1","Warcry","Venomology","Flex","Escape Plan","Barricade","Headbutt+1","Corpse Explosion","Madness","Madness","Backflip","Entrench+1","Parasite","Terror+1"],"special_seed":17921,"relics":["Ring of the Snake","Mercury Hourglass","Potion Belt","Snake Skull","Fusion Hammer","Molten Egg 2","MutagenicStrength","Bottled Tornado","Regal Pillow","Velvet Choker","HandDrill","Question Card","Red Mask"],"potions_floor_usage":[44,45,50,50],"damage_taken":[{"damage":0.0,"enemies":"Small Slimes","floor":1.0,"turns":4.0},{"damage":0.0,"enemies":"2 Louse","floor":2.0,"turns":4.0},{"damage":3.0,"enemies":"Cultist","floor":5.0,"turns":4.0},{"damage":9.0,"enemies":"Blue Slaver","floor":7.0,"turns":6.0},{"damage":0.0,"enemies":"Large Slime","floor":8.0,"turns":7.0},{"damage":0.0,"enemies":"Looter","floor":10.0,"turns":2.0},{"damage":15.0,"enemies":"Gremlin Nob","floor":11.0,"turns":5.0},{"damage":5.0,"enemies":"Lagavulin","floor":13.0,"turns":6.0},{"damage":10.0,"enemies":"The Guardian","floor":16.0,"turns":12.0},{"damage":0.0,"enemies":"Chosen","floor":18.0,"turns":3.0},{"damage":3.0,"enemies":"2 Thieves","floor":21.0,"turns":4.0},{"damage":18.0,"enemies":"Book of Stabbing","floor":23.0,"turns":5.0},{"damage":19.0,"enemies":"Sentry and Sphere","floor":25.0,"turns":5.0},{"damage":17.0,"enemies":"Cultist and Chosen","floor":27.0,"turns":7.0},{"damage":1.0,"enemies":"3 Cultists","floor":30.0,"turns":5.0},{"damage":11.0,"enemies":"Chosen and Byrds","floor":31.0,"turns":8.0},{"damage":25.0,"enemies":"Champ","floor":33.0,"turns":9.0},{"damage":0.0,"enemies":"3 Shapes","floor":35.0,"turns":2.0},{"damage":28.0,"enemies":"3 Darklings","floor":37.0,"turns":6.0},{"damage":5.0,"enemies":"Transient","floor":41.0,"turns":5.0},{"damage":0.0,"enemies":"Maw","floor":42.0,"turns":7.0},{"damage":6,"enemies":"3 Darklings","floor":44,"turns":4},{"damage":0,"enemies":"Writhing Mass","floor":45,"turns":5},{"damage":84,"enemies":"Donu and Deca","floor":50,"turns":8}],"seed_played":"-8504113597204793888","potions_obtained":[{"floor":5.0,"key":"Dexterity Potion"},{"floor":7.0,"key":"Poison Potion"},{"floor":11.0,"key":"Explosive Potion"},{"floor":23.0,"key":"SteroidPotion"},{"floor":27.0,"key":"AttackPotion"},{"floor":30.0,"key":"SpeedPotion"},{"floor":37.0,"key":"Fire Potion"},{"floor":41.0,"key":"GamblersBrew"}],"is_trial":false,"path_per_floor":["M","M","?","?","M","R","M","M","T","M","E","R","E","$","R","B",null,"M","?","$","M","?","E","?","M","T","M","$","R","M","M","R","B",null,"M","?","M","$","?","$","M","M","T","M","M","R","?","$","R","B"],"character_chosen":"THE_SILENT","items_purchased":["Cloak And Dagger","Molten Egg 2","Barricade","HandDrill"],"campfire_rested":5,"item_purchase_floors":[14,20,28,38],"current_hp_per_floor":[70,70,70,70,67,67,58,58,58,58,43,64,59,59,59,49,70,70,70,70,67,67,49,49,30,30,13,13,49,48,37,70,60,70,70,61,33,33,33,33,28,28,28,31,31,67,67,67,70,0],"gold":0,"neow_bonus":"","is_prod":false,"is_daily":true,"chose_seed":false,"campfire_upgraded":2,"win_rate":0,"timestamp":1548546746,"path_taken":["M","M","?","?","M","R","M","M","T","?","E","R","E","$","R","BOSS","M","?","$","M","?","E","?","M","T","M","$","R","?","M","R","BOSS","M","?","M","$","?","?","M","M","T","M","M","R","?","$","R","BOSS"],"build_version":"2019-01-23","purchased_purges":0,"victory":false,"max_hp_per_floor":[70,70,70,70,70,70,70,70,70,70,70,70,70,70,70,70,70,70,70,70,70,70,70,70,70,70,70,70,70,70,70,70,70,70,70,70,70,70,70,70,70,70,70,70,70,70,70,70,70,70],"card_choices":[{"not_picked":["Perfected Strike","Poisoned Stab"],"picked":"True Grit","floor":0.0},{"not_picked":["Flying Knee","Calculated Gamble"],"picked":"Footwork","floor":0.0},{"not_picked":["Prepared","Evolve"],"picked":"Rage","floor":0.0},{"not_picked":["Dagger Spray","Anger"],"picked":"Dodge and Roll","floor":0.0},{"not_picked":["Dodge and Roll","Headbutt"],"picked":"Shrug It Off","floor":0.0},{"not_picked":["Heavy Blade","Endless Agony"],"picked":"PiercingWail","floor":0.0},{"not_picked":["Havoc","Outmaneuver"],"picked":"Metallicize","floor":0.0},{"not_picked":["Sucker Punch","Backflip"],"picked":"Body Slam","floor":0.0},{"not_picked":["Underhanded Strike","Masterful Stab"],"picked":"Dropkick","floor":0.0},{"not_picked":["Combust","Dagger Spray"],"picked":"Dual Wield","floor":0.0},{"not_picked":["Deadly Poison","Endless Agony"],"picked":"Body Slam","floor":0.0},{"not_picked":["Blood for Blood","Quick Slash"],"picked":"Shockwave","floor":0.0},{"not_picked":["Body Slam","Setup"],"picked":"Prepared","floor":0.0},{"not_picked":["Endless Agony","Thunderclap"],"picked":"Iron Wave","floor":0.0},{"not_picked":["Intimidate","Thunderclap"],"picked":"Clothesline","floor":0.0},{"not_picked":["Calculated Gamble"],"picked":"Entrench","floor":1.0},{"not_picked":["Dodge and Roll","Bane"],"picked":"SKIP","floor":2.0},{"not_picked":["Pummel"],"picked":"Iron Wave","floor":5.0},{"not_picked":["Acrobatics"],"picked":"Dagger Throw","floor":7.0},{"not_picked":["Power Through"],"picked":"Combust","floor":8.0},{"not_picked":["Sucker Punch","Prepared"],"picked":"SKIP","floor":10.0},{"not_picked":["Warcry","Searing Blow"],"picked":"SKIP","floor":11.0},{"not_picked":["Bullet Time"],"picked":"Body Slam","floor":13.0},{"not_picked":["Fiend Fire"],"picked":"Malaise","floor":16.0},{"not_picked":["Masterful Stab"],"picked":"Cloak And Dagger","floor":18.0},{"not_picked":["Clash+1"],"picked":"Body Slam+1","floor":21.0},{"not_picked":["Dagger Spray+1"],"picked":"Warcry","floor":23.0},{"not_picked":["Tactician"],"picked":"Flex","floor":25.0},{"not_picked":["True Grit+1"],"picked":"Escape Plan","floor":27.0},{"not_picked":["Wild Strike+1","Infinite Blades"],"picked":"SKIP","floor":30.0},{"not_picked":["Sucker Punch+1"],"picked":"Headbutt+1","floor":31.0},{"not_picked":["Bullet Time"],"picked":"Corpse Explosion","floor":33.0},{"not_picked":["Deadly Poison+1","Blood for Blood+1"],"picked":"SKIP","floor":35.0},{"not_picked":["Heavy Blade+1","Headbutt+1"],"picked":"SKIP","floor":37.0},{"not_picked":["Flying Knee+1"],"picked":"Backflip","floor":41.0},{"not_picked":["Calculated Gamble","Wild Strike+1"],"picked":"SKIP","floor":42.0},{"not_picked":["PiercingWail","Calculated Gamble+1"],"picked":"Entrench+1","floor":44},{"not_picked":["Cleave+1","Heavy Blade+1"],"picked":"Terror+1","floor":45}],"player_experience":830148,"relics_obtained":[{"floor":9.0,"key":"Mercury Hourglass"},{"floor":11.0,"key":"Potion Belt"},{"floor":13.0,"key":"Snake Skull"},{"floor":23.0,"key":"Bottled Tornado"},{"floor":26.0,"key":"Regal Pillow"},{"floor":43,"key":"Question Card"}],"event_choices":[{"damage_healed":0.0,"max_hp_gain":0.0,"max_hp_loss":0.0,"gold_gain":0.0,"event_name":"Living Wall","player_choice":"Grow","floor":3.0,"gold_loss":0.0,"damage_taken":0.0,"cards_upgraded":["Dual Wield"]},{"damage_healed":0.0,"max_hp_gain":0.0,"max_hp_loss":0.0,"gold_gain":0.0,"event_name":"Accursed Blacksmith","player_choice":"Forge","floor":4.0,"gold_loss":0.0,"damage_taken":0.0,"cards_upgraded":["Footwork"]},{"cards_removed":["Prepared"],"damage_healed":0.0,"max_hp_gain":0.0,"max_hp_loss":0.0,"gold_gain":0.0,"event_name":"Beggar","player_choice":"Gave Gold","floor":19.0,"gold_loss":75.0,"damage_taken":0.0},{"damage_healed":0.0,"max_hp_gain":0.0,"max_hp_loss":0.0,"gold_gain":0.0,"event_name":"Drug Dealer","player_choice":"Inject Mutagens","floor":22.0,"gold_loss":0.0,"damage_taken":0.0,"relics_obtained":["MutagenicStrength"]},{"damage_healed":0.0,"max_hp_gain":0.0,"max_hp_loss":0.0,"gold_gain":0.0,"cards_transformed":["Dodge and Roll"],"event_name":"Transmorgrifier","player_choice":"Transformed","floor":24.0,"gold_loss":0.0,"damage_taken":0.0,"cards_obtained":["Venomology"]},{"damage_healed":0.0,"max_hp_gain":0.0,"max_hp_loss":0.0,"gold_gain":0.0,"event_name":"Winding Halls","player_choice":"Embrace Madness","floor":36.0,"gold_loss":0.0,"damage_taken":9.0,"cards_obtained":["Madness","Madness"]},{"damage_healed":0.0,"max_hp_gain":0.0,"max_hp_loss":0.0,"gold_gain":0.0,"event_name":"Mysterious Sphere","player_choice":"Ignored","floor":39.0,"gold_loss":0.0,"damage_taken":0.0},{"damage_healed":0,"gold_gain":0,"player_choice":"Paid","damage_taken":0,"relics_obtained":["Red Mask"],"max_hp_gain":0,"max_hp_loss":0,"event_name":"Tomb of Lord Red Mask","floor":47,"gold_loss":156}],"is_beta":false,"boss_relics":[{"not_picked":["Calling Bell","Coffee Dripper"],"picked":"Fusion Hammer"},{"not_picked":["Empty Cage","Ring of the Serpent"],"picked":"Velvet Choker"}],"items_purged_floors":[],"is_endless":false,"potions_floor_spawned":[5,7,11,23,27,30,37,41],"killed_by":"Donu and Deca","ascension_level":0}