{"gold_per_floor":[119,119,130,144,161,161,180,180,180,193,193,206,226,245,245,346,346,362,302,317,317,327,327,345,345,371,371,371,371,60,60,60,158,158,178,198,198,215,115,115,148,148,148,148,165,190,217,0,0,0],"floor_reached":51,"playtime":5895,"items_purged":["Strike_B","Defend_B"],"score":934,"play_id":"52dd5284-1520-4928-b073-252f5623ae16","local_time":"20181110150937","is_ascension_mode":true,"campfire_choices":[{"floor":6,"key":"REST"},{"data":"Zap","floor":8,"key":"SMITH"},{"data":"Coolheaded","floor":15,"key":"SMITH"},{"data":"Self Repair","floor":23,"key":"SMITH"},{"data":"Go for the Eyes","floor":25,"key":"SMITH"},{"floor":28,"key":"REST"},{"data":"Metamorphosis","floor":32,"key":"SMITH"},{"floor":40,"key":"REST"},{"data":"Amplify","floor":42,"key":"SMITH"},{"data":"Steam","floor":44,"key":"SMITH"},{"floor":49,"key":"REST"}],"neow_cost":"NONE","seed_source_timestamp":0,"circlet_count":0,"master_deck":["Strike_B","Defend_B","Zap+1","Dualcast","Cold Snap","Genetic Algorithm","Steam+1","Self Repair+1","Conserve Battery","Ball Lightning","Chill","Coolheaded+1","Creative AI","Machine Learning","Go for the Eyes+1","Leap","Metamorphosis+1","Go for the Eyes+1","Amplify+1","Double Energy+1","Chill"],"special_seed":0,"relics":["Cracked Core","Pen Nib","Bottled Flame","Blood Vial","Busted Crown","Nilry\u0027s Codex","Happy Flower","Ornamental Fan","Snecko Eye","Bird Faced Urn","Symbiotic Virus","Singing Bowl","Lantern","Red Mask"],"potions_floor_usage":[10,10,14,22,36,36,36,45,46,46,50],"damage_taken":[{"damage":16.0,"enemies":"Small Slimes","floor":1.0,"turns":3.0},{"damage":4,"enemies":"Cultist","floor":3,"turns":3},{"damage":7,"enemies":"Jaw Worm","floor":4,"turns":4},{"damage":16,"enemies":"Lots of Slimes","floor":5,"turns":5},{"damage":5,"enemies":"3 Louse","floor":7,"turns":3},{"damage":1,"enemies":"Looter","floor":10,"turns":3},{"damage":1,"enemies":"Blue Slaver","floor":12,"turns":3},{"damage":5,"enemies":"3 Louse","floor":13,"turns":3},{"damage":7,"enemies":"Lots of Slimes","floor":14,"turns":4},{"damage":31,"enemies":"The Guardian","floor":16,"turns":12},{"damage":7,"enemies":"Spheric Guardian","floor":18,"turns":4},{"damage":3,"enemies":"Shell Parasite","floor":20,"turns":7},{"damage":12,"enemies":"Cultist and Chosen","floor":22,"turns":6},{"damage":15,"enemies":"Centurion and Healer","floor":24,"turns":9},{"damage":27,"enemies":"Colosseum Slavers","floor":27,"turns":5},{"damage":18,"enemies":"Champ","floor":33,"turns":12},{"damage":31,"enemies":"3 Darklings","floor":35,"turns":7},{"damage":6,"enemies":"Orb Walker","floor":36,"turns":4},{"damage":43,"enemies":"4 Shapes","floor":38,"turns":5},{"damage":16,"enemies":"Reptomancer","floor":41,"turns":7},{"damage":12,"enemies":"Jaw Worm Horde","floor":45,"turns":5},{"damage":40,"enemies":"Nemesis","floor":46,"turns":8},{"damage":82,"enemies":"Awakened One","floor":50,"turns":15}],"seed_played":"-1736875865517831284","potions_obtained":[{"floor":3,"key":"Weak Potion"},{"floor":7,"key":"Poison Potion"},{"floor":10,"key":"GamblersBrew"},{"floor":13,"key":"AttackPotion"},{"floor":20,"key":"Swift Potion"},{"floor":35,"key":"EntropicBrew"},{"floor":38,"key":"PowerPotion"},{"floor":45,"key":"Strength Potion"},{"floor":46,"key":"EssenceOfSteel"}],"is_trial":false,"path_per_floor":["M","M","?","M","M","M","R","M","R","T","M","?","M","M","M","R","B",null,"M","?","M","?","M","R","M","R","T","?","R","T","$","?","R","B",null,"M","M","?","M","$","R","E","R","T","R","M","E","T","?","R","B",null],"character_chosen":"DEFECT","items_purchased":["Metamorphosis","Go for the Eyes"],"campfire_rested":4,"item_purchase_floors":[30,30],"current_hp_per_floor":[52,52,48,41,25,47,49,49,49,55,55,63,67,69,69,47,68,70,70,75,59,56,56,63,63,63,48,70,70,70,70,70,64,72,53,59,59,38,38,60,56,56,56,56,52,48,48,48,71,41],"gold":0,"neow_bonus":"RANDOM_COMMON_RELIC","is_prod":false,"is_daily":false,"chose_seed":false,"campfire_upgraded":7,"win_rate":0,"timestamp":1541880577,"path_taken":["M","?","M","?","M","R","M","R","T","M","?","?","M","M","R","BOSS","M","?","?","?","M","R","M","R","T","?","R","?","$","?","R","BOSS","M","?","?","?","$","R","E","R","T","R","M","E","?","?","R","BOSS"],"build_version":"2018-11-08","purchased_purges":2,"victory":true,"max_hp_per_floor":[75,75,75,75,75,75,75,75,75,75,75,75,75,75,75,75,75,75,75,75,75,75,75,75,75,75,75,75,75,75,75,75,75,75,75,75,75,75,75,75,75,75,75,75,75,77,77,77,77,77],"card_choices":[{"not_picked":["Steam Power","Steam"],"picked":"Cold Snap","floor":1},{"not_picked":["Gash","Streamline"],"picked":"Genetic Algorithm","floor":3},{"not_picked":["Hello World","Hyperbeam"],"picked":"Steam","floor":4},{"not_picked":["Doom and Gloom","Gash"],"picked":"Self Repair","floor":5},{"not_picked":["Recycle","Doom and Gloom"],"picked":"Conserve Battery","floor":7},{"not_picked":["Hologram","Beam Cell"],"picked":"Ball Lightning","floor":10},{"not_picked":["Hello World","Conserve Battery"],"picked":"Chill","floor":12},{"not_picked":["Heatsinks","Turbo","Steam Power"],"picked":"SKIP","floor":13},{"not_picked":["Static Discharge","Multi-Cast"],"picked":"Coolheaded","floor":14},{"not_picked":["Biased Cognition","Meteor Strike"],"picked":"Creative AI","floor":16},{"not_picked":["Stack"],"picked":"SKIP","floor":18},{"not_picked":[],"picked":"Leap","floor":20},{"not_picked":["Sweeping Beam+1"],"picked":"SKIP","floor":22},{"not_picked":["Barrage"],"picked":"SKIP","floor":24},{"not_picked":[],"picked":"Amplify","floor":33},{"not_picked":["Sweeping Beam"],"picked":"SKIP","floor":35},{"not_picked":["Tempest"],"picked":"SKIP","floor":36},{"not_picked":[],"picked":"Double Energy+1","floor":38},{"not_picked":[],"picked":"Chill","floor":41},{"not_picked":["Hologram"],"picked":"SKIP","floor":45},{"not_picked":["Ball Lightning+1"],"picked":"Singing Bowl","floor":46}],"player_experience":494987,"relics_obtained":[{"floor":9,"key":"Bottled Flame"},{"floor":21,"key":"Nilry\u0027s Codex"},{"floor":26,"key":"Happy Flower"},{"floor":29,"key":"Ornamental Fan"},{"floor":41,"key":"Bird Faced Urn"},{"floor":43,"key":"Symbiotic Virus"},{"floor":46,"key":"Singing Bowl"},{"floor":47,"key":"Lantern"}],"event_choices":[{"cards_removed":["Defend_B"],"damage_healed":0,"gold_gain":0,"player_choice":"Purged","damage_taken":0,"max_hp_gain":0,"max_hp_loss":0,"event_name":"Purifier","floor":2,"gold_loss":0},{"damage_healed":0,"gold_gain":0,"player_choice":"Gave Potion","damage_taken":0,"relics_obtained":["Blood Vial"],"max_hp_gain":0,"max_hp_loss":0,"event_name":"WeMeetAgain","floor":11,"gold_loss":0},{"damage_healed":0,"gold_gain":0,"cards_transformed":["Strike_B","Defend_B"],"player_choice":"Transformed Cards","damage_taken":0,"max_hp_gain":0,"max_hp_loss":0,"event_name":"Designer","floor":19,"gold_loss":60,"cards_obtained":["Machine Learning","Go for the Eyes"]},{"damage_healed":0,"gold_gain":0,"player_choice":"Obtained Book","damage_taken":16,"max_hp_gain":0,"max_hp_loss":0,"event_name":"Cursed Tome","floor":21,"gold_loss":0},{"damage_healed":0,"gold_gain":0,"player_choice":"Fight","damage_taken":0,"max_hp_gain":0,"max_hp_loss":0,"event_name":"Colosseum","floor":27,"gold_loss":0},{"damage_healed":0,"gold_gain":0,"player_choice":"Fled From Nobs","damage_taken":0,"max_hp_gain":0,"max_hp_loss":0,"event_name":"Colosseum","floor":27,"gold_loss":0},{"cards_removed":["Strike_B"],"damage_healed":0,"gold_gain":0,"player_choice":"Purged","damage_taken":0,"max_hp_gain":0,"max_hp_loss":0,"event_name":"Purifier","floor":31,"gold_loss":0},{"damage_healed":0,"gold_gain":0,"player_choice":"Forge","damage_taken":0,"max_hp_gain":0,"max_hp_loss":0,"event_name":"Accursed Blacksmith","floor":37,"gold_loss":0,"cards_upgraded":["Go for the Eyes"]},{"damage_healed":0,"gold_gain":0,"player_choice":"Paid","damage_taken":0,"relics_obtained":["Red Mask"],"max_hp_gain":0,"max_hp_loss":0,"event_name":"Tomb of Lord Red Mask","floor":48,"gold_loss":217}],"is_beta":false,"boss_relics":[{"not_picked":["Empty Cage","White Beast Statue"],"picked":"Busted Crown"},{"not_picked":["Philosopher\u0027s Stone","Runic Dome"],"picked":"Snecko Eye"}],"items_purged_floors":[30,39],"is_endless":false,"potions_floor_spawned":[3,7,10,13,20,27,35,38,45,46],"ascension_level":8}