{"gold_per_floor":[17,17,28,28,28,28,28,38,38,38,53,53,67,141,141,236,236,253,253,253,241,111,111,129,129,129,144,170,170,270,270,270,366,366,383,33,44,44,94,94,0,0,0,20,33,33,48,68,68,68],"floor_reached":51,"playtime":1803,"items_purged":["Strike_B","Writhe"],"score":680,"play_id":"18792191-c8c4-4c03-a500-c07fd1266a04","local_time":"20180831162716","is_ascension_mode":false,"campfire_choices":[{"data":"Defragment","floor":6,"key":"SMITH"},{"data":"Dualcast","floor":12,"key":"SMITH"},{"data":"Defragment","floor":15,"key":"SMITH"},{"data":"Capacitor","floor":23,"key":"SMITH"},{"data":"Redo","floor":25,"key":"SMITH"},{"data":"1","floor":29,"key":"LIFT"},{"floor":32,"key":"REST"},{"data":"2","floor":46,"key":"LIFT"},{"floor":49,"key":"REST"}],"neow_cost":"NO_GOLD","seed_source_timestamp":71004790080809,"circlet_count":0,"master_deck":["Defend_B","Defend_B","Defend_B","Zap+1","Dualcast+1","All For One+1","Go for the Eyes+1","Defragment+1","Gash","Defragment+1","All For One","Go for the Eyes+1","Coolheaded+1","Capacitor+1","Go for the Eyes","Redo+1","Steam","FTL+1","Thunder Strike+1","Glacier+1","Beam Cell+1","Self Repair","Stack","Cold Snap+1","White Noise+1"],"relics":["Cracked Core","Girya","Bottled Flame","The Courier","Empty Cage","Darkstone Periapt","Du-Vu Doll","Molten Egg 2","Vajra","Busted Crown","ClockworkSouvenir","Whetstone","Red Mask","Cables"],"potions_floor_usage":[24,33,50,50],"damage_taken":[{"damage":1,"enemies":"Cultist","floor":1,"turns":3},{"damage":0,"enemies":"Small Slimes","floor":3,"turns":2},{"damage":0,"enemies":"2 Louse","floor":8,"turns":2},{"damage":7,"enemies":"Large Slime","floor":11,"turns":4},{"damage":2,"enemies":"Exordium Wildlife","floor":13,"turns":3},{"damage":35,"enemies":"Slime Boss","floor":16,"turns":8},{"damage":5,"enemies":"Chosen","floor":18,"turns":4},{"damage":19,"enemies":"2 Thieves","floor":21,"turns":4},{"damage":21,"enemies":"Snake Plant","floor":24,"turns":3},{"damage":15,"enemies":"Snecko","floor":27,"turns":6},{"damage":13,"enemies":"Book of Stabbing","floor":28,"turns":5},{"damage":25,"enemies":"Champ","floor":33,"turns":9},{"damage":5,"enemies":"3 Darklings","floor":35,"turns":5},{"damage":21,"enemies":"Orb Walker","floor":37,"turns":4},{"damage":0,"enemies":"Transient","floor":44,"turns":5},{"damage":0,"enemies":"Spire Growth","floor":45,"turns":3},{"damage":6,"enemies":"Sphere and 2 Shapes","floor":47,"turns":4},{"damage":37,"enemies":"Reptomancer","floor":48,"turns":4},{"damage":41,"enemies":"Time Eater","floor":50,"turns":11}],"seed_played":"5082333403582123629","potions_obtained":[{"floor":1,"key":"FearPotion"},{"floor":8,"key":"Regen Potion"},{"floor":13,"key":"GamblersBrew"},{"floor":27,"key":"Strength Potion"},{"floor":31,"key":"SmokeBomb"},{"floor":31,"key":"Regen Potion"},{"floor":31,"key":"SmokeBomb"},{"floor":33,"key":"SteroidPotion"},{"floor":45,"key":"EssenceOfSteel"}],"is_trial":false,"path_per_floor":["M","?","M","?","?","R","$","M","T","?","M","R","M","T","R","B",null,"M","?","?","M","$","R","M","R","T","M","E","R","?","?","R","B",null,"M","$","M","$","T","?","?","$","T","M","M","R","M","M","R","B"],"character_chosen":"DEFECT","items_purchased":["Capacitor","Go for the Eyes","Beam Cell+1","Self Repair","ClockworkSouvenir"],"campfire_rested":2,"item_purchase_floors":[22,22,36,36,36],"current_hp_per_floor":[74,74,74,74,67,67,67,67,67,60,53,53,51,51,51,16,75,70,70,76,57,57,57,45,45,45,30,17,17,17,17,41,31,81,76,76,62,62,62,62,62,62,62,69,76,76,77,47,71,37],"gold":68,"neow_bonus":"THREE_RARE_CARDS","is_prod":false,"is_daily":false,"chose_seed":false,"campfire_upgraded":5,"win_rate":0,"timestamp":1535700436,"path_taken":["M","?","M","?","?","R","?","?","T","?","M","R","M","?","R","BOSS","M","?","?","?","$","R","M","R","T","M","E","R","?","?","R","BOSS","M","$","M","?","?","?","?","?","T","M","M","R","M","M","R","BOSS"],"build_version":"2018-08-30","purchased_purges":2,"victory":true,"max_hp_per_floor":[75,75,75,75,75,75,75,75,75,75,75,75,75,75,75,75,75,75,75,81,81,81,81,81,81,81,81,81,81,81,81,81,81,81,81,81,81,81,81,81,81,81,81,81,81,81,81,81,81,81],"card_choices":[{"not_picked":["Electrodynamics","Hyperbeam"],"picked":"All For One","floor":0},{"not_picked":["Lockon","Turbo"],"picked":"Go for the Eyes","floor":1},{"not_picked":["Auto Shields","Steam Power"],"picked":"Defragment","floor":3},{"not_picked":["Barrage","Beam Cell"],"picked":"Gash","floor":8},{"not_picked":["Skim","Cold Snap"],"picked":"Steam","floor":11},{"not_picked":["Steam","Redo"],"picked":"Defragment","floor":13},{"not_picked":["Machine Learning","Meteor Strike"],"picked":"All For One","floor":16},{"not_picked":["Blizzard+1","Rebound+1"],"picked":"Go for the Eyes+1","floor":18},{"not_picked":["Recycle","Rebound+1"],"picked":"Coolheaded+1","floor":21},{"not_picked":["Cold Snap","Static Discharge"],"picked":"Redo","floor":24},{"not_picked":["Reinforced Body+1","Streamline+1"],"picked":"Steam","floor":27},{"not_picked":["Darkness","Coolheaded+1"],"picked":"FTL+1","floor":28},{"not_picked":["Hyperbeam+1","Fission"],"picked":"Thunder Strike+1","floor":33},{"not_picked":[],"picked":"Glacier+1","floor":35},{"not_picked":[],"picked":"Stack","floor":37},{"not_picked":[],"picked":"Cold Snap+1","floor":44},{"not_picked":["Compile Driver+1"],"picked":"SKIP","floor":45},{"not_picked":["Sweeping Beam+1"],"picked":"SKIP","floor":47},{"not_picked":[],"picked":"White Noise+1","floor":48}],"player_experience":374956,"relics_obtained":[{"floor":9,"key":"Bottled Flame"},{"floor":14,"key":"The Courier"},{"floor":19,"key":"Darkstone Periapt"},{"floor":26,"key":"Molten Egg 2"},{"floor":28,"key":"Vajra"},{"floor":39,"key":"Whetstone"},{"floor":43,"key":"Cables"}],"event_choices":[{"event_name":"Living Wall","player_choice":"Forget","floor":2,"damage_taken":0},{"event_name":"Accursed Blacksmith","player_choice":"Forge","floor":4,"damage_taken":0},{"event_name":"Scrap Ooze","player_choice":"success","floor":5,"damage_taken":7},{"event_name":"Golden Wing","player_choice":"Card Removal","floor":10,"damage_taken":0},{"event_name":"Wheel of Change","player_choice":"Relic","floor":19,"damage_taken":0},{"event_name":"The Mausoleum","player_choice":"Yes","floor":20,"damage_taken":0},{"event_name":"Golden Shrine","player_choice":"Pray","floor":30,"damage_taken":0},{"event_name":"The Lab","player_choice":"Got Potions","floor":31,"damage_taken":0},{"event_name":"Falling","player_choice":"Removed Skill","floor":40,"damage_taken":0},{"event_name":"Tomb of Lord Red Mask","player_choice":"Paid","floor":41,"damage_taken":0}],"is_beta":true,"boss_relics":[{"not_picked":["Astrolabe","White Beast Statue"],"picked":"Empty Cage"},{"not_picked":["Velvet Choker","Black Star"],"picked":"Busted Crown"}],"items_purged_floors":[22,36],"is_endless":false,"potions_floor_spawned":[1,8,13,27,28,33,37,44,45],"ascension_level":0}