{"gold_per_floor":[109,109,127,52,52,92,104,116,153,165,192,204,234,264,276,384,396,419,448,460,120,140,140,155,172,196,213,513,612,625,625,625,727,727,741,27,37,37,37,37,37,37,37,51,51,51,64,98,98,98,98,98,6,6],"floor_reached":54,"playtime":2517,"items_purged":["Strike_G","Regret","Normality"],"score":742,"play_id":"70c09338-f6c6-4fda-8eb0-620d0b4cddaa","local_time":"20181211203252","is_ascension_mode":false,"campfire_choices":[{"data":"Cloak And Dagger","floor":8,"key":"SMITH"},{"data":"Cloak And Dagger","floor":10,"key":"SMITH"},{"data":"Noxious Fumes","floor":12,"key":"SMITH"},{"data":"Neutralize","floor":15,"key":"SMITH"},{"data":"Dodge and Roll","floor":23,"key":"SMITH"},{"data":"Envenom","floor":32,"key":"SMITH"},{"floor":40,"key":"RECALL"}],"neow_cost":"NONE","seed_source_timestamp":1054044377712866,"circlet_count":0,"master_deck":["Defend_G+1","Defend_G+1","Defend_G+1","Defend_G+1","Defend_G+1","Strike_G+1","Strike_G+1","Survivor+1","Neutralize+1","Cloak And Dagger+1","Noxious Fumes+1","Cloak And Dagger+1","Dodge and Roll+1","Infinite Blades+1","Envenom+1","Cloak And Dagger+1","Prepared+1","Underhanded Strike+1","PiercingWail+1","Bouncing Flask+1","Deadly Poison+1","Distraction+1","A Thousand Cuts+1","Writhe","Injury","Backflip+1","Well Laid Plans+1","Accuracy+1","Well Laid Plans+1","Well Laid Plans+1","After Image+1","Accuracy+1","Leg Sweep+1","Discovery+1","Backflip+1","Cloak And Dagger+1","PiercingWail+1","Crippling Poison+1"],"relics":["Ring of the Snake","NeowsBlessing","MawBank","Bottled Tornado","Lantern","Coffee Dripper","Toxic Egg 2","Ancient Tea Set","Old Coin","Enchiridion","Calling Bell","Anchor","The Courier","Tingsha","Thread and Needle","Mark of the Bloom","Meat on the Bone","Du-Vu Doll"],"potions_floor_usage":[54],"damage_taken":[{"damage":0,"enemies":"Small Slimes","floor":1,"turns":1},{"damage":0,"enemies":"Cultist","floor":3,"turns":1},{"damage":0,"enemies":"3 Sentries","floor":6,"turns":1},{"damage":0,"enemies":"2 Louse","floor":11,"turns":2},{"damage":0,"enemies":"Exordium Wildlife","floor":13,"turns":4},{"damage":1,"enemies":"Looter","floor":14,"turns":4},{"damage":49,"enemies":"The Guardian","floor":16,"turns":11},{"damage":14,"enemies":"Chosen","floor":18,"turns":5},{"damage":1,"enemies":"3 Byrds","floor":19,"turns":5},{"damage":9,"enemies":"Snake Plant","floor":22,"turns":5},{"damage":3,"enemies":"Shelled Parasite and Fungi","floor":24,"turns":6},{"damage":0,"enemies":"Centurion and Healer","floor":25,"turns":7},{"damage":8,"enemies":"Snake Plant","floor":27,"turns":5},{"damage":6,"enemies":"Snecko","floor":30,"turns":4},{"damage":6,"enemies":"Champ","floor":33,"turns":11},{"damage":0,"enemies":"3 Shapes","floor":35,"turns":4},{"damage":10,"enemies":"3 Darklings","floor":37,"turns":5},{"damage":14,"enemies":"Spire Growth","floor":44,"turns":5},{"damage":0,"enemies":"Maw","floor":47,"turns":6},{"damage":3,"enemies":"Reptomancer","floor":48,"turns":6},{"damage":41,"enemies":"Awakened One","floor":50,"turns":10},{"damage":8,"enemies":"Shield and Spear","floor":54,"turns":2}],"seed_played":"7798658108322072404","potions_obtained":[{"floor":3,"key":"Fire Potion"},{"floor":11,"key":"PowerPotion"},{"floor":13,"key":"Regen Potion"},{"floor":27,"key":"FairyPotion"},{"floor":47,"key":"LiquidBronze"}],"is_trial":false,"path_per_floor":["M","?","M","$","?","E","$","R","T","R","M","R","M","M","R","B",null,"M","M","?","$","M","R","M","M","T","M","?","?","M","?","R","B",null,"M","$","M","?","?","R","?","T","T","M","R","$","M","E","R","B",null,"R","$","E"],"character_chosen":"THE_SILENT","items_purchased":["Toxic Egg 2","Thread and Needle","Well Laid Plans","Accuracy","Well Laid Plans","Well Laid Plans","After Image","Accuracy","PiercingWail+1","Crippling Poison+1"],"campfire_rested":0,"item_purchase_floors":[21,36,36,36,36,36,36,36,53,53],"current_hp_per_floor":[70,70,70,70,70,70,70,70,70,70,70,70,70,69,69,20,70,56,55,55,55,46,46,43,43,43,35,35,35,29,13,13,7,70,70,70,60,60,60,60,60,60,60,46,46,46,46,43,43,2,2,2,2,0],"gold":6,"neow_bonus":"THREE_ENEMY_KILL","is_prod":false,"is_daily":false,"chose_seed":false,"campfire_upgraded":6,"win_rate":0,"timestamp":1544527972,"path_taken":["M","?","M","?","?","E","$","R","T","R","M","R","M","M","R","BOSS","M","M","?","$","M","R","M","M","T","M","?","?","M","?","R","BOSS","M","$","M","?","?","R","?","?","T","M","R","$","M","E","R","BOSS","R","$","E"],"build_version":"2018-12-06","purchased_purges":3,"victory":false,"max_hp_per_floor":[70,70,70,70,70,70,70,70,70,70,70,70,70,70,70,70,70,70,70,70,70,70,70,70,70,70,70,70,70,70,70,70,70,70,70,70,70,70,70,70,70,70,70,70,70,70,70,70,70,70,70,70,70,70],"card_choices":[{"not_picked":["Blade Dance","Tactician"],"picked":"Cloak And Dagger","floor":1},{"not_picked":["Deflect","Outmaneuver"],"picked":"Noxious Fumes","floor":3},{"not_picked":["Escape Plan","Calculated Gamble"],"picked":"Cloak And Dagger","floor":6},{"not_picked":["Flying Knee","Acrobatics"],"picked":"Dodge and Roll","floor":11},{"not_picked":["Blade Dance","Poisoned Stab"],"picked":"Infinite Blades","floor":13},{"not_picked":["Dagger Spray","Deflect","Dodge and Roll"],"picked":"SKIP","floor":14},{"not_picked":["A Thousand Cuts","Venomology"],"picked":"Envenom","floor":16},{"not_picked":["Bane+1","Distraction"],"picked":"Cloak And Dagger+1","floor":18},{"not_picked":["Poisoned Stab+1","Outmaneuver","Endless Agony"],"picked":"SKIP","floor":19},{"not_picked":["Flechettes","All Out Attack"],"picked":"Predator","floor":22},{"not_picked":["Poisoned Stab","Underhanded Strike+1"],"picked":"PiercingWail+1","floor":24},{"not_picked":["Deflect+1","Acrobatics+1"],"picked":"Bouncing Flask+1","floor":25},{"not_picked":["Blade Dance+1","Masterful Stab+1"],"picked":"Deadly Poison+1","floor":27},{"not_picked":["Quick Slash","Dodge and Roll+1"],"picked":"Distraction+1","floor":30},{"not_picked":["Grand Finale","Bullet Time+1"],"picked":"A Thousand Cuts","floor":33},{"not_picked":["Quick Slash","Acrobatics+1"],"picked":"Backflip+1","floor":35},{"not_picked":["All Out Attack+1","Blade Dance+1"],"picked":"Leg Sweep+1","floor":37},{"not_picked":["Trip+1","Good Instincts+1"],"picked":"Discovery+1","floor":39},{"not_picked":["Deadly Poison+1","Backstab"],"picked":"Backflip+1","floor":44},{"not_picked":["Blade Dance+1","All Out Attack","Skewer"],"picked":"SKIP","floor":47},{"not_picked":["Riddle With Holes","Backflip+1"],"picked":"Cloak And Dagger+1","floor":48}],"player_experience":611644,"relics_obtained":[{"floor":6,"key":"Bottled Tornado"},{"floor":9,"key":"Lantern"},{"floor":26,"key":"Ancient Tea Set"},{"floor":31,"key":"Enchiridion"},{"floor":34,"key":"Anchor"},{"floor":34,"key":"The Courier"},{"floor":34,"key":"Tingsha"},{"floor":43,"key":"Meat on the Bone"},{"floor":48,"key":"Du-Vu Doll"}],"event_choices":[{"damage_healed":0,"gold_gain":0,"player_choice":"Ignored","damage_taken":0,"max_hp_gain":0,"max_hp_loss":0,"event_name":"NoteForYourself","floor":2,"gold_loss":0},{"damage_healed":0,"gold_gain":0,"player_choice":"Box","damage_taken":0,"relics_obtained":["MawBank"],"max_hp_gain":0,"max_hp_loss":0,"event_name":"Big Fish","floor":5,"gold_loss":0,"cards_obtained":["Regret"]},{"damage_healed":0,"gold_gain":0,"cards_transformed":["Strike_G","Strike_G"],"player_choice":"Became Test Subject","damage_taken":0,"max_hp_gain":0,"max_hp_loss":0,"event_name":"Drug Dealer","floor":20,"gold_loss":0,"cards_obtained":["Prepared","Underhanded Strike"]},{"damage_healed":0,"gold_gain":0,"player_choice":"Opened","damage_taken":0,"relics_obtained":["Old Coin"],"max_hp_gain":0,"max_hp_loss":0,"event_name":"The Mausoleum","floor":28,"gold_loss":0},{"damage_healed":0,"gold_gain":99,"player_choice":"Stole From Cult","damage_taken":0,"max_hp_gain":0,"max_hp_loss":0,"event_name":"Nest","floor":29,"gold_loss":0},{"damage_healed":0,"gold_gain":0,"player_choice":"Obtained Book","damage_taken":16,"max_hp_gain":0,"max_hp_loss":0,"event_name":"Cursed Tome","floor":31,"gold_loss":0},{"damage_healed":0,"gold_gain":0,"player_choice":"Upgrade","damage_taken":0,"relics_obtained":["Mark of the Bloom"],"max_hp_gain":0,"max_hp_loss":0,"event_name":"MindBloom","floor":38,"gold_loss":0,"cards_upgraded":["Defend_G","Defend_G","Defend_G","Defend_G","Defend_G","Strike_G","Strike_G","Survivor","Infinite Blades","Prepared","Underhanded Strike","Predator","A Thousand Cuts","Well Laid Plans","Accuracy","Well Laid Plans","Well Laid Plans","After Image","Accuracy"]},{"damage_healed":0,"gold_gain":0,"player_choice":"Memory 1","damage_taken":0,"max_hp_gain":0,"max_hp_loss":0,"event_name":"SensoryStone","floor":39,"gold_loss":0},{"cards_removed":["Predator"],"damage_healed":0,"gold_gain":0,"player_choice":"Removed Attack","damage_taken":0,"max_hp_gain":0,"max_hp_loss":0,"event_name":"Falling","floor":41,"gold_loss":0}],"is_beta":false,"boss_relics":[{"not_picked":["WristBlade","Snecko Eye"],"picked":"Coffee Dripper"},{"not_picked":["Runic Dome","Black Star"],"picked":"Calling Bell"}],"items_purged_floors":[4,21,36],"is_endless":false,"potions_floor_spawned":[3,11,13,14,19,25,27,30,33,37,44,47],"killed_by":"Shield and Spear","ascension_level":0}