{"gold_per_floor":[11,26,26,26,47,47,91,91,137,180,180,200,200,215,215,343,406,424,31,54,153,153,187,187],"floor_reached":24,"playtime":1513,"items_purged":[],"score":224,"play_id":"1afc2811-9023-4bda-b903-7b7e344037e6","local_time":"20190115221027","is_ascension_mode":false,"campfire_choices":[{"data":"Tools of the Trade","floor":6,"key":"SMITH"},{"floor":8,"key":"REST"},{"data":"Neutralize","floor":13,"key":"SMITH"},{"floor":15,"key":"REST"}],"neow_cost":"NO_GOLD","seed_source_timestamp":1196691262700573,"circlet_count":0,"master_deck":["Defend_G","Defend_G","Defend_G","Defend_G","Defend_G","Strike_G+1","Strike_G+1","Strike_G","Strike_G+1","Survivor","Neutralize+1","Tools of the Trade+1","Catalyst","Flying Knee","Injury","Crippling Poison","Bane","Outmaneuver+1","Escape Plan+1","Blur+1","Phantasmal Killer+1","Infinite Blades","Noxious Fumes","Escape Plan+1","Bane","Deadly Poison+1","Bouncing Flask+1"],"relics":["Ring of the Snake","Golden Idol","Bag of Marbles","Snake Skull","Toxic Egg 2","FaceOfCleric","Tiny House","Membership Card","Ice Cream","Dream Catcher"],"potions_floor_usage":[],"damage_taken":[{"damage":2,"enemies":"Small Slimes","floor":1,"turns":4},{"damage":3,"enemies":"Cultist","floor":2,"turns":6},{"damage":0,"enemies":"Jaw Worm","floor":5,"turns":4},{"damage":26,"enemies":"Gremlin Nob","floor":7,"turns":5},{"damage":21,"enemies":"Lagavulin","floor":10,"turns":5},{"damage":3,"enemies":"Red Slaver","floor":12,"turns":3},{"damage":6,"enemies":"Lots of Slimes","floor":14,"turns":3},{"damage":38,"enemies":"The Guardian","floor":16,"turns":16},{"damage":17,"enemies":"3 Byrds","floor":18,"turns":5},{"damage":11,"enemies":"Shell Parasite","floor":20,"turns":6},{"damage":59,"enemies":"Slavers","floor":23,"turns":6},{"damage":11,"enemies":"Chosen and Byrds","floor":24,"turns":4}],"seed_played":"-6181435152813621780","potions_obtained":[{"floor":1,"key":"PowerPotion"},{"floor":2,"key":"EssenceOfSteel"},{"floor":12,"key":"FairyPotion"},{"floor":23,"key":"PowerPotion"}],"is_trial":false,"path_per_floor":["M","M","?","?","M","R","E","R","T","E","?","M","R","M","R","B",null,"M","$","M","?","?","E","M"],"character_chosen":"THE_SILENT","items_purchased":["Membership Card","Ice Cream","Escape Plan+1","Bane"],"campfire_rested":2,"item_purchase_floors":[19,19,19,19],"current_hp_per_floor":[68,65,51,51,51,51,25,46,46,25,25,23,23,18,39,2,78,62,62,52,52,52,9,0],"gold":187,"neow_bonus":"THREE_RARE_CARDS","is_prod":false,"is_daily":false,"chose_seed":false,"campfire_upgraded":2,"win_rate":0.0,"timestamp":1547586627,"path_taken":["M","M","?","?","M","R","E","R","T","E","?","M","R","?","R","BOSS","M","$","M","?","?","E","M"],"build_version":"2019-01-10","purchased_purges":0,"victory":false,"max_hp_per_floor":[70,70,70,70,70,70,70,70,70,70,70,71,71,72,72,73,78,79,79,80,80,80,81,81],"card_choices":[{"not_picked":["After Image","Corpse Explosion"],"picked":"Tools of the Trade","floor":0},{"not_picked":["Deadly Poison","Cloak And Dagger"],"picked":"Catalyst","floor":1},{"not_picked":["Deflect","Riddle With Holes"],"picked":"Flying Knee","floor":2},{"not_picked":["Sucker Punch","Prepared"],"picked":"Crippling Poison","floor":5},{"not_picked":["Accuracy","Blade Dance"],"picked":"Bane","floor":7},{"not_picked":["Caltrops","Quick Slash"],"picked":"Outmaneuver","floor":10},{"not_picked":["Dagger Throw","Sucker Punch"],"picked":"Escape Plan+1","floor":12},{"not_picked":["Caltrops","Unload"],"picked":"Blur+1","floor":14},{"not_picked":["Tools of the Trade","A Thousand Cuts"],"picked":"Phantasmal Killer+1","floor":16},{"not_picked":["Backstab","Sucker Punch"],"picked":"Infinite Blades","floor":17},{"not_picked":["Distraction+1","Escape Plan+1"],"picked":"Noxious Fumes","floor":18},{"not_picked":["Slice","Dagger Spray"],"picked":"Deadly Poison+1","floor":20},{"not_picked":["Acrobatics+1","Deadly Poison+1"],"picked":"Bouncing Flask+1","floor":23}],"player_experience":186195,"relics_obtained":[{"floor":7,"key":"Bag of Marbles"},{"floor":9,"key":"Snake Skull"},{"floor":10,"key":"Toxic Egg 2"},{"floor":23,"key":"Dream Catcher"}],"event_choices":[{"damage_healed":0,"gold_gain":0,"player_choice":"Entered Light","damage_taken":14,"max_hp_gain":0,"max_hp_loss":0,"event_name":"Shining Light","floor":3,"gold_loss":0,"cards_upgraded":["Strike_G","Strike_G"]},{"damage_healed":0,"gold_gain":0,"player_choice":"Take Wound","damage_taken":0,"relics_obtained":["Golden Idol"],"max_hp_gain":0,"max_hp_loss":0,"event_name":"Golden Idol","floor":4,"gold_loss":0,"cards_obtained":["Injury"]},{"damage_healed":0,"gold_gain":0,"player_choice":"Trade","damage_taken":0,"relics_obtained":["FaceOfCleric"],"max_hp_gain":0,"max_hp_loss":0,"event_name":"FaceTrader","floor":11,"gold_loss":0},{"damage_healed":0,"gold_gain":99,"player_choice":"Stole From Cult","damage_taken":0,"max_hp_gain":0,"max_hp_loss":0,"event_name":"Nest","floor":21,"gold_loss":0},{"cards_removed":["Strike_G"],"damage_healed":0,"gold_gain":0,"player_choice":"Purged","damage_taken":0,"max_hp_gain":0,"max_hp_loss":0,"event_name":"Purifier","floor":22,"gold_loss":0}],"is_beta":false,"boss_relics":[{"not_picked":["Black Star","Eternal Feather"],"picked":"Tiny House"}],"items_purged_floors":[],"is_endless":false,"potions_floor_spawned":[1,2,12,14,16,20,23],"killed_by":"Chosen and Byrds","ascension_level":0}