{"gold_per_floor":[119,194,194,215,215,215,246,271,271,6,30,49,49,93,93,222,222,236,257,282,300,300,300,343,343,343,343,368,368,368,11,11,131,131,151,219,234,234,234,234,250,250,295,295,328,352,23,47,47,47],"floor_reached":51,"playtime":3214,"items_purged":["Heel Hook"],"score":839,"play_id":"d2ad0bb6-88fc-4786-8100-7fa186419bfd","local_time":"20190107070318","is_ascension_mode":true,"campfire_choices":[{"floor":6,"key":"REST"},{"floor":13,"key":"REST"},{"data":"Accuracy","floor":15,"key":"SMITH"},{"floor":23,"key":"REST"},{"floor":27,"key":"REST"},{"data":"Blade Dance","floor":29,"key":"SMITH"},{"floor":32,"key":"REST"},{"data":"Mayhem","floor":40,"key":"SMITH"},{"data":"A Thousand Cuts","floor":42,"key":"SMITH"},{"data":"Terror","floor":44,"key":"SMITH"},{"data":"Finisher","floor":49,"key":"SMITH"}],"neow_cost":"NONE","seed_source_timestamp":1067921959424693,"circlet_count":0,"master_deck":["Defend_G+1","Defend_G+1","Defend_G+1","Defend_G+1","Defend_G+1","Strike_G+1","Strike_G+1","Strike_G+1","Survivor+1","Neutralize","Cloak And Dagger","Terror+1","Blade Dance+1","Flying Knee","Noxious Fumes","Unload","Accuracy+1","Die Die Die","Dagger Throw","Infinite Blades","Sucker Punch+1","Ghostly","Ghostly+1","Ghostly","Ghostly","Ghostly","Blade Dance+1","Noxious Fumes","A Thousand Cuts+1","Accuracy+1","Noxious Fumes+1","Mayhem+1","Regret","Finisher+1","Bandage Up","Parasite","PiercingWail+1"],"relics":["Ring of the Snake","NeowsBlessing","Golden Idol","Sundial","Lantern","Strange Spoon","Ornamental Fan","Empty Cage","Vajra","War Paint","Centennial Puzzle","MutagenicStrength","Ninja Scroll","Cursed Key","Ginger","PreservedInsect","Dream Catcher","Pantograph"],"potions_floor_usage":[14,20,33,33,33,36,41,50,50],"damage_taken":[{"damage":0,"enemies":"Small Slimes","floor":1,"turns":1},{"damage":0,"enemies":"2 Louse","floor":4,"turns":1},{"damage":0,"enemies":"3 Sentries","floor":7,"turns":1},{"damage":0,"enemies":"Jaw Worm","floor":8,"turns":5},{"damage":1,"enemies":"Gremlin Gang","floor":11,"turns":5},{"damage":3,"enemies":"Lots of Slimes","floor":12,"turns":4},{"damage":4,"enemies":"Gremlin Nob","floor":14,"turns":3},{"damage":24,"enemies":"The Guardian","floor":16,"turns":9},{"damage":14,"enemies":"Spheric Guardian","floor":18,"turns":4},{"damage":15,"enemies":"Shell Parasite","floor":19,"turns":4},{"damage":0,"enemies":"3 Cultists","floor":20,"turns":5},{"damage":11,"enemies":"Centurion and Healer","floor":21,"turns":6},{"damage":24,"enemies":"Book of Stabbing","floor":24,"turns":7},{"damage":0,"enemies":"Champ","floor":33,"turns":12},{"damage":0,"enemies":"3 Darklings","floor":35,"turns":4},{"damage":3,"enemies":"2 Orb Walkers","floor":36,"turns":5},{"damage":0,"enemies":"Orb Walker","floor":37,"turns":1},{"damage":1,"enemies":"Transient","floor":41,"turns":5},{"damage":4,"enemies":"Nemesis","floor":45,"turns":5},{"damage":0,"enemies":"Sphere and 2 Shapes","floor":46,"turns":3},{"damage":3,"enemies":"Writhing Mass","floor":48,"turns":5},{"damage":29,"enemies":"Donu and Deca","floor":50,"turns":9}],"seed_played":"2567006682645223211","potions_obtained":[{"floor":7,"key":"EssenceOfSteel"},{"floor":8,"key":"Ancient Potion"},{"floor":16,"key":"AttackPotion"},{"floor":18,"key":"Ancient Potion"},{"floor":24,"key":"Weak Potion"},{"floor":33,"key":"SteroidPotion"},{"floor":35,"key":"Explosive Potion"},{"floor":45,"key":"Energy Potion"},{"floor":48,"key":"Weak Potion"}],"is_trial":false,"path_per_floor":["M","?","?","M","?","R","E","M","T","$","M","M","R","E","R","B",null,"M","M","M","M","?","R","E","?","T","R","T","R","?","$","R","B",null,"M","?","M","?","?","R","M","R","T","R","E","M","$","M","R","B",null],"character_chosen":"THE_SILENT","items_purchased":["Strange Spoon","Noxious Fumes","Ninja Scroll","Noxious Fumes","Pantograph","Bandage Up"],"campfire_rested":5,"item_purchase_floors":[10,10,31,31,47,47],"current_hp_per_floor":[70,59,42,42,28,49,49,49,49,49,48,45,66,62,62,38,70,56,41,41,30,30,35,11,11,11,21,21,21,21,21,31,31,35,35,32,32,32,32,32,31,31,31,31,27,27,27,28,28,10],"gold":47,"neow_bonus":"THREE_ENEMY_KILL","is_prod":false,"is_daily":false,"chose_seed":false,"campfire_upgraded":6,"win_rate":0,"timestamp":1546862598,"path_taken":["M","?","?","M","?","R","E","M","T","?","?","M","R","E","R","BOSS","M","M","?","?","?","R","E","?","T","R","?","R","?","$","R","BOSS","M","?","M","?","?","R","M","R","T","R","E","M","$","M","R","BOSS"],"build_version":"2019-01-03v4","purchased_purges":1,"victory":true,"max_hp_per_floor":[70,70,70,70,70,70,70,70,70,70,70,70,70,70,70,70,70,70,70,70,70,35,35,35,35,35,35,35,35,35,35,35,35,35,35,35,35,35,35,35,35,35,35,35,35,35,35,35,35,35],"card_choices":[{"not_picked":["Eviscerate","Masterful Stab"],"picked":"Cloak And Dagger","floor":1},{"not_picked":["Bane","PiercingWail"],"picked":"Terror","floor":4},{"not_picked":["Dagger Spray","Sucker Punch"],"picked":"Blade Dance","floor":7},{"not_picked":["Bane","Backflip"],"picked":"Flying Knee","floor":8},{"not_picked":["Concentrate","Slice"],"picked":"Unload","floor":11},{"not_picked":["Flechettes","Deadly Poison"],"picked":"Accuracy","floor":12},{"not_picked":["Terror","Leg Sweep","Escape Plan"],"picked":"SKIP","floor":14},{"not_picked":["Tools of the Trade","Night Terror"],"picked":"Die Die Die","floor":16},{"not_picked":["Dodge and Roll","Poisoned Stab"],"picked":"Dagger Throw","floor":18},{"not_picked":["Predator+1","Underhanded Strike"],"picked":"Infinite Blades","floor":19},{"not_picked":["Deflect","Bane+1"],"picked":"Sucker Punch+1","floor":20},{"not_picked":["Dodge and Roll","Slice"],"picked":"Heel Hook","floor":21},{"not_picked":["Calculated Gamble","Slice"],"picked":"Blade Dance+1","floor":24},{"not_picked":["Bullet Time","Storm of Steel"],"picked":"A Thousand Cuts","floor":33},{"not_picked":["Prepared","Slice+1","Deflect+1"],"picked":"SKIP","floor":35},{"not_picked":["Outmaneuver+1","Sucker Punch"],"picked":"Accuracy+1","floor":36},{"not_picked":["Dodge and Roll+1","Blur+1"],"picked":"Noxious Fumes+1","floor":37},{"not_picked":["Jack Of All Trades","Forethought"],"picked":"Mayhem","floor":39},{"not_picked":["Quick Slash+1","Concentrate+1","Escape Plan+1"],"picked":"SKIP","floor":41},{"not_picked":["Bane","Flying Knee+1"],"picked":"Finisher","floor":45},{"not_picked":["Deadly Poison","Choke+1","Sucker Punch"],"picked":"SKIP","floor":46},{"not_picked":["Blade Dance","Backstab+1"],"picked":"PiercingWail+1","floor":48}],"player_experience":164012,"relics_obtained":[{"floor":7,"key":"Sundial"},{"floor":9,"key":"Lantern"},{"floor":14,"key":"Ornamental Fan"},{"floor":24,"key":"Vajra"},{"floor":26,"key":"War Paint"},{"floor":28,"key":"Centennial Puzzle"},{"floor":36,"key":"Ginger"},{"floor":43,"key":"PreservedInsect"},{"floor":45,"key":"Dream Catcher"}],"event_choices":[{"damage_healed":0,"gold_gain":75,"player_choice":"Gather Gold","damage_taken":11,"max_hp_gain":0,"max_hp_loss":0,"event_name":"World of Goop","floor":2,"gold_loss":0},{"damage_healed":0,"gold_gain":0,"player_choice":"Take Damage","damage_taken":17,"relics_obtained":["Golden Idol"],"max_hp_gain":0,"max_hp_loss":0,"event_name":"Golden Idol","floor":3,"gold_loss":0},{"damage_healed":0,"gold_gain":0,"player_choice":"Entered Light","damage_taken":14,"max_hp_gain":0,"max_hp_loss":0,"event_name":"Shining Light","floor":5,"gold_loss":0,"cards_upgraded":["Defend_G","Defend_G"]},{"damage_healed":0,"gold_gain":0,"player_choice":"Became a Ghost","damage_taken":0,"max_hp_gain":0,"max_hp_loss":35,"event_name":"Ghosts","floor":22,"gold_loss":0,"cards_obtained":["Ghostly","Ghostly","Ghostly","Ghostly","Ghostly"]},{"damage_healed":0,"gold_gain":0,"player_choice":"Simplicity","damage_taken":0,"max_hp_gain":0,"max_hp_loss":0,"event_name":"Back to Basics","floor":25,"gold_loss":0,"cards_upgraded":["Defend_G","Defend_G","Defend_G","Strike_G","Strike_G","Strike_G"]},{"damage_healed":0,"gold_gain":0,"player_choice":"Inject Mutagens","damage_taken":0,"relics_obtained":["MutagenicStrength"],"max_hp_gain":0,"max_hp_loss":0,"event_name":"Drug Dealer","floor":30,"gold_loss":0},{"damage_healed":0,"gold_gain":0,"player_choice":"Fight","damage_taken":0,"max_hp_gain":0,"max_hp_loss":0,"event_name":"Mysterious Sphere","floor":36,"gold_loss":0},{"damage_healed":0,"gold_gain":0,"player_choice":"Ignored","damage_taken":0,"max_hp_gain":0,"max_hp_loss":0,"event_name":"Tomb of Lord Red Mask","floor":38,"gold_loss":0},{"damage_healed":0,"gold_gain":0,"player_choice":"Memory 1","damage_taken":0,"max_hp_gain":0,"max_hp_loss":0,"event_name":"SensoryStone","floor":39,"gold_loss":0}],"is_beta":false,"boss_relics":[{"not_picked":["Runic Pyramid","Coffee Dripper"],"picked":"Empty Cage"},{"not_picked":["Orrery","Black Star"],"picked":"Cursed Key"}],"items_purged_floors":[31],"is_endless":false,"potions_floor_spawned":[7,8,16,18,24,33,35,45,48],"ascension_level":1}