{"gold_per_floor":[12,32,32,46,46,46,67,90,114,114,149,174,215,238,238,363,363,378,399,440,215,240,240,263,263,287,212,212,177,177,202,202,330,330,344,677,677,260,482,482,482,482,482,511,528,547,547,560,560,560],"floor_reached":51,"playtime":2176,"items_purged":["Strike_B"],"score":926,"play_id":"c2102015-f0e9-4ad7-bed2-088a6e5d458f","local_time":"20180919154642","is_ascension_mode":true,"campfire_choices":[{"floor":6,"key":"REST"},{"floor":10,"key":"REST"},{"data":"Loop","floor":15,"key":"SMITH"},{"floor":23,"key":"REST"},{"data":"Fission","floor":25,"key":"SMITH"},{"data":"Loop","floor":28,"key":"SMITH"},{"floor":32,"key":"REST"},{"data":"Apotheosis","floor":40,"key":"SMITH"},{"data":"Buffer","floor":42,"key":"SMITH"},{"floor":47,"key":"REST"},{"floor":49,"key":"REST"}],"neow_cost":"NO_GOLD","seed_source_timestamp":49901521439360,"circlet_count":0,"master_deck":["Strike_B+1","Defend_B+1","Defend_B","Zap","Dualcast","Ball Lightning","Glacier","Loop+1","Force Field","Loop+1","Storm","Leap","Cold Snap","Fission+1","Doom and Gloom+1","Auto Shields+1","Storm+1","Storm","Chill","Stack","Double Energy","Storm","Beam Cell+1","Buffer+1","Hologram+1","Apotheosis+1","Loop","Ball Lightning","Chill+1","Steam+1","Chill+1"],"relics":["Cracked Core","Bird Faced Urn","Blood Vial","Vajra","Omamori","Art of War","Astrolabe","Red Mask","Oddly Smooth Stone","Bronze Scales","Nilry\u0027s Codex","Lizard Tail","Runic Capacitor","DataDisk","Matryoshka","Gremlin Horn"],"potions_floor_usage":[11,44,50,50],"damage_taken":[{"damage":6,"enemies":"2 Louse","floor":1,"turns":2},{"damage":7,"enemies":"Jaw Worm","floor":2,"turns":2},{"damage":0,"enemies":"Cultist","floor":4,"turns":3},{"damage":1,"enemies":"Blue Slaver","floor":7,"turns":4},{"damage":19,"enemies":"Exordium Thugs","floor":8,"turns":6},{"damage":14,"enemies":"Gremlin Nob","floor":11,"turns":6},{"damage":8,"enemies":"3 Sentries","floor":13,"turns":9},{"damage":1,"enemies":"3 Louse","floor":14,"turns":3},{"damage":30,"enemies":"Hexaghost","floor":16,"turns":11},{"damage":22,"enemies":"2 Thieves","floor":18,"turns":3},{"damage":0,"enemies":"Spheric Guardian","floor":19,"turns":3},{"damage":41,"enemies":"Masked Bandits","floor":20,"turns":4},{"damage":24,"enemies":"Shelled Parasite and Fungi","floor":22,"turns":5},{"damage":6,"enemies":"Sentry and Sphere","floor":24,"turns":5},{"damage":0,"enemies":"Chosen and Byrds","floor":31,"turns":4},{"damage":28,"enemies":"Automaton","floor":33,"turns":9},{"damage":6,"enemies":"Orb Walker","floor":35,"turns":3},{"damage":34,"enemies":"Nemesis","floor":44,"turns":3},{"damage":18,"enemies":"3 Darklings","floor":45,"turns":4},{"damage":24,"enemies":"4 Shapes","floor":46,"turns":4},{"damage":7,"enemies":"Jaw Worm Horde","floor":48,"turns":4},{"damage":25,"enemies":"Time Eater","floor":50,"turns":9}],"seed_played":"-5288343422705121191","potions_obtained":[{"floor":2,"key":"AttackPotion"},{"floor":4,"key":"SkillPotion"},{"floor":7,"key":"Swift Potion"},{"floor":14,"key":"Weak Potion"},{"floor":19,"key":"Dexterity Potion"},{"floor":46,"key":"Dexterity Potion"}],"is_trial":false,"path_per_floor":["M","M","?","M","?","R","M","M","T","R","E","T","E","M","R","B",null,"M","M","?","$","M","R","M","R","T","?","R","$","?","M","R","B",null,"M","?","?","$","?","R","?","R","T","E","M","M","R","M","R","B"],"character_chosen":"DEFECT","items_purchased":["Oddly Smooth Stone","Storm","Loop","Runic Capacitor","DataDisk"],"campfire_rested":6,"item_purchase_floors":[21,29,38,38,38],"current_hp_per_floor":[62,55,37,37,22,44,45,28,28,50,42,42,42,45,45,23,62,50,60,25,25,11,33,39,39,39,39,39,39,23,35,57,51,69,73,73,73,73,73,73,73,73,73,47,47,37,59,64,75,64],"gold":560,"neow_bonus":"ONE_RARE_RELIC","is_prod":false,"is_daily":false,"chose_seed":false,"campfire_upgraded":5,"win_rate":0,"timestamp":1537339602,"path_taken":["M","M","?","?","?","R","M","M","T","R","E","?","E","M","R","BOSS","M","?","?","$","M","R","M","R","T","?","R","$","?","M","R","BOSS","M","?","?","?","?","R","?","R","T","E","?","M","R","M","R","BOSS"],"build_version":"2018-09-18v2","purchased_purges":1,"victory":true,"max_hp_per_floor":[75,75,75,75,75,75,75,75,75,75,75,75,75,75,75,75,75,75,75,75,75,75,75,75,75,75,75,75,75,75,75,75,75,75,75,75,75,75,75,75,75,75,75,75,75,75,75,75,75,75],"card_choices":[{"not_picked":["Go for the Eyes","Barrage"],"picked":"Ball Lightning","floor":1},{"not_picked":["Coolheaded","Reboot"],"picked":"Glacier","floor":2},{"not_picked":["Sunder","Streamline"],"picked":"Loop","floor":4},{"not_picked":["Turbo","Lockon"],"picked":"Force Field","floor":7},{"not_picked":["Barrage","Turbo"],"picked":"Loop","floor":8},{"not_picked":["Melter","Streamline"],"picked":"Storm","floor":11},{"not_picked":["Gash","Streamline"],"picked":"Leap","floor":13},{"not_picked":["Chaos","Sweeping Beam"],"picked":"Cold Snap","floor":14},{"not_picked":["Rainbow","Buffer"],"picked":"Fission","floor":16},{"not_picked":["Compile Driver","Rebound"],"picked":"Storm","floor":18},{"not_picked":["Streamline+1","Recycle"],"picked":"Cold Snap","floor":19},{"not_picked":["Cold Snap+1","Beam Cell"],"picked":"Chill","floor":20},{"not_picked":["Ball Lightning","Sunder"],"picked":"Stack","floor":22},{"not_picked":["Sweeping Beam","Fusion"],"picked":"Double Energy","floor":24},{"not_picked":["Barrage","Amplify"],"picked":"Beam Cell+1","floor":31},{"not_picked":["Core Surge","Meteor Strike"],"picked":"Buffer","floor":33},{"not_picked":["Sweeping Beam","Lockon"],"picked":"Hologram+1","floor":35},{"not_picked":["Enlightenment","Transmutation"],"picked":"Apotheosis","floor":37},{"not_picked":["Sweeping Beam+1","Leap"],"picked":"Ball Lightning","floor":44},{"not_picked":["Self Repair+1","Double Energy"],"picked":"Chill+1","floor":45},{"not_picked":["Rebound+1","Aggregate+1"],"picked":"Steam+1","floor":46},{"not_picked":["Steam Power+1","Darkness"],"picked":"Chill+1","floor":48}],"player_experience":436271,"relics_obtained":[{"floor":9,"key":"Blood Vial"},{"floor":11,"key":"Vajra"},{"floor":12,"key":"Omamori"},{"floor":13,"key":"Art of War"},{"floor":20,"key":"Red Mask"},{"floor":26,"key":"Bronze Scales"},{"floor":30,"key":"Nilry\u0027s Codex"},{"floor":43,"key":"Matryoshka"},{"floor":44,"key":"Gremlin Horn"}],"event_choices":[{"event_name":"Golden Idol","player_choice":"Take Damage","floor":3,"damage_taken":0},{"event_name":"Shining Light","player_choice":"Entered Light","floor":5,"damage_taken":0},{"event_name":"Masked Bandits","player_choice":"Fought Bandits","floor":20,"damage_taken":0},{"event_name":"Beggar","player_choice":"Gave Gold","floor":27,"damage_taken":0},{"event_name":"Cursed Tome","player_choice":"Obtained Book","floor":30,"damage_taken":0},{"event_name":"The Moai Head","player_choice":"Gave Idol","floor":36,"damage_taken":0},{"event_name":"SensoryStone","player_choice":"Memory 1","floor":37,"damage_taken":0},{"event_name":"Tomb of Lord Red Mask","player_choice":"Wore Mask","floor":39,"damage_taken":0},{"event_name":"Falling","player_choice":"Removed Attack","floor":41,"damage_taken":0}],"is_beta":true,"boss_relics":[{"not_picked":["Fusion Hammer","Coffee Dripper"],"picked":"Astrolabe"},{"not_picked":["Black Star","Orrery"],"picked":"Lizard Tail"}],"items_purged_floors":[21],"is_endless":false,"potions_floor_spawned":[2,4,7,8,14,18,19,20,33,46],"ascension_level":6}