{"gold_per_floor":[110,120,41,41,54,54,54,54,81,100,124,24,42,85,85,175,175,200,200,115,15,15,21,56,56,56,56,74,114,114,127,127,217,217,231,178,201,226,226,226,6,6,29,29,64,80,80,113,113,113,113],"floor_reached":52,"playtime":3667,"items_purged":["Strike_G","Strike_G"],"score":1896,"play_id":"855b4d96-7271-49fa-ac96-89bb6f25483f","local_time":"20190206010905","is_ascension_mode":true,"campfire_choices":[{"data":"Neutralize","floor":6,"key":"SMITH"},{"data":"Cloak And Dagger","floor":8,"key":"SMITH"},{"data":"Cloak And Dagger","floor":15,"key":"SMITH"},{"data":"Wraith Form v2","floor":25,"key":"SMITH"},{"floor":27,"key":"REST"},{"data":"1","floor":30,"key":"LIFT"},{"floor":32,"key":"REST"},{"data":"2","floor":40,"key":"LIFT"},{"data":"3","floor":42,"key":"LIFT"},{"floor":44,"key":"REST"},{"floor":47,"key":"REST"},{"floor":49,"key":"REST"}],"neow_cost":"NONE","seed_source_timestamp":82180632560300,"circlet_count":0,"master_deck":["AscendersBane","Defend_G","Defend_G","Defend_G","Defend_G","Defend_G","Survivor","Neutralize+1","Infinite Blades","Cloak And Dagger+1","Dagger Spray","Well Laid Plans","Dagger Throw","Blade Dance","Backflip","Cloak And Dagger+1","PiercingWail","Corpse Explosion","Footwork+1","Reflex+1","Masterful Stab+1","PiercingWail","Crippling Poison","Wraith Form v2+1","Dodge and Roll","Finisher+1","Dash","After Image","Cloak And Dagger","Dodge and Roll","Cloak And Dagger","Dark Shackles","Flash of Steel","Discovery","Cloak And Dagger","Blur"],"relics":["WristBlade","Golden Idol","Centennial Puzzle","Omamori","Astrolabe","Incense Burner","Blood Vial","Girya","Happy Flower","Fusion Hammer","Vajra","Bag of Preparation","Bag of Marbles","Dead Branch"],"potions_floor_usage":[14,18,24,24,29,33,38,50],"damage_taken":[{"damage":0,"enemies":"Cultist","floor":1,"turns":4},{"damage":2,"enemies":"Jaw Worm","floor":2,"turns":5},{"damage":0,"enemies":"Small Slimes","floor":5,"turns":3},{"damage":4,"enemies":"Blue Slaver","floor":10,"turns":3},{"damage":7,"enemies":"2 Fungi Beasts","floor":11,"turns":3},{"damage":0,"enemies":"Looter","floor":13,"turns":2},{"damage":5,"enemies":"Gremlin Nob","floor":14,"turns":3},{"damage":11,"enemies":"Hexaghost","floor":16,"turns":11},{"damage":30,"enemies":"Chosen","floor":18,"turns":6},{"damage":5,"enemies":"2 Thieves","floor":23,"turns":5},{"damage":25,"enemies":"Gremlin Leader","floor":24,"turns":8},{"damage":0,"enemies":"Cultist and Chosen","floor":28,"turns":7},{"damage":7,"enemies":"Book of Stabbing","floor":29,"turns":9},{"damage":4,"enemies":"Snake Plant","floor":31,"turns":3},{"damage":53,"enemies":"Automaton","floor":33,"turns":10},{"damage":1,"enemies":"Orb Walker","floor":35,"turns":3},{"damage":2,"enemies":"3 Shapes","floor":37,"turns":5},{"damage":5,"enemies":"Transient","floor":38,"turns":6},{"damage":0,"enemies":"Nemesis","floor":45,"turns":7},{"damage":0,"enemies":"4 Shapes","floor":46,"turns":4},{"damage":28,"enemies":"Reptomancer","floor":48,"turns":8},{"damage":7,"enemies":"Awakened One","floor":50,"turns":12},{"damage":17,"enemies":"Time Eater","floor":51,"turns":15}],"seed_played":"-1381752932339499554","potions_obtained":[{"floor":10,"key":"SkillPotion"},{"floor":11,"key":"SteroidPotion"},{"floor":16,"key":"Poison Potion"},{"floor":18,"key":"SpeedPotion"},{"floor":24,"key":"GhostInAJar"},{"floor":29,"key":"SpeedPotion"},{"floor":31,"key":"Energy Potion"},{"floor":33,"key":"LiquidBronze"},{"floor":45,"key":"Fire Potion"},{"floor":48,"key":"Swift Potion"}],"is_trial":false,"path_per_floor":["M","M","$","?","M","R","?","R","T","M","M","$","M","E","R","B",null,"M","?","?","$","?","M","E","R","T","R","M","E","R","M","R","B",null,"M","$","M","M","?","R","$","R","T","R","E","M","R","E","R","B","B",null],"character_chosen":"THE_SILENT","items_purchased":["Cloak And Dagger","Dagger Spray","Backflip","Cloak And Dagger","Vajra","Cloak And Dagger"],"campfire_rested":5,"item_purchase_floors":[3,3,12,36,41,41],"current_hp_per_floor":[59,57,57,57,57,57,57,57,57,53,46,46,46,41,41,30,53,23,23,23,23,60,55,30,30,30,48,50,45,45,43,60,7,47,48,48,48,45,35,35,35,35,35,53,55,57,60,32,50,45,30],"gold":113,"neow_bonus":"BOSS_RELIC","is_prod":false,"is_daily":false,"chose_seed":false,"campfire_upgraded":4,"win_rate":0,"timestamp":1549433345,"path_taken":["M","M","?","?","M","R","?","R","T","?","M","$","M","E","R","BOSS","M","?","?","$","?","?","E","R","T","R","M","E","R","M","R","BOSS","M","$","M","M","?","R","$","R","T","R","E","M","R","E","R","BOSS","BOSS"],"build_version":"2019-01-23","purchased_purges":2,"victory":true,"max_hp_per_floor":[66,66,66,66,66,66,60,60,60,60,60,60,60,60,60,60,60,60,60,60,60,60,60,60,60,60,60,60,60,60,60,60,60,60,60,60,60,60,60,60,60,60,60,60,60,60,60,60,60,60,60],"card_choices":[{"not_picked":["Dodge and Roll","Setup"],"picked":"Infinite Blades","floor":1},{"not_picked":["Bane","Blade Dance"],"picked":"Predator","floor":2},{"not_picked":["Outmaneuver","Bouncing Flask"],"picked":"Well Laid Plans","floor":5},{"not_picked":["Accuracy","Bane"],"picked":"Dagger Throw","floor":10},{"not_picked":["Tactician","Prepared"],"picked":"Blade Dance","floor":11},{"not_picked":["Backstab","Quick Slash"],"picked":"Cloak And Dagger","floor":13},{"not_picked":["Reflex","Acrobatics"],"picked":"PiercingWail","floor":14},{"not_picked":["Tools of the Trade","Phantasmal Killer"],"picked":"Corpse Explosion","floor":16},{"not_picked":["Expertise+1","Deflect"],"picked":"PiercingWail","floor":18},{"not_picked":["Quick Slash","Outmaneuver"],"picked":"Crippling Poison","floor":23},{"not_picked":["Crippling Poison","Flying Knee"],"picked":"Wraith Form v2","floor":24},{"not_picked":["Riddle With Holes","Deadly Poison"],"picked":"Dodge and Roll","floor":28},{"not_picked":["Flechettes+1","Flying Knee"],"picked":"Finisher+1","floor":29},{"not_picked":["Outmaneuver","Acrobatics+1"],"picked":"Dash","floor":31},{"not_picked":["Doppelganger","Adrenaline"],"picked":"After Image","floor":33},{"not_picked":["Poisoned Stab","Deadly Poison","Outmaneuver"],"picked":"SKIP","floor":35},{"not_picked":["Heel Hook","Bane+1"],"picked":"Dodge and Roll","floor":37},{"not_picked":["Caltrops+1","Bouncing Flask"],"picked":"Cloak And Dagger","floor":38},{"not_picked":["Finesse","Madness"],"picked":"Dark Shackles","floor":39},{"not_picked":["Panacea","Violence"],"picked":"Flash of Steel","floor":39},{"not_picked":["Jack Of All Trades","Good Instincts"],"picked":"Discovery","floor":39},{"not_picked":["Calculated Gamble","Deadly Poison","Tactician+1"],"picked":"SKIP","floor":45},{"not_picked":["Slice","Accuracy","Bane"],"picked":"SKIP","floor":46},{"not_picked":["Tactician","Glass Knife"],"picked":"Blur","floor":48}],"player_experience":2030443,"relics_obtained":[{"floor":9,"key":"Centennial Puzzle"},{"floor":14,"key":"Omamori"},{"floor":24,"key":"Blood Vial"},{"floor":26,"key":"Girya"},{"floor":29,"key":"Happy Flower"},{"floor":43,"key":"Bag of Preparation"},{"floor":45,"key":"Bag of Marbles"},{"floor":48,"key":"Dead Branch"}],"event_choices":[{"damage_healed":0,"gold_gain":0,"player_choice":"Leave","damage_taken":0,"max_hp_gain":0,"max_hp_loss":0,"event_name":"The Cleric","floor":4,"gold_loss":0},{"damage_healed":0,"gold_gain":0,"player_choice":"Lose Max HP","damage_taken":0,"relics_obtained":["Golden Idol"],"max_hp_gain":0,"max_hp_loss":6,"event_name":"Golden Idol","floor":7,"gold_loss":0},{"damage_healed":0,"gold_gain":0,"player_choice":"Ignored","damage_taken":0,"max_hp_gain":0,"max_hp_loss":0,"event_name":"Vampires","floor":19,"gold_loss":0},{"damage_healed":0,"gold_gain":0,"player_choice":"Obtained Relic","damage_taken":0,"relics_obtained":["Incense Burner"],"max_hp_gain":0,"max_hp_loss":0,"event_name":"Addict","floor":20,"gold_loss":85},{"cards_removed":["Predator"],"damage_healed":37,"gold_gain":0,"player_choice":"Offered Uncommon","damage_taken":0,"max_hp_gain":0,"max_hp_loss":0,"event_name":"Bonfire Elementals","floor":22,"gold_loss":0},{"damage_healed":0,"gold_gain":0,"player_choice":"Memory 3","damage_taken":10,"max_hp_gain":0,"max_hp_loss":0,"event_name":"SensoryStone","floor":39,"gold_loss":0}],"is_beta":true,"boss_relics":[{"not_picked":["Runic Pyramid","Ectoplasm"],"picked":"Astrolabe"},{"not_picked":["Sozu","Calling Bell"],"picked":"Fusion Hammer"}],"items_purged_floors":[12,21],"is_endless":false,"potions_floor_spawned":[10,11,13,16,18,24,29,31,33,37,45,46,48],"ascension_level":20}