{"gold_per_floor":[12,12,12,25,25,25,38,38,64,77,77,2,12,22,22,93,93,104,104,121,33,44,44,44,44,44,44,44,61,61,76,76,154,154,167,167,181,0,12,12,27,27,98,98,113,123,23,23,23,23],"floor_reached":51,"playtime":2075,"items_purged":["Defend_B","Strike_B"],"score":1346,"play_id":"55ac6ec2-5648-4602-8a38-2c44d792d889","local_time":"20190115192803","is_ascension_mode":true,"campfire_choices":[{"data":"Defragment","floor":6,"key":"SMITH"},{"data":"Zap","floor":8,"key":"SMITH"},{"data":"Redo","floor":11,"key":"SMITH"},{"data":"Defragment","floor":15,"key":"SMITH"},{"data":"Hologram","floor":23,"key":"SMITH"},{"data":"Dualcast","floor":25,"key":"SMITH"},{"data":"Sunder","floor":32,"key":"SMITH"},{"data":"Loop","floor":40,"key":"SMITH"},{"data":"Coolheaded","floor":42,"key":"SMITH"},{"data":"FTL","floor":44,"key":"SMITH"},{"floor":49,"key":"REST"}],"neow_cost":"NO_GOLD","seed_source_timestamp":111674707503620,"circlet_count":0,"master_deck":["AscendersBane","Strike_B","Defend_B","Defend_B","Zap+1","Dualcast+1","Core Surge","Redo+1","Ball Lightning","Defragment+1","Glacier","Conserve Battery+1","FTL+1","Defragment+1","Coolheaded+1","Electrodynamics","Melter","Sunder+1","Self Repair","Hologram+1","Defragment+1","Ball Lightning+1","Cold Snap+1","Creative AI","Coolheaded+1","Chrysalis","Barrage+1","Loop+1","Ball Lightning+1","Defragment"],"relics":["Cracked Core","Bag of Marbles","Inserter","Molten Egg 2","Ginger","Velvet Choker","Red Mask","Kunai"],"potions_floor_usage":[37,50,50],"damage_taken":[{"damage":4,"enemies":"Jaw Worm","floor":1,"turns":4},{"damage":0,"enemies":"Cultist","floor":4,"turns":2},{"damage":2,"enemies":"2 Louse","floor":7,"turns":2},{"damage":2,"enemies":"Red Slaver","floor":10,"turns":3},{"damage":0,"enemies":"2 Fungi Beasts","floor":13,"turns":2},{"damage":15,"enemies":"Exordium Thugs","floor":14,"turns":4},{"damage":7,"enemies":"Slime Boss","floor":16,"turns":8},{"damage":10,"enemies":"Shell Parasite","floor":18,"turns":6},{"damage":5,"enemies":"3 Byrds","floor":20,"turns":4},{"damage":0,"enemies":"Sentry and Sphere","floor":22,"turns":3},{"damage":0,"enemies":"Centurion and Healer","floor":29,"turns":6},{"damage":13,"enemies":"Snake Plant","floor":31,"turns":3},{"damage":17,"enemies":"Champ","floor":33,"turns":12},{"damage":5,"enemies":"Orb Walker","floor":35,"turns":4},{"damage":20,"enemies":"3 Shapes","floor":37,"turns":5},{"damage":2,"enemies":"Transient","floor":39,"turns":6},{"damage":6,"enemies":"Sphere and 2 Shapes","floor":41,"turns":4},{"damage":5,"enemies":"Maw","floor":45,"turns":6},{"damage":29,"enemies":"Writhing Mass","floor":46,"turns":6},{"damage":0,"enemies":"Time Eater","floor":50,"turns":17}],"seed_played":"-6174443696578446234","potions_obtained":[{"floor":13,"key":"FearPotion"},{"floor":16,"key":"Weak Potion"},{"floor":35,"key":"Regen Potion"},{"floor":37,"key":"AttackPotion"}],"is_trial":false,"path_per_floor":["M","?","$","M","?","R","M","R","T","M","R","$","M","M","R","B",null,"M","?","M","$","M","R","?","R","T","$","?","M","T","M","R","B",null,"M","?","M","?","M","R","M","R","T","R","M","M","$","?","R","B",null],"character_chosen":"DEFECT","items_purchased":["Self Repair"],"campfire_rested":1,"item_purchase_floors":[21],"current_hp_per_floor":[60,60,60,60,60,60,58,58,58,56,56,56,56,41,41,34,62,52,52,47,47,47,47,47,47,47,47,47,54,54,41,41,31,61,56,56,57,57,62,62,63,63,63,63,65,43,43,43,64,64],"gold":23,"neow_bonus":"TRANSFORM_TWO_CARDS","is_prod":false,"is_daily":false,"chose_seed":false,"campfire_upgraded":10,"win_rate":0,"timestamp":1547548083,"path_taken":["M","?","?","?","?","R","M","R","T","M","R","$","?","M","R","BOSS","M","?","M","$","?","R","?","R","T","?","?","M","?","?","R","BOSS","M","?","M","?","M","R","M","R","T","R","M","M","?","?","R","BOSS"],"build_version":"2019-01-10","purchased_purges":2,"victory":true,"max_hp_per_floor":[71,71,71,71,71,71,71,71,71,71,71,71,71,71,71,71,71,71,71,71,71,71,71,71,71,71,71,71,71,71,71,71,71,71,71,71,71,71,71,71,71,71,71,71,71,71,71,71,71,71],"card_choices":[{"not_picked":["Compile Driver","Chill"],"picked":"Ball Lightning","floor":1},{"not_picked":["Blizzard","Melter"],"picked":"Defragment","floor":4},{"not_picked":["Aggregate","Streamline"],"picked":"Conserve Battery","floor":7},{"not_picked":["Turbo","Beam Cell"],"picked":"FTL","floor":10},{"not_picked":["Genetic Algorithm","Redo"],"picked":"Defragment","floor":13},{"not_picked":["Consume","Turbo"],"picked":"Coolheaded","floor":14},{"not_picked":["Rainbow","Reboot"],"picked":"Electrodynamics","floor":16},{"not_picked":["Go for the Eyes","Barrage"],"picked":"Melter","floor":18},{"not_picked":["Turbo","Melter"],"picked":"Sunder","floor":20},{"not_picked":["Leap","Go for the Eyes"],"picked":"Hologram","floor":22},{"not_picked":["Gash+1","Blizzard+1"],"picked":"Ball Lightning+1","floor":29},{"not_picked":["Sunder+1","Skim+1"],"picked":"Cold Snap+1","floor":31},{"not_picked":["Meteor Strike+1","Machine Learning"],"picked":"Creative AI","floor":33},{"not_picked":["Genetic Algorithm+1","Cold Snap+1"],"picked":"Coolheaded+1","floor":35},{"not_picked":["Trip","Jack Of All Trades"],"picked":"Chrysalis","floor":36},{"not_picked":["Beam Cell+1","Darkness"],"picked":"Barrage+1","floor":37},{"not_picked":["Hologram","Coolheaded+1"],"picked":"Loop","floor":39},{"not_picked":["Redo","Leap"],"picked":"Ball Lightning+1","floor":41},{"not_picked":["BootSequence","Steam Power"],"picked":"Defragment","floor":45},{"not_picked":["Gash+1","Sweeping Beam+1","Compile Driver+1"],"picked":"SKIP","floor":46}],"player_experience":827487,"relics_obtained":[{"floor":9,"key":"Bag of Marbles"},{"floor":26,"key":"Molten Egg 2"},{"floor":30,"key":"Ginger"},{"floor":43,"key":"Kunai"}],"event_choices":[{"cards_removed":["Defend_B"],"damage_healed":0,"gold_gain":0,"player_choice":"Purged","damage_taken":0,"max_hp_gain":0,"max_hp_loss":0,"event_name":"Purifier","floor":2,"gold_loss":0},{"damage_healed":0,"gold_gain":0,"player_choice":"1 cards matched","damage_taken":0,"max_hp_gain":0,"max_hp_loss":0,"event_name":"Match and Keep!","floor":5,"gold_loss":0,"cards_obtained":["Glacier"]},{"damage_healed":0,"gold_gain":0,"player_choice":"Upgraded","damage_taken":0,"max_hp_gain":0,"max_hp_loss":0,"event_name":"Upgrade Shrine","floor":19,"gold_loss":0,"cards_upgraded":["Conserve Battery"]},{"damage_healed":0,"gold_gain":0,"player_choice":"Copied","damage_taken":0,"max_hp_gain":0,"max_hp_loss":0,"event_name":"Duplicator","floor":24,"gold_loss":0,"cards_obtained":["Defragment"]},{"damage_healed":0,"gold_gain":0,"player_choice":"Memory 1","damage_taken":0,"max_hp_gain":0,"max_hp_loss":0,"event_name":"SensoryStone","floor":36,"gold_loss":0},{"damage_healed":0,"gold_gain":0,"player_choice":"Paid","damage_taken":0,"relics_obtained":["Red Mask"],"max_hp_gain":0,"max_hp_loss":0,"event_name":"Tomb of Lord Red Mask","floor":38,"gold_loss":181},{"damage_healed":0,"gold_gain":0,"player_choice":"Ignored","damage_taken":0,"max_hp_gain":0,"max_hp_loss":0,"event_name":"Mysterious Sphere","floor":48,"gold_loss":0}],"is_beta":false,"boss_relics":[{"not_picked":["Pandora\u0027s Box","Tiny House"],"picked":"Inserter"},{"not_picked":["Snecko Eye","Fusion Hammer"],"picked":"Velvet Choker"}],"items_purged_floors":[12,47],"is_endless":false,"potions_floor_spawned":[13,16,29,31,35,37,41],"ascension_level":19}