{"gold_per_floor":[112,129,142,142,156,190,190,190,237,261,261,261,336,356,356,477,477,501,426,451,297,320,320,445,461,530,530,561,506,531,545,545,545],"floor_reached":33,"playtime":1271,"items_purged":[],"score":269,"play_id":"fcb3b217-5cfe-43c3-a62c-15b45eeafae2","local_time":"20190127033317","is_ascension_mode":false,"campfire_choices":[{"floor":8,"key":"REST"},{"data":"Armaments","floor":12,"key":"SMITH"},{"data":"Metallicize","floor":15,"key":"SMITH"},{"data":"Shrug It Off","floor":23,"key":"SMITH"},{"floor":27,"key":"REST"},{"floor":32,"key":"REST"}],"neow_cost":"NONE","seed_source_timestamp":39312486927973,"circlet_count":0,"master_deck":["Strike_R","Strike_R","Strike_R","Strike_R","Defend_R","Defend_R","Defend_R+1","Defend_R+1","Bash","Twin Strike","Armaments+1","Twin Strike","Metallicize+1","Feed","Cleave+1","Shrug It Off+1","Anger+1","Iron Wave","Perfected Strike"],"relics":["Burning Blood","Meat on the Bone","Golden Idol","Bag of Marbles","Sozu","Bronze Scales","Nunchaku","Bottled Flame","Mummified Hand","War Paint","Tiny Chest"],"potions_floor_usage":[6,20,24,33],"damage_taken":[{"damage":5,"enemies":"Jaw Worm","floor":1,"turns":5},{"damage":5,"enemies":"Cultist","floor":2,"turns":4},{"damage":5,"enemies":"2 Louse","floor":3,"turns":3},{"damage":8,"enemies":"2 Fungi Beasts","floor":5,"turns":6},{"damage":39,"enemies":"Lagavulin","floor":6,"turns":7},{"damage":13,"enemies":"Exordium Thugs","floor":10,"turns":6},{"damage":5,"enemies":"Looter","floor":14,"turns":2},{"damage":32,"enemies":"The Guardian","floor":16,"turns":16},{"damage":13,"enemies":"Shell Parasite","floor":18,"turns":6},{"damage":4,"enemies":"2 Thieves","floor":20,"turns":4},{"damage":24,"enemies":"Snake Plant","floor":22,"turns":4},{"damage":15,"enemies":"Colosseum Slavers","floor":24,"turns":4},{"damage":57,"enemies":"Colosseum Nobs","floor":24,"turns":6},{"damage":20,"enemies":"Shelled Parasite and Fungi","floor":25,"turns":5},{"damage":21,"enemies":"Book of Stabbing","floor":28,"turns":5},{"damage":27,"enemies":"Sentry and Sphere","floor":30,"turns":5},{"damage":12,"enemies":"Centurion and Healer","floor":31,"turns":5},{"damage":79,"enemies":"Champ","floor":33,"turns":9}],"seed_played":"2857529452428411603","potions_obtained":[{"floor":2,"key":"Swift Potion"},{"floor":3,"key":"Strength Potion"},{"floor":14,"key":"BloodPotion"},{"floor":16,"key":"Block Potion"}],"is_trial":false,"path_per_floor":["M","M","M","$","M","E","?","R","T","M","?","R","T","M","R","B",null,"M","?","M","$","M","R","?","M","T","R","E","?","M","M","R","B"],"character_chosen":"IRONCLAD","items_purchased":["Bronze Scales"],"campfire_rested":3,"item_purchase_floors":[21],"current_hp_per_floor":[80,80,80,80,78,45,45,67,67,60,60,60,60,61,61,47,74,71,71,73,73,58,58,25,23,23,49,46,46,40,49,77,0],"gold":545,"neow_bonus":"THREE_CARDS","is_prod":false,"is_daily":false,"chose_seed":false,"campfire_upgraded":3,"win_rate":0,"timestamp":1548577997,"path_taken":["M","M","M","$","M","E","?","R","T","M","?","R","?","M","R","BOSS","M","?","M","$","M","R","?","M","T","R","E","?","M","M","R","BOSS"],"build_version":"2019-01-23","purchased_purges":0,"victory":false,"max_hp_per_floor":[80,80,80,80,80,80,74,74,74,74,74,74,74,74,74,74,74,78,78,78,78,81,81,88,88,88,88,88,88,91,94,94,94],"card_choices":[{"not_picked":["Headbutt","Rupture"],"picked":"Twin Strike","floor":1},{"not_picked":["Sword Boomerang","Fire Breathing","Havoc"],"picked":"SKIP","floor":2},{"not_picked":["Twin Strike","Rage"],"picked":"Armaments","floor":3},{"not_picked":["Sword Boomerang","Flex","Clash"],"picked":"SKIP","floor":5},{"not_picked":["Flex","Armaments","Heavy Blade"],"picked":"SKIP","floor":6},{"not_picked":["Flex","Whirlwind"],"picked":"Twin Strike","floor":10},{"not_picked":["Rupture","Dual Wield"],"picked":"Metallicize","floor":14},{"not_picked":["Juggernaut","Immolate"],"picked":"Feed","floor":16},{"not_picked":["Heavy Blade","Anger"],"picked":"Cleave+1","floor":18},{"not_picked":["Clash","Iron Wave","Flame Barrier"],"picked":"SKIP","floor":20},{"not_picked":["Hemokinesis+1","Havoc+1"],"picked":"Shrug It Off","floor":22},{"not_picked":["Sword Boomerang","Headbutt"],"picked":"Anger+1","floor":24},{"not_picked":["Heavy Blade","True Grit+1","Second Wind"],"picked":"SKIP","floor":25},{"not_picked":["Heavy Blade","Body Slam"],"picked":"Iron Wave","floor":28},{"not_picked":["Combust","Havoc"],"picked":"Perfected Strike","floor":30},{"not_picked":["Armaments+1","Impervious","Hemokinesis+1"],"picked":"SKIP","floor":31}],"player_experience":121436,"relics_obtained":[{"floor":6,"key":"Meat on the Bone"},{"floor":9,"key":"Bag of Marbles"},{"floor":24,"key":"Nunchaku"},{"floor":24,"key":"Bottled Flame"},{"floor":26,"key":"Mummified Hand"},{"floor":28,"key":"War Paint"}],"event_choices":[{"damage_healed":0,"gold_gain":0,"player_choice":"Lose Max HP","damage_taken":0,"relics_obtained":["Golden Idol"],"max_hp_gain":0,"max_hp_loss":6,"event_name":"Golden Idol","floor":7,"gold_loss":0},{"damage_healed":0,"gold_gain":0,"player_choice":"Leave","damage_taken":0,"max_hp_gain":0,"max_hp_loss":0,"event_name":"The Cleric","floor":11,"gold_loss":0},{"cards_removed":["Strike_R"],"damage_healed":0,"gold_gain":0,"player_choice":"Gave Gold","damage_taken":0,"max_hp_gain":0,"max_hp_loss":0,"event_name":"Beggar","floor":19,"gold_loss":75},{"damage_healed":0,"gold_gain":0,"player_choice":"Fight","damage_taken":0,"max_hp_gain":0,"max_hp_loss":0,"event_name":"Colosseum","floor":24,"gold_loss":0},{"damage_healed":0,"gold_gain":0,"player_choice":"Fought Nobs","damage_taken":0,"max_hp_gain":0,"max_hp_loss":0,"event_name":"Colosseum","floor":24,"gold_loss":0},{"damage_healed":0,"gold_gain":0,"player_choice":"Obtained Relic","damage_taken":0,"relics_obtained":["Tiny Chest"],"max_hp_gain":0,"max_hp_loss":0,"event_name":"Addict","floor":29,"gold_loss":85}],"is_beta":false,"boss_relics":[{"not_picked":["Mark of Pain","Orrery"],"picked":"Sozu"}],"items_purged_floors":[],"is_endless":false,"potions_floor_spawned":[2,3,14,16,22,28,31],"killed_by":"Champ","ascension_level":0}