{"gold_per_floor":[217,90,90,102,119,119,149,165,192,218,238,238,238,249,249,350,350,364,375,90,90,90,90,116,116,142,167,167,185,205,61,61,159,159,176,176,186,186,199,199,212,212,212,212,224,259,259,275,275,275],"floor_reached":51,"playtime":4613,"items_purged":["Strike_R"],"score":779,"play_id":"4c45c8eb-c7cd-42b1-b64d-aa840ec144bd","local_time":"20181011192015","is_ascension_mode":true,"campfire_choices":[{"data":"Cleave","floor":6,"key":"SMITH"},{"data":"Body Slam","floor":13,"key":"SMITH"},{"floor":15,"key":"REST"},{"data":"Apotheosis","floor":23,"key":"SMITH"},{"data":"True Grit","floor":25,"key":"SMITH"},{"floor":28,"key":"REST"},{"floor":32,"key":"REST"},{"floor":40,"key":"REST"},{"data":"Whirlwind","floor":42,"key":"SMITH"},{"floor":44,"key":"REST"},{"floor":47,"key":"REST"},{"floor":49,"key":"REST"}],"neow_cost":"NONE","seed_source_timestamp":147288012678731,"circlet_count":0,"master_deck":["Strike_R+1","Defend_R","Defend_R+1","Defend_R","Defend_R","Bash+1","Cleave+1","Evolve+1","Shockwave","Iron Wave","Body Slam+1","Twin Strike","Fiend Fire","Flame Barrier+1","Sever Soul+1","Warcry+1","Thunderclap","Pommel Strike","Apotheosis+1","Barricade","RitualDagger","True Grit+1","True Grit+1","Fiend Fire","Whirlwind+1","Finesse","Heavy Blade"],"relics":["Burning Blood","Centennial Puzzle","Oddly Smooth Stone","Red Skull","Astrolabe","Bag of Preparation","Boot","Pen Nib","Whetstone","Sozu","StoneCalendar","Bottled Tornado","Bronze Scales"],"potions_floor_usage":[10,10,16,16,16,16,16,16,19,19,33,33,37],"damage_taken":[{"damage":2,"enemies":"2 Louse","floor":1,"turns":3},{"damage":1,"enemies":"Cultist","floor":4,"turns":3},{"damage":5,"enemies":"Small Slimes","floor":5,"turns":3},{"damage":20,"enemies":"3 Sentries","floor":7,"turns":6},{"damage":12,"enemies":"2 Fungi Beasts","floor":8,"turns":3},{"damage":27,"enemies":"Lagavulin","floor":10,"turns":8},{"damage":6,"enemies":"Gremlin Gang","floor":11,"turns":3},{"damage":6,"enemies":"Exordium Wildlife","floor":14,"turns":3},{"damage":50,"enemies":"The Guardian","floor":16,"turns":15},{"damage":2,"enemies":"Chosen","floor":18,"turns":4},{"damage":18,"enemies":"2 Thieves","floor":19,"turns":3},{"damage":30,"enemies":"Gremlin Leader","floor":24,"turns":6},{"damage":43,"enemies":"Book of Stabbing","floor":27,"turns":5},{"damage":1,"enemies":"Cultist and Chosen","floor":29,"turns":5},{"damage":5,"enemies":"Centurion and Healer","floor":30,"turns":5},{"damage":52,"enemies":"Collector","floor":33,"turns":8},{"damage":19,"enemies":"3 Shapes","floor":35,"turns":4},{"damage":22,"enemies":"Mind Bloom Boss Battle","floor":36,"turns":8},{"damage":20,"enemies":"3 Darklings","floor":37,"turns":5},{"damage":0,"enemies":"Sphere and 2 Shapes","floor":39,"turns":3},{"damage":49,"enemies":"Transient","floor":41,"turns":5},{"damage":20,"enemies":"Maw","floor":45,"turns":7},{"damage":5,"enemies":"Nemesis","floor":46,"turns":3},{"damage":24,"enemies":"4 Shapes","floor":48,"turns":4},{"damage":61,"enemies":"Awakened One","floor":50,"turns":18}],"seed_played":"116217765262495809","potions_obtained":[{"floor":1,"key":"Swift Potion"},{"floor":4,"key":"GamblersBrew"},{"floor":14,"key":"EntropicBrew"},{"floor":16,"key":"Poison Potion"},{"floor":18,"key":"Explosive Potion"},{"floor":19,"key":"GamblersBrew"},{"floor":24,"key":"SteroidPotion"},{"floor":30,"key":"Strength Potion"}],"is_trial":false,"path_per_floor":["M","$","?","M","M","R","E","M","T","E","M","?","R","M","R","B",null,"M","M","$","?","?","R","E","R","T","E","R","M","M","$","R","B",null,"M","?","M","?","M","R","M","R","T","R","M","E","R","M","R","B"],"character_chosen":"IRONCLAD","items_purchased":["Cleave","Apotheosis","Barricade","Whetstone"],"campfire_rested":7,"item_purchase_floors":[2,20,20,31],"current_hp_per_floor":[80,80,85,85,85,85,71,65,65,44,44,27,27,27,52,8,85,85,73,73,67,85,85,61,61,61,24,49,54,55,55,80,34,85,72,56,42,42,48,73,30,30,30,55,41,42,67,49,74,19],"gold":275,"neow_bonus":"HUNDRED_GOLD","is_prod":false,"is_daily":false,"chose_seed":false,"campfire_upgraded":5,"win_rate":0,"timestamp":1539300015,"path_taken":["M","$","?","M","M","R","E","M","T","E","M","?","R","M","R","BOSS","M","?","$","?","?","R","E","R","T","E","R","?","?","$","R","BOSS","M","?","?","?","M","R","M","R","T","R","M","E","R","M","R","BOSS"],"build_version":"2018-10-04v2","purchased_purges":1,"victory":true,"max_hp_per_floor":[80,80,85,85,85,85,85,85,85,85,85,85,85,85,85,85,85,85,85,85,85,85,85,85,85,85,85,85,85,85,85,85,85,85,85,85,85,85,85,85,85,85,85,85,85,85,85,85,85,85],"card_choices":[{"not_picked":["Burning Pact","Sword Boomerang","Combust"],"picked":"SKIP","floor":1},{"not_picked":["Rage","Wild Strike","Perfected Strike"],"picked":"SKIP","floor":4},{"not_picked":["Fire Breathing","Power Through"],"picked":"Evolve","floor":5},{"not_picked":["Cleave","Seeing Red"],"picked":"Shockwave","floor":7},{"not_picked":["Power Through","Body Slam"],"picked":"Iron Wave","floor":8},{"not_picked":["Shockwave","Evolve"],"picked":"Body Slam","floor":10},{"not_picked":["Disarm","Anger"],"picked":"Twin Strike","floor":11},{"not_picked":["Pummel","Thunderclap","Battle Trance"],"picked":"SKIP","floor":14},{"not_picked":["Bludgeon","Exhume"],"picked":"Fiend Fire","floor":16},{"not_picked":["Sword Boomerang","Anger"],"picked":"Thunderclap","floor":18},{"not_picked":["Shockwave","Hemokinesis+1"],"picked":"Pommel Strike","floor":19},{"not_picked":["Juggernaut","Perfected Strike"],"picked":"True Grit","floor":24},{"not_picked":["Second Wind","Cleave"],"picked":"True Grit+1","floor":27},{"not_picked":["Power Through","Twin Strike","Dropkick+1"],"picked":"SKIP","floor":29},{"not_picked":["Flame Barrier","Burning Pact+1","Cleave"],"picked":"SKIP","floor":30},{"not_picked":["Brutality","Barricade"],"picked":"Fiend Fire","floor":33},{"not_picked":["Battle Trance","Thunderclap+1"],"picked":"Whirlwind","floor":35},{"not_picked":["Pommel Strike","True Grit","Shockwave"],"picked":"SKIP","floor":37},{"not_picked":["PanicButton","Apotheosis"],"picked":"Finesse","floor":38},{"not_picked":["Thunderclap+1","Perfected Strike","Shrug It Off+1"],"picked":"SKIP","floor":39},{"not_picked":["True Grit","Rampage+1","Sword Boomerang+1"],"picked":"SKIP","floor":41},{"not_picked":["Flex","Headbutt","Barricade"],"picked":"SKIP","floor":45},{"not_picked":["Seeing Red+1","Uppercut+1","Clash+1"],"picked":"SKIP","floor":46},{"not_picked":["Body Slam+1","Havoc+1"],"picked":"Heavy Blade","floor":48}],"player_experience":256910,"relics_obtained":[{"floor":7,"key":"Centennial Puzzle"},{"floor":9,"key":"Oddly Smooth Stone"},{"floor":10,"key":"Red Skull"},{"floor":24,"key":"Bag of Preparation"},{"floor":26,"key":"Boot"},{"floor":27,"key":"Pen Nib"},{"floor":36,"key":"StoneCalendar"},{"floor":43,"key":"Bottled Tornado"},{"floor":46,"key":"Bronze Scales"}],"event_choices":[{"event_name":"Big Fish","player_choice":"Donut","floor":3,"damage_taken":0},{"event_name":"Shining Light","player_choice":"Entered Light","floor":12,"damage_taken":0},{"event_name":"Nest","player_choice":"Joined the Cult","floor":21,"damage_taken":0},{"event_name":"The Library","player_choice":"Heal","floor":22,"damage_taken":0},{"event_name":"MindBloom","player_choice":"Fight","floor":36,"damage_taken":0},{"event_name":"SensoryStone","player_choice":"Memory 1","floor":38,"damage_taken":0}],"is_beta":false,"boss_relics":[{"not_picked":["Lizard Tail","Runic Pyramid"],"picked":"Astrolabe"},{"not_picked":["Fusion Hammer","Philosopher\u0027s Stone"],"picked":"Sozu"}],"items_purged_floors":[2],"is_endless":false,"potions_floor_spawned":[1,4,14,16,18,19,24,30,35,41,45],"ascension_level":3}