{"gold_per_floor":[114,114,35,59,234,234,274,287,287,287,212,227,241,259,259,259],"floor_reached":16,"playtime":924,"items_purged":["Doubt"],"score":107,"play_id":"388d964a-28d6-4774-bcf7-c4505ee0eae1","local_time":"20190105192524","is_ascension_mode":true,"campfire_choices":[{"data":"Armaments","floor":6,"key":"SMITH"},{"data":"Searing Blow","floor":10,"key":"SMITH"},{"floor":15,"key":"REST"}],"neow_cost":"CURSE","seed_source_timestamp":928790489473588,"circlet_count":0,"master_deck":["Strike_R","Strike_R","Strike_R","Strike_R","Strike_R","Defend_R","Defend_R","Defend_R","Defend_R","Bash","Good Instincts","PanicButton","Injury","Armaments+1","Searing Blow+1","Whirlwind","Double Tap"],"relics":["Burning Blood","Golden Idol","Gremlin Horn","Blue Candle"],"potions_floor_usage":[12,14,16],"damage_taken":[{"damage":3,"enemies":"Small Slimes","floor":1,"turns":3},{"damage":10,"enemies":"Jaw Worm","floor":4,"turns":4},{"damage":34,"enemies":"Lagavulin","floor":7,"turns":8},{"damage":4,"enemies":"2 Louse","floor":8,"turns":3},{"damage":21,"enemies":"Exordium Thugs","floor":12,"turns":7},{"damage":4,"enemies":"3 Louse","floor":13,"turns":2},{"damage":7,"enemies":"Gremlin Gang","floor":14,"turns":5},{"damage":46,"enemies":"Hexaghost","floor":16,"turns":10}],"seed_played":"-5386879572319662656","potions_obtained":[{"floor":8,"key":"Block Potion"},{"floor":13,"key":"SkillPotion"},{"floor":14,"key":"Fire Potion"}],"is_trial":false,"path_per_floor":["M","?","$","M","?","R","E","M","T","R","$","M","M","M","R","B"],"character_chosen":"IRONCLAD","items_purchased":["Searing Blow"],"campfire_rested":1,"item_purchase_floors":[3],"current_hp_per_floor":[80,60,60,56,56,56,28,30,30,30,30,15,17,16,40,0],"gold":259,"neow_bonus":"RANDOM_COLORLESS_2","is_prod":false,"is_daily":false,"chose_seed":false,"campfire_upgraded":2,"win_rate":0,"timestamp":1546734324,"path_taken":["M","?","$","M","?","R","E","M","T","R","$","M","M","M","R","BOSS"],"build_version":"2019-01-03v4","purchased_purges":1,"victory":false,"max_hp_per_floor":[80,80,80,80,80,80,80,80,80,80,80,80,80,80,80,80],"card_choices":[{"not_picked":["Body Slam","Warcry"],"picked":"Armaments","floor":1},{"not_picked":["Clash","Sword Boomerang","Wild Strike"],"picked":"SKIP","floor":4},{"not_picked":["Evolve","Body Slam","Berserk"],"picked":"SKIP","floor":7},{"not_picked":["Clash","Sword Boomerang"],"picked":"Whirlwind","floor":8},{"not_picked":["Clothesline","Power Through","Bloodletting"],"picked":"SKIP","floor":12},{"not_picked":["Headbutt","Wild Strike","Corruption"],"picked":"SKIP","floor":13},{"not_picked":["True Grit","Perfected Strike"],"picked":"Double Tap","floor":14}],"player_experience":758796,"relics_obtained":[{"floor":7,"key":"Gremlin Horn"},{"floor":9,"key":"Blue Candle"}],"event_choices":[{"damage_healed":0,"gold_gain":0,"player_choice":"Take Damage","damage_taken":20,"relics_obtained":["Golden Idol"],"max_hp_gain":0,"max_hp_loss":0,"event_name":"Golden Idol","floor":2,"gold_loss":0},{"damage_healed":0,"gold_gain":175,"player_choice":"AGREE","damage_taken":0,"max_hp_gain":0,"max_hp_loss":0,"event_name":"Liars Game","floor":5,"gold_loss":0,"cards_obtained":["Doubt"]}],"is_beta":false,"boss_relics":[],"items_purged_floors":[11],"is_endless":false,"potions_floor_spawned":[8,13,14],"killed_by":"Hexaghost","ascension_level":1}