{"gold_per_floor":[119,130,150,161,173,173,202,202,225,253,253,265,10,0,0,100,100,86,99,59,73,88,120,120,137,161,76,76,76],"floor_reached":29,"playtime":1625,"items_purged":["Doubt"],"score":296,"play_id":"012c4e2f-82a2-435e-8a81-dc16e21921a5","local_time":"20181011093633","is_ascension_mode":true,"campfire_choices":[{"data":"Thunderclap","floor":6,"key":"SMITH"},{"floor":8,"key":"REST"},{"floor":15,"key":"REST"},{"floor":24,"key":"REST"},{"data":"Inflame","floor":28,"key":"SMITH"}],"neow_cost":"CURSE","seed_source_timestamp":115270392811527,"circlet_count":0,"master_deck":["Strike_R","Strike_R","Strike_R","Strike_R","Strike_R","Defend_R+1","Defend_R+1","Bash","Reckless Charge","Dark Embrace","Thunderclap+1","Clothesline","Second Wind","Metallicize","Pommel Strike","Thunderclap+1","Cleave","Inflame+1","Shrug It Off","Metamorphosis+1","Impervious","Cleave","Battle Trance+1","Shockwave","Thunderclap+1","Immolate","Shrug It Off","Whirlwind+1","Infernal Blade","Iron Wave"],"relics":["Burning Blood","Prayer Wheel","Juzu Bracelet","War Paint","Lizard Tail","Orichalcum","Potion Belt","Frozen Egg 2"],"potions_floor_usage":[4,5,18,21,23],"damage_taken":[{"damage":6,"enemies":"Cultist","floor":1,"turns":3},{"damage":13,"enemies":"Jaw Worm","floor":2,"turns":4},{"damage":0,"enemies":"Small Slimes","floor":3,"turns":2},{"damage":11,"enemies":"Red Slaver","floor":4,"turns":3},{"damage":37,"enemies":"Exordium Thugs","floor":5,"turns":5},{"damage":21,"enemies":"Gremlin Nob","floor":7,"turns":5},{"damage":38,"enemies":"3 Sentries","floor":10,"turns":7},{"damage":0,"enemies":"3 Louse","floor":12,"turns":1},{"damage":28,"enemies":"Hexaghost","floor":16,"turns":9},{"damage":32,"enemies":"2 Thieves","floor":18,"turns":4},{"damage":19,"enemies":"Spheric Guardian","floor":19,"turns":5},{"damage":8,"enemies":"Chosen and Byrds","floor":21,"turns":5},{"damage":15,"enemies":"Snecko","floor":22,"turns":4},{"damage":60,"enemies":"Slavers","floor":23,"turns":4},{"damage":14,"enemies":"Snake Plant","floor":25,"turns":4},{"damage":57,"enemies":"Book of Stabbing","floor":29,"turns":6}],"seed_played":"-3649423792405884844","potions_obtained":[{"floor":2,"key":"Weak Potion"},{"floor":4,"key":"SkillPotion"},{"floor":10,"key":"SpeedPotion"},{"floor":16,"key":"Regen Potion"},{"floor":18,"key":"Explosive Potion"}],"is_trial":false,"path_per_floor":["M","M","M","M","M","R","E","R","T","E","?","M","$","?","R","B",null,"M","M","?","M","M","E","R","M","T","?","R"],"character_chosen":"IRONCLAD","items_purchased":["Metamorphosis"],"campfire_rested":3,"item_purchase_floors":[13],"current_hp_per_floor":[80,73,79,74,43,43,28,52,52,20,20,26,26,26,50,28,80,66,53,53,51,42,28,52,44,44,44,44,0],"gold":76,"neow_bonus":"TRANSFORM_TWO_CARDS","is_prod":false,"is_daily":false,"chose_seed":false,"campfire_upgraded":2,"win_rate":0,"timestamp":1539264993,"path_taken":["M","M","?","M","M","R","E","R","T","E","?","M","$","?","R","BOSS","M","M","?","M","M","E","R","M","T","?","R","E"],"build_version":"2018-10-04v2","purchased_purges":1,"victory":false,"max_hp_per_floor":[80,80,80,80,80,80,80,80,80,80,80,80,80,80,80,80,80,80,80,80,80,80,80,80,80,80,80,80,80],"card_choices":[{"not_picked":["Flex","Dual Wield"],"picked":"Thunderclap","floor":1},{"not_picked":["Headbutt","Hemokinesis"],"picked":"Clothesline","floor":2},{"not_picked":["Pummel","Brutality"],"picked":"Second Wind","floor":3},{"not_picked":["Perfected Strike","Power Through"],"picked":"Metallicize","floor":4},{"not_picked":["Clash","Clothesline"],"picked":"Pommel Strike","floor":5},{"not_picked":["Entrench","Exhume"],"picked":"Thunderclap","floor":7},{"not_picked":["Pommel Strike","Searing Blow"],"picked":"Cleave","floor":10},{"not_picked":["Infernal Blade","Clash"],"picked":"Inflame","floor":12},{"not_picked":["Intimidate","Ghostly Armor"],"picked":"Shrug It Off","floor":12},{"not_picked":["Exhume","Barricade"],"picked":"Impervious","floor":16},{"not_picked":["Warcry","Body Slam"],"picked":"Cleave","floor":18},{"not_picked":["Flame Barrier","Bloodletting"],"picked":"Battle Trance+1","floor":18},{"not_picked":["Combust+1","Headbutt"],"picked":"Shockwave","floor":19},{"not_picked":["Cleave","Clothesline"],"picked":"Thunderclap+1","floor":19},{"not_picked":["Armaments","Blood for Blood"],"picked":"Immolate","floor":21},{"not_picked":["Shockwave","Ghostly Armor"],"picked":"Shrug It Off","floor":21},{"not_picked":["Reckless Charge","Bloodletting+1"],"picked":"Whirlwind+1","floor":22},{"not_picked":["Flex","Clash","Anger"],"picked":"SKIP","floor":22},{"not_picked":["Whirlwind","Flame Barrier"],"picked":"Infernal Blade","floor":23},{"not_picked":["Warcry","Twin Strike+1"],"picked":"Iron Wave","floor":25},{"not_picked":["Sword Boomerang+1","Dropkick","Heavy Blade+1"],"picked":"SKIP","floor":25}],"player_experience":247016,"relics_obtained":[{"floor":7,"key":"Prayer Wheel"},{"floor":9,"key":"Juzu Bracelet"},{"floor":10,"key":"War Paint"},{"floor":23,"key":"Orichalcum"},{"floor":26,"key":"Potion Belt"}],"event_choices":[{"event_name":"Accursed Blacksmith","player_choice":"Forge","floor":11,"damage_taken":0},{"event_name":"World of Goop","player_choice":"Left","floor":14,"damage_taken":0},{"event_name":"Designer","player_choice":"Upgrade Card","floor":20,"damage_taken":0},{"event_name":"Addict","player_choice":"Obtained Relic","floor":27,"damage_taken":0}],"is_beta":false,"boss_relics":[{"not_picked":["Orrery","Black Blood"],"picked":"Lizard Tail"}],"items_purged_floors":[13],"is_endless":false,"potions_floor_spawned":[2,4,10,16,18],"killed_by":"Book of Stabbing","ascension_level":3}