{"gold_per_floor":[111,39,57,157,174,174,189,205,205,224,253,253,265,283,283,385,385,396,407,332,432,451,451],"floor_reached":23,"playtime":1053,"items_purged":[],"score":187,"play_id":"7139227f-2655-4fb2-8134-bb08bf11940b","local_time":"20180905204405","daily_mods":["Draft","Heirloom"],"is_ascension_mode":false,"campfire_choices":[{"data":"Defragment","floor":6,"key":"SMITH"},{"floor":12,"key":"REST"},{"data":"Defragment","floor":15,"key":"SMITH"}],"neow_cost":"","seed_source_timestamp":0,"circlet_count":0,"master_deck":["Capacitor","Barrage","Stack","Cold Snap","FTL","Cold Snap","Redo","Loop","Defragment+1","Barrage","Coolheaded","Consume","Hello World","FTL","Turbo","Loop","Defragment+1","Cold Snap","Hologram","Redo","Redo","Hologram","Steam","Hello World","Rainbow","Steam","Self Repair","Ball Lightning+1","Turbo"],"relics":["Cracked Core","Ginger","Ornamental Fan","Odd Mushroom","Fusion Hammer","Thread and Needle","Gremlin Horn"],"potions_floor_usage":[16,21,21,21,21,21],"damage_taken":[{"damage":15,"enemies":"Small Slimes","floor":1,"turns":3},{"damage":2,"enemies":"Cultist","floor":3,"turns":4},{"damage":4,"enemies":"2 Louse","floor":5,"turns":3},{"damage":22,"enemies":"Gremlin Gang","floor":7,"turns":3},{"damage":17,"enemies":"Exordium Wildlife","floor":8,"turns":3},{"damage":1,"enemies":"Blue Slaver","floor":10,"turns":2},{"damage":12,"enemies":"The Mushroom Lair","floor":11,"turns":3},{"damage":6,"enemies":"Looter","floor":13,"turns":3},{"damage":9,"enemies":"2 Fungi Beasts","floor":14,"turns":3},{"damage":3,"enemies":"Slime Boss","floor":16,"turns":6},{"damage":22,"enemies":"3 Byrds","floor":18,"turns":4},{"damage":10,"enemies":"Chosen","floor":19,"turns":5},{"damage":7,"enemies":"Colosseum Slavers","floor":21,"turns":4},{"damage":25,"enemies":"Colosseum Nobs","floor":21,"turns":6},{"damage":17,"enemies":"Snake Plant","floor":22,"turns":5},{"damage":9,"enemies":"Book of Stabbing","floor":23,"turns":1}],"seed_played":"7799050587272323704","potions_obtained":[{"floor":8,"key":"SkillPotion"},{"floor":10,"key":"Fire Potion"},{"floor":13,"key":"LiquidBronze"},{"floor":14,"key":"EntropicBrew"},{"floor":18,"key":"LiquidBronze"}],"is_trial":true,"path_per_floor":["M","$","M","?","M","R","M","M","T","M","?","R","M","M","R","B",null,"M","M","?","?","M"],"character_chosen":"DEFECT","items_purchased":["Loop"],"campfire_rested":1,"item_purchase_floors":[2],"current_hp_per_floor":[60,60,58,58,54,54,32,15,15,14,2,24,18,9,9,6,75,53,43,43,25,8,0],"gold":451,"neow_bonus":"","is_prod":false,"is_daily":false,"chose_seed":false,"campfire_upgraded":2,"win_rate":0,"timestamp":1536147845,"path_taken":["M","$","M","?","M","R","M","M","T","?","?","R","M","M","R","BOSS","M","M","?","?","?","E"],"build_version":"2018-09-04-v2","purchased_purges":0,"victory":false,"max_hp_per_floor":[75,75,75,75,75,75,75,75,75,75,75,75,75,75,75,75,75,75,75,75,75,75,75],"card_choices":[{"not_picked":["Cold Snap","Rebound"],"picked":"Capacitor","floor":0},{"not_picked":["Streamline","Sweeping Beam"],"picked":"Barrage","floor":0},{"not_picked":["Tempest","Sweeping Beam"],"picked":"Stack","floor":0},{"not_picked":["Turbo","Compile Driver"],"picked":"Cold Snap","floor":0},{"not_picked":["Melter","Beam Cell"],"picked":"FTL","floor":0},{"not_picked":["Beam Cell","Conserve Battery"],"picked":"Cold Snap","floor":0},{"not_picked":["Gash","Compile Driver"],"picked":"Redo","floor":0},{"not_picked":["Turbo","Gash"],"picked":"Loop","floor":0},{"not_picked":["Chill","Sweeping Beam"],"picked":"Defragment","floor":0},{"not_picked":["Coolheaded","Genetic Algorithm"],"picked":"Barrage","floor":0},{"not_picked":["Recycle","Gash"],"picked":"Sweeping Beam","floor":0},{"not_picked":["Streamline","Reprogram"],"picked":"Coolheaded","floor":0},{"not_picked":["Go for the Eyes","Glacier"],"picked":"Consume","floor":0},{"not_picked":["Undo","Redo"],"picked":"Hello World","floor":0},{"not_picked":["Heatsinks","Compile Driver"],"picked":"FTL","floor":0},{"not_picked":["Sweeping Beam","Doom and Gloom"],"picked":"Turbo","floor":1},{"not_picked":["Aggregate","Go for the Eyes"],"picked":"Defragment","floor":3},{"not_picked":["Force Field","Hologram"],"picked":"Cold Snap","floor":5},{"not_picked":["Rebound","Hello World"],"picked":"Hologram","floor":7},{"not_picked":["Undo","Leap"],"picked":"Redo","floor":8},{"not_picked":["Lockon","Rebound"],"picked":"Redo","floor":10},{"not_picked":["Lockon","Reprogram"],"picked":"Hologram","floor":11},{"not_picked":["Conserve Battery","Compile Driver"],"picked":"Steam","floor":13},{"not_picked":["Gash","Compile Driver"],"picked":"Hello World","floor":14},{"not_picked":["All For One","Multi-Cast"],"picked":"Rainbow","floor":16},{"not_picked":["Storm","Rebound+1"],"picked":"Steam","floor":18},{"not_picked":["Leap","Cold Snap+1"],"picked":"Self Repair","floor":19},{"not_picked":["Hello World+1","Rebound"],"picked":"Ball Lightning+1","floor":21},{"not_picked":["Sweeping Beam","Steam"],"picked":"Turbo","floor":22}],"player_experience":384377,"relics_obtained":[{"floor":9,"key":"Ornamental Fan"},{"floor":11,"key":"Odd Mushroom"},{"floor":21,"key":"Thread and Needle"},{"floor":21,"key":"Gremlin Horn"}],"event_choices":[{"event_name":"Golden Shrine","player_choice":"Pray","floor":4,"damage_taken":0},{"event_name":"Mushrooms","player_choice":"Fought Mushrooms","floor":11,"damage_taken":0},{"event_name":"Beggar","player_choice":"Gave Gold","floor":20,"damage_taken":0},{"event_name":"Colosseum","player_choice":"Fight","floor":21,"damage_taken":0},{"event_name":"Colosseum","player_choice":"Fought Nobs","floor":21,"damage_taken":0}],"is_beta":true,"boss_relics":[{"not_picked":["Runic Pyramid","Empty Cage"],"picked":"Fusion Hammer"}],"items_purged_floors":[],"is_endless":false,"potions_floor_spawned":[8,10,13,14,18,21],"killed_by":"Book of Stabbing","ascension_level":0}