{"path_per_floor":["M","$","M","?","?","E","$","R","T","T","M","E","M","E","R","B",null,"M","M","$","?","$"],"character_chosen":"DEFECT","items_purchased":["Glacier","Sunder","Chaos"],"gold_per_floor":[114,1,15,15,15,42,3,3,3,3,18,47,64,97,97,200,200,215,230,230,230,151,151],"floor_reached":23,"campfire_rested":0,"playtime":1481,"item_purchase_floors":[2,7,22],"current_hp_per_floor":[74,74,72,72,65,45,45,45,45,45,52,46,48,46,46,17,75,70,41,41,41,41,0],"items_purged":["Strike_B"],"gold":151,"score":207,"play_id":"6645b2e9-83c2-404f-84ca-8f17f617841c","local_time":"20180521144348","is_prod":false,"is_daily":false,"chose_seed":false,"is_ascension_mode":false,"campfire_upgraded":1,"timestamp":1526881428,"campfire_choices":[{"data":"Dualcast","floor":8,"key":"SMITH"},{"floor":15,"key":"DIG"}],"path_taken":["M","$","M","?","?","E","$","R","T","?","M","E","?","E","R","BOSS","M","M","$","?","$","E"],"build_version":"2018-05-18","seed_source_timestamp":11787429516587,"purchased_purges":1,"victory":false,"master_deck":["Zap","Dualcast+1","Turbo","Glacier+1","Streamline","Glacier","Self Repair","Sunder","Streamline","Electrodynamics","Hello World","Self Repair","Echo Form","Lockon","Defragment","Cold Snap","Stack+1","Rebound","Skim","Streamline+1","Chaos"],"max_hp_per_floor":[75,75,75,75,75,75,75,75,75,75,75,75,75,75,75,75,75,75,75,75,75,75,75],"relics":["Cracked Core","Omamori","Toolbox","Bottled Tornado","Ice Cream","Shovel","Dream Catcher","Pandora\u0027s Box","War Paint"],"card_choices":[{"not_picked":["Axe Kick","Steam"],"picked":"Turbo","floor":1},{"not_picked":["Stack","FTL"],"picked":"Streamline","floor":3},{"not_picked":["Auto Shields","Lockon"],"picked":"Self Repair","floor":6},{"not_picked":["Leap","Cold Snap"],"picked":"Streamline","floor":11},{"not_picked":["Undo","Leap"],"picked":"Electrodynamics","floor":12},{"not_picked":["Stack","Turbo"],"picked":"Hello World","floor":13},{"not_picked":["Stack","Barrage"],"picked":"Self Repair","floor":14},{"not_picked":["Buffer","Rainbow"],"picked":"Echo Form","floor":16},{"not_picked":["Barrage+1","Glacier"],"picked":"Skim","floor":18},{"not_picked":["Coolheaded","Sweeping Beam"],"picked":"Streamline+1","floor":19}],"player_experience":148010,"potions_floor_usage":[14,16],"damage_taken":[{"damage":1,"enemies":"Jaw Worm","floor":1,"turns":3},{"damage":2,"enemies":"Cultist","floor":3,"turns":4},{"damage":20,"enemies":"Lagavulin","floor":6,"turns":8},{"damage":0,"enemies":"2 Louse","floor":11,"turns":2},{"damage":13,"enemies":"3 Sentries","floor":12,"turns":9},{"damage":5,"enemies":"Looter","floor":13,"turns":3},{"damage":12,"enemies":"Gremlin Nob","floor":14,"turns":3},{"damage":36,"enemies":"Hexaghost","floor":16,"turns":10},{"damage":5,"enemies":"Chosen","floor":18,"turns":6},{"damage":43,"enemies":"2 Thieves","floor":19,"turns":5},{"damage":44,"enemies":"Book of Stabbing","floor":23,"turns":6}],"relics_obtained":[{"floor":6,"key":"Omamori"},{"floor":9,"key":"Toolbox"},{"floor":10,"key":"Bottled Tornado"},{"floor":12,"key":"Ice Cream"},{"floor":14,"key":"Shovel"},{"floor":15,"key":"Dream Catcher"}],"event_choices":[{"event_name":"Living Wall","player_choice":"Change","floor":4,"damage_taken":0},{"event_name":"Golden Wing","player_choice":"Card Removal","floor":5,"damage_taken":0},{"event_name":"The Mausoleum","player_choice":"Yes","floor":21,"damage_taken":0}],"boss_relics":[{"not_picked":["Lizard Tail","Eternal Feather"],"picked":"Pandora\u0027s Box"}],"items_purged_floors":[2],"potions_floor_spawned":[6,11,12,13,18],"seed_played":"2909294748790190461","killed_by":"Book of Stabbing","ascension_level":0,"potions_obtained":[{"floor":6,"key":"Poison Potion"},{"floor":11,"key":"FocusPotion"},{"floor":12,"key":"Strength Potion"},{"floor":13,"key":"Dexterity Potion"},{"floor":18,"key":"Energy Potion"}],"is_trial":false}