{"gold_per_floor":[109,109,109,133,154,154,154,168,192,207,236,257,280,131,131,254,254,279,179,279,297,172,172,191,191,191,215,235,235,85,110,110,236,236,257,257,82,415,515,515,529,78,78,0,14,27,27,0,0,0],"floor_reached":51,"playtime":2581,"items_purged":["Strike_B","Strike_B","Defend_B","Defend_B","Defend_B","Defend_B"],"score":689,"play_id":"e8bd18e5-0895-4ff2-88b3-69e938cb73a5","local_time":"20181102234517","is_ascension_mode":false,"campfire_choices":[{"data":"Dualcast","floor":6,"key":"SMITH"},{"data":"Defragment","floor":15,"key":"SMITH"},{"data":"Defragment","floor":23,"key":"SMITH"},{"data":"Fission","floor":25,"key":"SMITH"},{"data":"Glacier","floor":32,"key":"SMITH"},{"data":"Conserve Battery","floor":40,"key":"SMITH"},{"data":"Defragment","floor":49,"key":"SMITH"}],"neow_cost":"NONE","seed_source_timestamp":192750203190502,"circlet_count":0,"master_deck":["Strike_B+1","Zap+1","Dualcast+1","Beam Cell","Ball Lightning","Glacier+1","White Noise","Defragment+1","Machine Learning","Hello World","Defragment+1","Fission+1","Self Repair","Steam+1","Coolheaded","Stack+1","Cold Snap+1","Necronomicurse","Conserve Battery+1","Electrodynamics","Conserve Battery","Ball Lightning+1","Cold Snap+1","Coolheaded","Blizzard","All For One","Defragment+1","Coolheaded+1","Creative AI"],"relics":["Cracked Core","NeowsBlessing","Anchor","Odd Mushroom","Philosopher\u0027s Stone","Sundial","Necronomicon","Inserter","Incense Burner","Bottled Tornado","Red Mask"],"potions_floor_usage":[50,50,50],"damage_taken":[{"damage":0,"enemies":"Jaw Worm","floor":1,"turns":1},{"damage":0,"enemies":"2 Louse","floor":4,"turns":1},{"damage":0,"enemies":"Small Slimes","floor":5,"turns":1},{"damage":3,"enemies":"Red Slaver","floor":8,"turns":3},{"damage":0,"enemies":"Blue Slaver","floor":10,"turns":2},{"damage":2,"enemies":"The Mushroom Lair","floor":11,"turns":3},{"damage":11,"enemies":"Exordium Thugs","floor":12,"turns":4},{"damage":0,"enemies":"3 Louse","floor":13,"turns":2},{"damage":14,"enemies":"Hexaghost","floor":16,"turns":8},{"damage":0,"enemies":"Chosen","floor":18,"turns":5},{"damage":1,"enemies":"Shell Parasite","floor":21,"turns":4},{"damage":14,"enemies":"Snake Plant","floor":24,"turns":5},{"damage":18,"enemies":"3 Cultists","floor":27,"turns":6},{"damage":4,"enemies":"Centurion and Healer","floor":28,"turns":8},{"damage":15,"enemies":"Chosen and Byrds","floor":31,"turns":6},{"damage":9,"enemies":"Automaton","floor":33,"turns":9},{"damage":5,"enemies":"Orb Walker","floor":35,"turns":3},{"damage":13,"enemies":"Mind Bloom Boss Battle","floor":39,"turns":8},{"damage":0,"enemies":"3 Shapes","floor":41,"turns":4},{"damage":0,"enemies":"Jaw Worm Horde","floor":45,"turns":3},{"damage":0,"enemies":"Transient","floor":46,"turns":5},{"damage":7,"enemies":"Donu and Deca","floor":50,"turns":8}],"seed_played":"4344105135920248656","potions_obtained":[{"floor":8,"key":"SkillPotion"},{"floor":10,"key":"SneckoOil"},{"floor":16,"key":"FearPotion"},{"floor":24,"key":"SkillPotion"},{"floor":28,"key":"EssenceOfSteel"},{"floor":46,"key":"Block Potion"}],"is_trial":false,"path_per_floor":["M","?","?","M","M","R","?","M","T","M","?","M","M","$","R","B",null,"M","$","?","M","$","R","M","R","T","M","M","?","$","M","R","B",null,"M","?","$","?","?","R","M","$","T","$","M","M","?","?","R","B",null],"character_chosen":"DEFECT","items_purchased":["Defragment","Coolheaded","Blizzard","All For One","Defragment"],"campfire_rested":0,"item_purchase_floors":[14,42,42,42,44],"current_hp_per_floor":[75,57,42,42,42,42,42,39,39,39,37,26,26,26,26,12,75,75,75,75,75,75,75,68,68,68,57,60,44,44,36,36,34,75,70,70,70,70,64,64,71,71,71,71,75,75,75,75,75,75],"gold":0,"neow_bonus":"THREE_ENEMY_KILL","is_prod":false,"is_daily":false,"chose_seed":false,"campfire_upgraded":7,"win_rate":0,"timestamp":1541169917,"path_taken":["M","?","?","M","M","R","?","M","T","?","?","M","M","?","R","BOSS","M","$","?","M","?","R","M","R","T","M","M","?","?","?","R","BOSS","M","?","$","?","?","R","M","$","T","?","?","M","?","?","R","BOSS"],"build_version":"2018-11-01","purchased_purges":6,"victory":true,"max_hp_per_floor":[75,75,75,75,75,75,75,75,75,75,75,75,75,75,75,75,75,75,75,75,75,75,75,75,75,75,75,75,75,75,75,75,75,75,75,75,75,75,75,75,75,75,75,75,75,75,75,75,75,75],"card_choices":[{"not_picked":["Hologram","Genetic Algorithm"],"picked":"Beam Cell","floor":1},{"not_picked":["Turbo","Go for the Eyes"],"picked":"Ball Lightning","floor":4},{"not_picked":["Compile Driver","Redo"],"picked":"Glacier","floor":5},{"not_picked":["Leap","Sunder"],"picked":"Sweeping Beam","floor":8},{"not_picked":["Steam","Melter"],"picked":"White Noise","floor":10},{"not_picked":["Rebound","Beam Cell"],"picked":"Defragment","floor":11},{"not_picked":["Sweeping Beam","Streamline"],"picked":"Machine Learning","floor":12},{"not_picked":["Leap","Compile Driver"],"picked":"Hello World","floor":13},{"not_picked":["Seek","Reboot"],"picked":"Fission","floor":16},{"not_picked":["Heatsinks+1","Stack"],"picked":"Self Repair","floor":18},{"not_picked":["Sweeping Beam+1","Beam Cell"],"picked":"Steam+1","floor":21},{"not_picked":["Tempest","Static Discharge"],"picked":"Coolheaded","floor":24},{"not_picked":["Rebound","Storm"],"picked":"Stack+1","floor":27},{"not_picked":["Double Energy","Recycle+1"],"picked":"Cold Snap+1","floor":28},{"not_picked":["Barrage","Fusion"],"picked":"Conserve Battery","floor":31},{"not_picked":["Meteor Strike","Seek"],"picked":"Electrodynamics","floor":33},{"not_picked":["Stack+1","Turbo+1"],"picked":"Conserve Battery","floor":35},{"not_picked":["Barrage+1","Beam Cell+1"],"picked":"Ball Lightning+1","floor":39},{"not_picked":["Rebound","Leap+1"],"picked":"Cold Snap+1","floor":41},{"not_picked":["Ball Lightning","Redo"],"picked":"Coolheaded+1","floor":45},{"not_picked":["Heatsinks","Go for the Eyes"],"picked":"Creative AI","floor":46}],"player_experience":552564,"relics_obtained":[{"floor":9,"key":"Anchor"},{"floor":11,"key":"Odd Mushroom"},{"floor":26,"key":"Sundial"},{"floor":29,"key":"Necronomicon"},{"floor":39,"key":"Incense Burner"},{"floor":43,"key":"Bottled Tornado"}],"event_choices":[{"damage_healed":0,"gold_gain":0,"player_choice":"Take Damage","damage_taken":18,"relics_obtained":["Golden Idol"],"max_hp_gain":0,"max_hp_loss":0,"event_name":"Golden Idol","floor":2,"gold_loss":0},{"damage_healed":0,"gold_gain":0,"player_choice":"Entered Light","damage_taken":15,"max_hp_gain":0,"max_hp_loss":0,"event_name":"Shining Light","floor":3,"gold_loss":0,"cards_upgraded":["Strike_B","Zap"]},{"cards_removed":["Strike_B"],"damage_healed":0,"gold_gain":0,"player_choice":"Card Removal","damage_taken":0,"max_hp_gain":0,"max_hp_loss":0,"event_name":"Wheel of Change","floor":7,"gold_loss":0},{"damage_healed":0,"gold_gain":0,"player_choice":"Fought Mushrooms","damage_taken":0,"max_hp_gain":0,"max_hp_loss":0,"event_name":"Mushrooms","floor":11,"gold_loss":0},{"damage_healed":0,"gold_gain":100,"player_choice":"Pray","damage_taken":0,"max_hp_gain":0,"max_hp_loss":0,"event_name":"Golden Shrine","floor":20,"gold_loss":0},{"damage_healed":0,"gold_gain":0,"player_choice":"Obtained Book","damage_taken":16,"max_hp_gain":0,"max_hp_loss":0,"event_name":"Cursed Tome","floor":29,"gold_loss":0},{"cards_removed":["Sweeping Beam"],"damage_healed":0,"gold_gain":0,"player_choice":"Removed Attack","damage_taken":0,"max_hp_gain":0,"max_hp_loss":0,"event_name":"Falling","floor":36,"gold_loss":0},{"damage_healed":0,"gold_gain":333,"player_choice":"Gave Idol","damage_taken":0,"max_hp_gain":0,"max_hp_loss":0,"event_name":"The Moai Head","floor":38,"relics_lost":["Golden Idol"],"gold_loss":0},{"damage_healed":0,"gold_gain":0,"player_choice":"Fight","damage_taken":0,"max_hp_gain":0,"max_hp_loss":0,"event_name":"MindBloom","floor":39,"gold_loss":0},{"damage_healed":0,"gold_gain":0,"player_choice":"Memory 1","damage_taken":0,"max_hp_gain":0,"max_hp_loss":0,"event_name":"SensoryStone","floor":47,"gold_loss":0},{"damage_healed":0,"gold_gain":0,"player_choice":"Paid","damage_taken":0,"relics_obtained":["Red Mask"],"max_hp_gain":0,"max_hp_loss":0,"event_name":"Tomb of Lord Red Mask","floor":48,"gold_loss":27}],"is_beta":false,"boss_relics":[{"not_picked":["Tiny House","Fusion Hammer"],"picked":"Philosopher\u0027s Stone"},{"not_picked":["Orrery","Eternal Feather"],"picked":"Inserter"}],"items_purged_floors":[14,19,22,30,37,42],"is_endless":false,"potions_floor_spawned":[8,10,16,24,28,46],"ascension_level":0}