{"gold_per_floor":[114,129,129,204,129,156,83,83,83,98,125,300,300],"floor_reached":13,"playtime":265,"items_purged":["Strike_B"],"score":174,"play_id":"635b42ce-c8fe-4dc2-ac02-d7b32c53f7c5","local_time":"20181217172216","is_ascension_mode":true,"campfire_choices":[{"data":"Defragment","floor":8,"key":"SMITH"}],"neow_cost":"NONE","seed_source_timestamp":267896833920231,"circlet_count":0,"master_deck":["AscendersBane","Strike_B","Strike_B","Strike_B","Defend_B+1","Defend_B","Defend_B","Defend_B","Zap+1","Dualcast","Cold Snap","Capacitor+1","Defragment+1","Capacitor","Leap+1","Streamline","Doubt"],"relics":["Cracked Core","NeowsBlessing","Girya","The Courier","War Paint"],"potions_floor_usage":[],"damage_taken":[{"damage":0,"enemies":"Jaw Worm","floor":1,"turns":1},{"damage":0,"enemies":"2 Louse","floor":2,"turns":1},{"damage":0,"enemies":"Lagavulin","floor":6,"turns":1},{"damage":2,"enemies":"Cultist","floor":10,"turns":3},{"damage":24,"enemies":"3 Sentries","floor":11,"turns":13},{"damage":0,"enemies":"Gremlin Nob","floor":13,"turns":2}],"seed_played":"3073010859401702564","potions_obtained":[{"floor":1,"key":"SpeedPotion"}],"is_trial":false,"path_per_floor":["M","M","?","?","$","E","$","R","T","M","E","?","E"],"character_chosen":"DEFECT","items_purchased":["Capacitor"],"campfire_rested":0,"item_purchase_floors":[7],"current_hp_per_floor":[68,68,53,42,42,42,42,42,42,40,16,16,16],"gold":300,"neow_bonus":"THREE_ENEMY_KILL","is_prod":false,"is_daily":false,"chose_seed":false,"campfire_upgraded":1,"win_rate":0,"timestamp":1545085336,"path_taken":["M","M","?","?","?","E","$","R","T","M","E","?","E"],"build_version":"2018-12-13","purchased_purges":1,"victory":false,"max_hp_per_floor":[75,75,75,75,75,75,75,75,75,75,75,75,75],"card_choices":[{"not_picked":["Leap","Barrage"],"picked":"Cold Snap","floor":1},{"not_picked":["Doom and Gloom","Force Field"],"picked":"Capacitor","floor":2},{"not_picked":["Loop","Double Energy"],"picked":"Defragment","floor":6},{"not_picked":["Streamline","Hello World"],"picked":"Leap","floor":10},{"not_picked":["Turbo","Leap"],"picked":"Streamline","floor":11}],"player_experience":362364,"relics_obtained":[{"floor":6,"key":"Girya"},{"floor":9,"key":"The Courier"},{"floor":11,"key":"War Paint"}],"event_choices":[{"damage_healed":0,"gold_gain":0,"player_choice":"Entered Light","damage_taken":15,"max_hp_gain":0,"max_hp_loss":0,"event_name":"Shining Light","floor":3,"gold_loss":0,"cards_upgraded":["Defend_B","Capacitor"]},{"damage_healed":0,"gold_gain":75,"player_choice":"Gather Gold","damage_taken":11,"max_hp_gain":0,"max_hp_loss":0,"event_name":"World of Goop","floor":4,"gold_loss":0},{"damage_healed":0,"gold_gain":175,"player_choice":"AGREE","damage_taken":0,"max_hp_gain":0,"max_hp_loss":0,"event_name":"Liars Game","floor":12,"gold_loss":0,"cards_obtained":["Doubt"]}],"is_beta":false,"boss_relics":[],"items_purged_floors":[5],"is_endless":false,"potions_floor_spawned":[1],"killed_by":"Gremlin Nob","ascension_level":10}