{"gold_per_floor":[112,129,129,143,143,186,186,209,232,257,297,297,188,224,224,343,343,367,383,406,406,422,422],"floor_reached":23,"playtime":1167,"items_purged":[],"score":266,"play_id":"e96999f5-0fff-4d44-bdb9-7bef383129df","local_time":"20190205152346","is_ascension_mode":true,"campfire_choices":[{"floor":12,"key":"REST"},{"floor":15,"key":"REST"}],"neow_cost":"TEN_PERCENT_HP_LOSS","seed_source_timestamp":2300409105703506,"circlet_count":0,"master_deck":["Strike_R","Strike_R","Strike_R","Strike_R","Defend_R","Defend_R","Defend_R","Defend_R","Bash","Demon Form","True Grit","Carnage","Flame Barrier","Spot Weakness","Infernal Blade","Second Wind","True Grit","Offering","Battle Trance","Armaments","Armaments"],"relics":["Burning Blood","Golden Idol","Red Skull","Potion Belt","Lantern","Centennial Puzzle","Boot","Snecko Eye"],"potions_floor_usage":[6,8,18,19,19,23],"damage_taken":[{"damage":6,"enemies":"Small Slimes","floor":1,"turns":3},{"damage":7,"enemies":"2 Louse","floor":2,"turns":3},{"damage":1,"enemies":"Cultist","floor":4,"turns":3},{"damage":8,"enemies":"Gremlin Nob","floor":6,"turns":3},{"damage":35,"enemies":"Gremlin Gang","floor":8,"turns":5},{"damage":5,"enemies":"3 Louse","floor":10,"turns":3},{"damage":13,"enemies":"Lagavulin","floor":11,"turns":7},{"damage":10,"enemies":"3 Sentries","floor":14,"turns":4},{"damage":31,"enemies":"Hexaghost","floor":16,"turns":9},{"damage":10,"enemies":"Shell Parasite","floor":18,"turns":4},{"damage":13,"enemies":"2 Thieves","floor":19,"turns":4},{"damage":7,"enemies":"Snecko","floor":20,"turns":4},{"damage":6,"enemies":"Centurion and Healer","floor":22,"turns":5},{"damage":56,"enemies":"Gremlin Leader","floor":23,"turns":5}],"seed_played":"1432428823973346635","potions_obtained":[{"floor":2,"key":"Strength Potion"},{"floor":4,"key":"Explosive Potion"},{"floor":14,"key":"SteroidPotion"},{"floor":16,"key":"Weak Potion"},{"floor":18,"key":"Dexterity Potion"},{"floor":19,"key":"Ancient Potion"}],"is_trial":false,"path_per_floor":["M","M","?","M","?","E","?","M","T","M","E","R","?","E","R","B",null,"M","M","M","?","M","E"],"character_chosen":"IRONCLAD","items_purchased":[],"campfire_rested":2,"item_purchase_floors":[],"current_hp_per_floor":[72,71,53,58,63,61,49,20,20,21,14,37,37,33,56,31,66,62,55,54,54,54,0],"gold":422,"neow_bonus":"THREE_RARE_CARDS","is_prod":false,"is_daily":false,"chose_seed":false,"campfire_upgraded":0,"win_rate":0,"timestamp":1549398226,"path_taken":["M","M","?","M","?","E","?","M","T","M","E","R","?","E","R","BOSS","M","?","?","?","M","E"],"build_version":"2019-01-23","purchased_purges":0,"victory":false,"max_hp_per_floor":[72,72,72,72,77,77,77,77,77,77,77,77,77,77,77,77,77,77,77,77,77,77,77],"card_choices":[{"not_picked":["Brutality","Impervious"],"picked":"Demon Form","floor":0},{"not_picked":["Anger","Wild Strike"],"picked":"True Grit","floor":1},{"not_picked":["Seeing Red","Sword Boomerang"],"picked":"Carnage","floor":2},{"not_picked":["Brutality","Burning Pact"],"picked":"Flame Barrier","floor":4},{"not_picked":["Cleave","Iron Wave","Dropkick"],"picked":"SKIP","floor":6},{"not_picked":["Combust","Wild Strike"],"picked":"Spot Weakness","floor":8},{"not_picked":["Warcry","Twin Strike"],"picked":"Infernal Blade","floor":10},{"not_picked":["Cleave","Warcry"],"picked":"Second Wind","floor":11},{"not_picked":["Hemokinesis","Dual Wield"],"picked":"True Grit","floor":14},{"not_picked":["Fiend Fire","Reaper"],"picked":"Offering","floor":16},{"not_picked":["Bloodletting","Havoc"],"picked":"Battle Trance","floor":18},{"not_picked":["Sword Boomerang","Dropkick"],"picked":"Armaments","floor":19},{"not_picked":["Bloodletting","Clothesline"],"picked":"Armaments","floor":20},{"not_picked":["Flex","True Grit","Sever Soul"],"picked":"SKIP","floor":22}],"player_experience":867008,"relics_obtained":[{"floor":6,"key":"Red Skull"},{"floor":11,"key":"Lantern"},{"floor":14,"key":"Boot"}],"event_choices":[{"damage_healed":0,"gold_gain":0,"player_choice":"Take Damage","damage_taken":18,"relics_obtained":["Golden Idol"],"max_hp_gain":0,"max_hp_loss":0,"event_name":"Golden Idol","floor":3,"gold_loss":0},{"damage_healed":0,"gold_gain":0,"player_choice":"Donut","damage_taken":0,"max_hp_gain":5,"max_hp_loss":0,"event_name":"Big Fish","floor":5,"gold_loss":0},{"damage_healed":0,"gold_gain":0,"player_choice":"Success","damage_taken":12,"relics_obtained":["Potion Belt"],"max_hp_gain":0,"max_hp_loss":0,"event_name":"Scrap Ooze","floor":7,"gold_loss":0},{"damage_healed":0,"gold_gain":0,"player_choice":"Paid Gold","damage_taken":0,"relics_obtained":["Centennial Puzzle"],"max_hp_gain":0,"max_hp_loss":0,"event_name":"WeMeetAgain","floor":13,"gold_loss":109},{"cards_removed":["Strike_R"],"damage_healed":0,"gold_gain":0,"player_choice":"Purged","damage_taken":0,"max_hp_gain":0,"max_hp_loss":0,"event_name":"Purifier","floor":21,"gold_loss":0}],"is_beta":false,"boss_relics":[{"not_picked":["Lizard Tail","Orrery"],"picked":"Snecko Eye"}],"items_purged_floors":[],"is_endless":false,"potions_floor_spawned":[2,4,14,16,18,19],"killed_by":"Gremlin Leader","ascension_level":5}