{"gold_per_floor":[111,123,273,54,70,70,102,102,127,127,145,177,192,226,226,304,304,323,323,323,323,323,356,356,356,380,380,380,414,25,51,63,147,159,188,200,212,204,216,228,20,20,20,20,34,68,68,95,95,95,95],"floor_reached":52,"playtime":2799,"items_purged":["Doubt","Writhe"],"score":2127,"play_id":"18c530db-d961-4222-abf0-82b574b6b45d","local_time":"20190130001532","is_ascension_mode":true,"campfire_choices":[{"data":"Catalyst","floor":6,"key":"SMITH"},{"data":"Noxious Fumes","floor":8,"key":"SMITH"},{"floor":10,"key":"REST"},{"data":"Catalyst","floor":15,"key":"SMITH"},{"data":"Burst","floor":24,"key":"SMITH"},{"floor":27,"key":"REST"},{"floor":32,"key":"REST"},{"data":"Noxious Fumes","floor":40,"key":"SMITH"},{"data":"Neutralize","floor":42,"key":"SMITH"},{"data":"Bouncing Flask","floor":47,"key":"SMITH"},{"data":"Leg Sweep","floor":49,"key":"SMITH"}],"neow_cost":"NONE","seed_source_timestamp":369899312509000,"circlet_count":0,"master_deck":["AscendersBane","Defend_G+1","Defend_G+1","Defend_G+1","Defend_G+1","Defend_G+1","Strike_G+1","Strike_G+1","Strike_G+1","Strike_G+1","Strike_G+1","Survivor","Neutralize+1","Backflip","Leg Sweep+1","Noxious Fumes+1","Sucker Punch+1","Bouncing Flask+1","Catalyst+1","Backflip","Dagger Spray","After Image","Catalyst+1","Noxious Fumes+1","Burst+1","Escape Plan+1","Ghostly+1","Ghostly+1","Ghostly+1","Escape Plan+1","Night Terror+1","Calculated Gamble+1","Doppelganger+1","Backflip+1"],"relics":["Orrery","Juzu Bracelet","Ancient Tea Set","Art of War","Bag of Marbles","Runic Pyramid","Toxic Egg 2","MutagenicStrength","Whetstone","Nilry\u0027s Codex","Boot","Potion Belt","Oddly Smooth Stone","MawBank","Cursed Key","Lee\u0027s Waffle","Bottled Lightning","Orichalcum"],"potions_floor_usage":[7,12,29,48,51,51],"damage_taken":[{"damage":4,"enemies":"Jaw Worm","floor":1,"turns":4},{"damage":1,"enemies":"Small Slimes","floor":2,"turns":3},{"damage":0,"enemies":"2 Louse","floor":5,"turns":3},{"damage":17,"enemies":"3 Sentries","floor":7,"turns":11},{"damage":0,"enemies":"Blue Slaver","floor":11,"turns":3},{"damage":14,"enemies":"Gremlin Nob","floor":12,"turns":3},{"damage":1,"enemies":"Looter","floor":13,"turns":3},{"damage":10,"enemies":"3 Sentries","floor":14,"turns":8},{"damage":15,"enemies":"Slime Boss","floor":16,"turns":7},{"damage":1,"enemies":"Spheric Guardian","floor":18,"turns":3},{"damage":0,"enemies":"Gremlin Leader","floor":23,"turns":5},{"damage":12,"enemies":"Slavers","floor":29,"turns":7},{"damage":0,"enemies":"Gremlin Leader","floor":31,"turns":6},{"damage":4,"enemies":"Automaton","floor":33,"turns":6},{"damage":2,"enemies":"3 Shapes","floor":35,"turns":4},{"damage":4,"enemies":"3 Darklings","floor":45,"turns":7},{"damage":0,"enemies":"Giant Head","floor":46,"turns":6},{"damage":0,"enemies":"Reptomancer","floor":48,"turns":3},{"damage":2,"enemies":"Time Eater","floor":50,"turns":5},{"damage":5,"enemies":"Awakened One","floor":51,"turns":12}],"seed_played":"-7771014818396148783","potions_obtained":[{"floor":1,"key":"SkillPotion"},{"floor":7,"key":"SteroidPotion"},{"floor":12,"key":"Dexterity Potion"},{"floor":16,"key":"Poison Potion"},{"floor":33,"key":"Fire Potion"},{"floor":38,"key":"GamblersBrew"},{"floor":46,"key":"Swift Potion"}],"is_trial":false,"path_per_floor":["M","M","?","$","M","R","E","R","T","R","M","E","M","E","R","B",null,"M","?","?","?","?","E","R","?","T","R","?","E","$","E","R","B",null,"M","?","?","?","?","R","$","R","T","?","M","E","R","E","R","B","B",null],"character_chosen":"THE_SILENT","items_purchased":["Catalyst","SteroidPotion","Oddly Smooth Stone","GhostInAJar","Escape Plan+1","Lee\u0027s Waffle"],"campfire_rested":3,"item_purchase_floors":[4,4,30,30,30,41],"current_hp_per_floor":[55,54,54,54,54,54,37,37,37,56,56,42,41,31,31,16,54,53,53,53,53,33,33,33,12,12,21,21,9,9,9,18,14,28,26,26,26,26,26,26,40,40,40,50,46,46,46,46,46,44,39],"gold":95,"neow_bonus":"BOSS_RELIC","is_prod":false,"is_daily":false,"chose_seed":false,"campfire_upgraded":8,"win_rate":0,"timestamp":1548825332,"path_taken":["M","M","?","$","M","R","E","R","T","R","M","E","M","E","R","BOSS","M","?","?","?","?","E","R","?","T","R","?","E","$","E","R","BOSS","M","?","?","?","?","R","?","R","T","?","M","E","R","E","R","BOSS","BOSS"],"build_version":"2019-01-23","purchased_purges":2,"victory":true,"max_hp_per_floor":[66,66,66,66,66,66,66,66,66,66,66,66,66,66,66,66,66,66,66,66,66,33,33,33,33,33,33,33,33,33,33,33,33,33,33,33,33,33,33,33,40,40,40,50,50,50,50,50,50,50,50],"card_choices":[{"not_picked":["Bouncing Flask","Masterful Stab"],"picked":"Backflip","floor":0},{"not_picked":["Blade Dance","Quick Slash"],"picked":"Leg Sweep","floor":0},{"not_picked":["Riddle With Holes","Dodge and Roll"],"picked":"Noxious Fumes","floor":0},{"not_picked":["Flying Knee","Acrobatics"],"picked":"Sucker Punch","floor":0},{"not_picked":["Reflex","Distraction"],"picked":"Bouncing Flask","floor":0},{"not_picked":["Quick Slash","Flying Knee"],"picked":"Well Laid Plans","floor":1},{"not_picked":["Slice","Prepared","Deflect"],"picked":"SKIP","floor":2},{"not_picked":["Finisher","Doppelganger"],"picked":"Backflip","floor":5},{"not_picked":["Underhanded Strike","Flying Knee"],"picked":"Dagger Spray","floor":7},{"not_picked":["Quick Slash","Tactician"],"picked":"After Image","floor":11},{"not_picked":["Bane","Concentrate","Sucker Punch"],"picked":"SKIP","floor":12},{"not_picked":["Underhanded Strike","Sucker Punch"],"picked":"Catalyst","floor":13},{"not_picked":["Envenom","Bane"],"picked":"Noxious Fumes","floor":14},{"not_picked":["Unload","Adrenaline"],"picked":"Burst","floor":16},{"not_picked":["Dagger Throw","Underhanded Strike","Slice+1"],"picked":"SKIP","floor":18},{"not_picked":["Dagger Throw","Deflect+1"],"picked":"Doppelganger+1","floor":23},{"not_picked":["Masterful Stab","Riddle With Holes","Setup+1"],"picked":"SKIP","floor":29},{"not_picked":["Dagger Spray","Grand Finale","Flechettes"],"picked":"SKIP","floor":31},{"not_picked":["Envenom","Venomology+1"],"picked":"Night Terror+1","floor":33},{"not_picked":["All Out Attack+1","Outmaneuver+1","Bane"],"picked":"SKIP","floor":35},{"not_picked":["Poisoned Stab","Outmaneuver+1"],"picked":"Calculated Gamble+1","floor":45},{"not_picked":["Predator+1","Well Laid Plans"],"picked":"Doppelganger+1","floor":46},{"not_picked":["Flechettes+1","Calculated Gamble+1"],"picked":"Backflip+1","floor":48}],"player_experience":1963583,"relics_obtained":[{"floor":7,"key":"Juzu Bracelet"},{"floor":9,"key":"Ancient Tea Set"},{"floor":12,"key":"Art of War"},{"floor":14,"key":"Bag of Marbles"},{"floor":23,"key":"Whetstone"},{"floor":25,"key":"Nilry\u0027s Codex"},{"floor":26,"key":"Boot"},{"floor":29,"key":"Potion Belt"},{"floor":31,"key":"MawBank"},{"floor":46,"key":"Bottled Lightning"},{"floor":48,"key":"Orichalcum"}],"event_choices":[{"damage_healed":0,"gold_gain":150,"player_choice":"AGREE","damage_taken":0,"max_hp_gain":0,"max_hp_loss":0,"event_name":"Liars Game","floor":3,"gold_loss":0,"cards_obtained":["Doubt"]},{"damage_healed":0,"gold_gain":0,"player_choice":"Opened","damage_taken":0,"relics_obtained":["Toxic Egg 2"],"max_hp_gain":0,"max_hp_loss":0,"event_name":"The Mausoleum","floor":19,"gold_loss":0,"cards_obtained":["Writhe"]},{"damage_healed":0,"gold_gain":0,"player_choice":"Read","damage_taken":0,"max_hp_gain":0,"max_hp_loss":0,"event_name":"The Library","floor":20,"gold_loss":0,"cards_obtained":["Escape Plan"]},{"damage_healed":0,"gold_gain":0,"player_choice":"Inject Mutagens","damage_taken":0,"relics_obtained":["MutagenicStrength"],"max_hp_gain":0,"max_hp_loss":0,"event_name":"Drug Dealer","floor":21,"gold_loss":0},{"damage_healed":0,"gold_gain":0,"player_choice":"Became a Ghost","damage_taken":0,"max_hp_gain":0,"max_hp_loss":33,"event_name":"Ghosts","floor":22,"gold_loss":0,"cards_obtained":["Ghostly","Ghostly","Ghostly"]},{"damage_healed":0,"gold_gain":0,"player_choice":"Obtained Book","damage_taken":21,"max_hp_gain":0,"max_hp_loss":0,"event_name":"Cursed Tome","floor":25,"gold_loss":0},{"damage_healed":0,"gold_gain":0,"player_choice":"Simplicity","damage_taken":0,"max_hp_gain":0,"max_hp_loss":0,"event_name":"Back to Basics","floor":28,"gold_loss":0,"cards_upgraded":["Defend_G","Defend_G","Defend_G","Defend_G","Defend_G","Strike_G","Strike_G","Strike_G","Strike_G"]},{"cards_removed":["Well Laid Plans"],"damage_healed":0,"gold_gain":0,"player_choice":"Removed Power","damage_taken":0,"max_hp_gain":0,"max_hp_loss":0,"event_name":"Falling","floor":36,"gold_loss":0},{"damage_healed":0,"gold_gain":0,"player_choice":"Ignored","damage_taken":0,"max_hp_gain":0,"max_hp_loss":0,"event_name":"Tomb of Lord Red Mask","floor":37,"gold_loss":0},{"damage_healed":0,"gold_gain":0,"player_choice":"Bought 1 Potion","damage_taken":0,"max_hp_gain":0,"max_hp_loss":0,"event_name":"The Woman in Blue","floor":38,"gold_loss":0},{"damage_healed":0,"gold_gain":0,"player_choice":"0 cards matched","damage_taken":0,"max_hp_gain":0,"max_hp_loss":0,"event_name":"Match and Keep!","floor":39,"gold_loss":0,"cards_obtained":[]},{"cards_removed":["Doppelganger"],"damage_healed":0,"gold_gain":0,"player_choice":"Offered Rare","damage_taken":0,"max_hp_gain":10,"max_hp_loss":0,"event_name":"Bonfire Elementals","floor":44,"gold_loss":0}],"is_beta":true,"boss_relics":[{"not_picked":["Pandora\u0027s Box","Ectoplasm"],"picked":"Runic Pyramid"},{"not_picked":["Calling Bell","WristBlade"],"picked":"Cursed Key"}],"items_purged_floors":[4,30],"is_endless":false,"potions_floor_spawned":[1,7,12,14,16,18,33,46],"ascension_level":20}