{"gold_per_floor":[115,115,115,39,59,91,110,437,437,437,447,35,64,87,87,87],"floor_reached":16,"playtime":661,"items_purged":["Strike_R"],"score":286,"play_id":"325a0eb7-4aeb-4f50-b586-7c93d858dc76","local_time":"20190209135909","is_ascension_mode":true,"campfire_choices":[{"floor":10,"key":"DIG"},{"floor":15,"key":"DIG"}],"neow_cost":"NONE","seed_source_timestamp":16105683034800,"circlet_count":0,"master_deck":["AscendersBane","Strike_R","Strike_R","Strike_R","Strike_R","Defend_R","Defend_R","Defend_R","Defend_R","Bash+1","Ghostly Armor","Battle Trance","Whirlwind","Uppercut","Evolve","Flame Barrier","Barricade"],"relics":["Burning Blood","NeowsBlessing","Shovel","Old Coin","Incense Burner","Strawberry","Torii","Blood Vial","Odd Mushroom","Pen Nib"],"potions_floor_usage":[16,16],"damage_taken":[{"damage":0,"enemies":"Small Slimes","floor":1,"turns":1},{"damage":0,"enemies":"Jaw Worm","floor":5,"turns":1},{"damage":0,"enemies":"Lagavulin","floor":6,"turns":1},{"damage":1,"enemies":"Cultist","floor":7,"turns":3},{"damage":26,"enemies":"Gremlin Nob","floor":8,"turns":4},{"damage":6,"enemies":"Large Slime","floor":11,"turns":8},{"damage":43,"enemies":"3 Sentries","floor":13,"turns":9},{"damage":3,"enemies":"The Mushroom Lair","floor":14,"turns":4},{"damage":32,"enemies":"Slime Boss","floor":16,"turns":13}],"seed_played":"1692122631171757741","potions_obtained":[{"floor":5,"key":"FairyPotion"},{"floor":8,"key":"SpeedPotion"},{"floor":13,"key":"Weak Potion"},{"floor":14,"key":"FearPotion"}],"is_trial":false,"path_per_floor":["M","?","?","$","M","E","M","E","T","R","M","$","E","?","R","B"],"character_chosen":"IRONCLAD","items_purchased":["Battle Trance","Torii"],"campfire_rested":0,"item_purchase_floors":[4,12],"current_hp_per_floor":[74,74,70,70,75,75,75,55,55,62,62,62,25,30,30,0],"gold":87,"neow_bonus":"THREE_ENEMY_KILL","is_prod":false,"is_daily":false,"chose_seed":false,"campfire_upgraded":0,"win_rate":0,"timestamp":1549717149,"path_taken":["M","?","?","$","M","E","?","E","T","R","M","$","E","?","R","BOSS"],"build_version":"2019-01-23","purchased_purges":1,"victory":false,"max_hp_per_floor":[75,75,75,75,75,75,75,75,75,82,82,82,82,82,82,82],"card_choices":[{"not_picked":["Wild Strike","Burning Pact"],"picked":"Ghostly Armor","floor":1},{"not_picked":["Pummel","Clothesline"],"picked":"Whirlwind","floor":5},{"not_picked":["Entrench","Hemokinesis"],"picked":"Uppercut","floor":6},{"not_picked":["Thunderclap","Sword Boomerang"],"picked":"Evolve","floor":7},{"not_picked":["Sword Boomerang","Rupture","Clothesline"],"picked":"SKIP","floor":8},{"not_picked":["Burning Pact","Clothesline"],"picked":"Flame Barrier","floor":11},{"not_picked":["Metallicize","Rage"],"picked":"Barricade","floor":13}],"player_experience":650907,"relics_obtained":[{"floor":6,"key":"Shovel"},{"floor":8,"key":"Old Coin"},{"floor":9,"key":"Incense Burner"},{"floor":10,"key":"Strawberry"},{"floor":13,"key":"Blood Vial"},{"floor":14,"key":"Odd Mushroom"},{"floor":15,"key":"Pen Nib"}],"event_choices":[{"damage_healed":0,"gold_gain":0,"player_choice":"Grow","damage_taken":0,"max_hp_gain":0,"max_hp_loss":0,"event_name":"Living Wall","floor":2,"gold_loss":0,"cards_upgraded":["Bash"]},{"damage_healed":0,"gold_gain":0,"player_choice":"Bought 0 Potions","damage_taken":0,"max_hp_gain":0,"max_hp_loss":0,"event_name":"The Woman in Blue","floor":3,"gold_loss":0},{"damage_healed":0,"gold_gain":0,"player_choice":"Fought Mushrooms","damage_taken":0,"max_hp_gain":0,"max_hp_loss":0,"event_name":"Mushrooms","floor":14,"gold_loss":0}],"is_beta":false,"boss_relics":[],"items_purged_floors":[12],"is_endless":false,"potions_floor_spawned":[5,8,13,14],"killed_by":"Slime Boss","ascension_level":20}