{"path_per_floor":["M","M","M","$","?","R","?","R","T","R","E","?","R","M","R","B",null,"M","?","M","?","$","R","M","?","T","$","?","R","E","M","R","B",null,"M","$","?"],"character_chosen":"DEFECT","items_purchased":["Capacitor","Capacitor"],"gold_per_floor":[117,136,156,81,81,81,81,81,81,81,121,101,101,122,122,248,248,263,263,263,178,28,28,44,44,44,44,44,44,77,102,102,221,221,246,97,97,97],"floor_reached":38,"campfire_rested":2,"playtime":2481,"item_purchase_floors":[22,36],"current_hp_per_floor":[74,71,69,69,51,51,37,37,37,58,41,41,41,41,41,6,72,65,65,65,65,65,65,24,24,24,24,24,24,11,10,20,3,36,36,36,36,0],"items_purged":["Parasite","Defend_B","Strike_B"],"gold":97,"score":413,"play_id":"0e4baaf8-9f9f-4a25-beb5-afe0804d8d99","local_time":"20180521165612","is_prod":false,"is_daily":false,"chose_seed":false,"is_ascension_mode":false,"campfire_upgraded":6,"timestamp":1526889372,"campfire_choices":[{"data":"Dualcast","floor":6,"key":"SMITH"},{"data":"Zap","floor":8,"key":"SMITH"},{"floor":10,"key":"REST"},{"data":"Turbo","floor":13,"key":"SMITH"},{"data":"Redo","floor":15,"key":"SMITH"},{"data":"Double Energy","floor":23,"key":"SMITH"},{"data":"Creative AI","floor":29,"key":"SMITH"},{"floor":32,"key":"REST"}],"path_taken":["M","?","M","$","?","R","?","R","T","R","E","?","R","M","R","BOSS","M","?","M","?","$","R","M","?","T","$","?","R","E","M","R","BOSS","M","$","?","?"],"build_version":"2018-05-18","seed_source_timestamp":18730315265957,"purchased_purges":3,"victory":false,"master_deck":["Defend_B","Defend_B","Zap+1","Dualcast+1","FTL","Reinforced Body","Sweeping Beam","Stack+1","Storm","Turbo+1","Redo+1","Amplify","Double Energy+1","Capacitor","Capacitor","Creative AI+1","Ghostly","Ghostly","Ghostly","Ghostly","Ghostly","Genetic Algorithm+1","Echo Form","Loop+1","Capacitor"],"max_hp_per_floor":[75,75,75,72,72,72,72,72,72,72,72,72,72,72,72,72,72,72,72,72,72,72,72,72,72,72,72,36,36,36,36,36,36,36,36,36,36,36],"relics":["Cracked Core","Golden Idol","Bronze Scales","Art of War","Nuclear Battery","Darkstone Periapt","Pen Nib","Omamori","Velvet Choker"],"card_choices":[{"not_picked":["Lockon","Stack"],"picked":"Sweeping Beam","floor":1},{"not_picked":["Coolheaded","Leap"],"picked":"Stack","floor":2},{"not_picked":["Hologram","Sunder"],"picked":"Storm","floor":3},{"not_picked":["Skim","Sweeping Beam"],"picked":"Turbo","floor":11},{"not_picked":["Streamline","Hologram"],"picked":"Redo","floor":14},{"not_picked":["Buffer","Seek"],"picked":"Amplify","floor":16},{"not_picked":["Streamline","Cold Snap"],"picked":"Double Energy","floor":18},{"not_picked":["Glacier","Turbo"],"picked":"Capacitor","floor":24},{"not_picked":["Rebound","Cold Snap"],"picked":"Genetic Algorithm+1","floor":30},{"not_picked":["Streamline","Rebound","Beam Cell"],"picked":"SKIP","floor":31},{"not_picked":["Multi-Cast","Amplify"],"picked":"Echo Form","floor":33},{"not_picked":["Sunder","Streamline"],"picked":"Loop+1","floor":35}],"player_experience":153803,"potions_floor_usage":[20,31,33,33,33],"damage_taken":[{"damage":1,"enemies":"Cultist","floor":1,"turns":3},{"damage":3,"enemies":"2 Louse","floor":2,"turns":2},{"damage":2,"enemies":"Small Slimes","floor":3,"turns":2},{"damage":17,"enemies":"Lagavulin","floor":11,"turns":6},{"damage":0,"enemies":"Looter","floor":14,"turns":2},{"damage":35,"enemies":"The Guardian","floor":16,"turns":10},{"damage":7,"enemies":"Spheric Guardian","floor":18,"turns":5},{"damage":0,"enemies":"Chosen","floor":20,"turns":3},{"damage":41,"enemies":"Sentry and Sphere","floor":24,"turns":5},{"damage":13,"enemies":"Book of Stabbing","floor":30,"turns":6},{"damage":1,"enemies":"Cultist and Chosen","floor":31,"turns":8},{"damage":17,"enemies":"Automaton","floor":33,"turns":12},{"damage":0,"enemies":"3 Shapes","floor":35,"turns":6},{"damage":36,"enemies":"ê_îÈÇÃãÖëÃ","floor":38,"turns":6}],"relics_obtained":[{"floor":9,"key":"Bronze Scales"},{"floor":11,"key":"Art of War"},{"floor":26,"key":"Pen Nib"},{"floor":30,"key":"Omamori"}],"event_choices":[{"event_name":"Golden Idol","player_choice":"Take Damage","floor":5,"damage_taken":0},{"event_name":"Shining Light","player_choice":"Entered Light","floor":7,"damage_taken":0},{"event_name":"The Woman in Blue","player_choice":"Bought 1 Potion","floor":12,"damage_taken":0},{"event_name":"Back to Basics","player_choice":"Elegance","floor":19,"damage_taken":0},{"event_name":"Addict","player_choice":"Obtained Relic","floor":21,"damage_taken":0},{"event_name":"The Library","player_choice":"Read","floor":25,"damage_taken":0},{"event_name":"Ghosts","player_choice":"Became a Ghost","floor":28,"damage_taken":0},{"event_name":"Mysterious Sphere","player_choice":"Fight","floor":38,"damage_taken":0}],"boss_relics":[{"not_picked":["Eternal Feather","Black Star"],"picked":"Nuclear Battery"},{"not_picked":["Tiny House","Snecko Eye"],"picked":"Velvet Choker"}],"items_purged_floors":[4,22,36],"potions_floor_spawned":[2,14,16,20,24,31],"seed_played":"7811021576471756462","killed_by":"ê_îÈÇÃãÖëÃ","ascension_level":0,"potions_obtained":[{"floor":2,"key":"Energy Potion"},{"floor":12,"key":"SmokeBomb"},{"floor":14,"key":"Energy Potion"},{"floor":24,"key":"Fire Potion"},{"floor":31,"key":"Strength Potion"}],"is_trial":false}