{"gold_per_floor":[115,125,125,56,68,68,93,93,93,268,282,302,302,302,302,302],"floor_reached":16,"playtime":549,"items_purged":[],"score":155,"play_id":"c60266f1-7e6d-4ff4-804e-9a2615e78094","local_time":"20181026162134","is_ascension_mode":true,"campfire_choices":[{"data":"Zap","floor":6,"key":"SMITH"},{"data":"Thunder Strike","floor":8,"key":"SMITH"},{"data":"Tempest","floor":15,"key":"SMITH"}],"neow_cost":"TEN_PERCENT_HP_LOSS","seed_source_timestamp":240516799834702,"circlet_count":0,"master_deck":["Strike_B","Defend_B","Defend_B","Defend_B","Defend_B","Zap+1","Dualcast","AscendersBane","Go for the Eyes","Go for the Eyes","Self Repair","Thunder Strike+1","Tempest+1","Doubt","Auto Shields","Go for the Eyes"],"relics":["Cracked Core","Mercury Hourglass","Centennial Puzzle","Golden Idol"],"potions_floor_usage":[16],"damage_taken":[{"damage":2,"enemies":"Jaw Worm","floor":1,"turns":4},{"damage":12,"enemies":"2 Louse","floor":2,"turns":3},{"damage":0,"enemies":"Cultist","floor":5,"turns":4},{"damage":22,"enemies":"Lagavulin","floor":7,"turns":8},{"damage":8,"enemies":"Blue Slaver","floor":11,"turns":3},{"damage":0,"enemies":"Red Slaver","floor":12,"turns":4},{"damage":29,"enemies":"Slime Boss","floor":16,"turns":7}],"seed_played":"1923135395337910517","potions_obtained":[{"floor":2,"key":"GamblersBrew"},{"floor":7,"key":"PowerPotion"},{"floor":12,"key":"SkillPotion"}],"is_trial":false,"path_per_floor":["M","M","?","$","M","R","E","R","T","?","M","M","?","?","R"],"character_chosen":"DEFECT","items_purchased":["Self Repair"],"campfire_rested":0,"item_purchase_floors":[4],"current_hp_per_floor":[66,54,47,47,54,54,39,39,39,39,38,45,45,28,28,0],"gold":302,"neow_bonus":"REMOVE_TWO","is_prod":false,"is_daily":false,"chose_seed":false,"campfire_upgraded":3,"win_rate":0,"timestamp":1540538494,"path_taken":["M","M","?","$","?","R","E","R","T","?","M","M","?","?","R","BOSS"],"build_version":"2018-10-25v2","purchased_purges":0,"victory":false,"max_hp_per_floor":[68,68,68,68,68,68,68,68,68,68,68,68,68,68,68,68],"card_choices":[{"not_picked":["Redo","Tempest"],"picked":"Go for the Eyes","floor":1},{"not_picked":["Stack","Barrage"],"picked":"Go for the Eyes","floor":2},{"not_picked":["Barrage","Redo"],"picked":"Thunder Strike","floor":5},{"not_picked":["Rebound","Chaos"],"picked":"Tempest","floor":7},{"not_picked":["Undo","Turbo"],"picked":"Auto Shields","floor":11},{"not_picked":["Sweeping Beam","Genetic Algorithm"],"picked":"Go for the Eyes","floor":12}],"player_experience":544709,"relics_obtained":[{"floor":7,"key":"Mercury Hourglass"},{"floor":9,"key":"Centennial Puzzle"}],"event_choices":[{"cards_removed":["Strike_B"],"damage_healed":0,"gold_gain":0,"player_choice":"Card Removal","damage_taken":7,"max_hp_gain":0,"max_hp_loss":0,"event_name":"Golden Wing","floor":3,"gold_loss":0},{"damage_healed":0,"gold_gain":175,"player_choice":"AGREE","damage_taken":0,"max_hp_gain":0,"max_hp_loss":0,"event_name":"Liars Game","floor":10,"gold_loss":0,"cards_obtained":["Doubt"]},{"damage_healed":0,"gold_gain":0,"player_choice":"Got Potions","damage_taken":0,"max_hp_gain":0,"max_hp_loss":0,"event_name":"The Lab","floor":13,"gold_loss":0},{"damage_healed":0,"gold_gain":0,"player_choice":"Take Damage","damage_taken":17,"relics_obtained":["Golden Idol"],"max_hp_gain":0,"max_hp_loss":0,"event_name":"Golden Idol","floor":14,"gold_loss":0}],"is_beta":false,"boss_relics":[],"items_purged_floors":[],"is_endless":false,"potions_floor_spawned":[2,7,12],"killed_by":"Slime Boss","ascension_level":11}