{"gold_per_floor":[110,110,125,138,63,91,91,156,206,223,223,249,249,268,268,371,371,386,386,386,406,154,154,166,197,242,242,277,311,50,81,81,186,186,206,206,219,219,94,94,129,156,227,262,262,262,282,295,295,295,295,295,14,40,40],"floor_reached":55,"playtime":4913,"items_purged":["Strike_G","Grand Finale+1","Strike_G+1"],"score":1001,"play_id":"48ee3167-eedd-4e3d-8601-df1246c4024f","local_time":"20190118160707","is_ascension_mode":true,"campfire_choices":[{"floor":7,"key":"REST"},{"floor":11,"key":"REST"},{"floor":15,"key":"REST"},{"data":"Neutralize","floor":23,"key":"SMITH"},{"floor":27,"key":"REST"},{"floor":32,"key":"REST"},{"data":"Caltrops","floor":40,"key":"SMITH"},{"floor":46,"key":"REST"},{"floor":49,"key":"RECALL"},{"data":"Adrenaline","floor":52,"key":"SMITH"}],"neow_cost":"NONE","seed_source_timestamp":839123591076988,"circlet_count":0,"master_deck":["Defend_G+1","Defend_G+1","Defend_G+1","Strike_G+1","Strike_G+1","Survivor","Neutralize+1","PiercingWail","Good Instincts","Bullet Time","Leg Sweep","Poisoned Stab","After Image","Caltrops+1","Poisoned Stab","Dagger Throw","Wraith Form v2+1","Underhanded Strike+1","Predator+1","Backflip+1","Dagger Throw+1","Flying Knee","Adrenaline+1","Endless Agony+1","Bane","After Image+1","Well Laid Plans+1","Choke+1","Catalyst+1","Catalyst+1"],"relics":["Ring of the Snake","NeowsBlessing","Bottled Lightning","Tiny Chest","Juzu Bracelet","Potion Belt","Frozen Egg 2","Astrolabe","MutagenicStrength","Snake Skull","Centennial Puzzle","Blood Vial","Happy Flower","Red Mask","TwistedFunnel","Anchor","Philosopher\u0027s Stone","Torii","Meat on the Bone","Bag of Preparation","Medical Kit","FossilizedHelix"],"potions_floor_usage":[6,10,10,12,12,14,16,31,33,35,41,44,45,54,55,55,55,55],"damage_taken":[{"damage":0,"enemies":"Small Slimes","floor":1,"turns":1},{"damage":0,"enemies":"Cultist","floor":3,"turns":1},{"damage":0,"enemies":"Jaw Worm","floor":4,"turns":1},{"damage":29,"enemies":"3 Sentries","floor":6,"turns":15},{"damage":56,"enemies":"Gremlin Nob","floor":8,"turns":8},{"damage":0,"enemies":"2 Fungi Beasts","floor":10,"turns":3},{"damage":0,"enemies":"Lagavulin","floor":12,"turns":8},{"damage":1,"enemies":"3 Louse","floor":14,"turns":4},{"damage":30,"enemies":"Slime Boss","floor":16,"turns":16},{"damage":4,"enemies":"Chosen","floor":18,"turns":6},{"damage":1,"enemies":"Shell Parasite","floor":21,"turns":4},{"damage":8,"enemies":"Cultist and Chosen","floor":24,"turns":4},{"damage":5,"enemies":"Book of Stabbing","floor":25,"turns":6},{"damage":33,"enemies":"Gremlin Leader","floor":28,"turns":7},{"damage":1,"enemies":"Masked Bandits","floor":29,"turns":4},{"damage":11,"enemies":"Book of Stabbing","floor":31,"turns":5},{"damage":8,"enemies":"Automaton","floor":33,"turns":10},{"damage":0,"enemies":"Orb Walker","floor":35,"turns":2},{"damage":3,"enemies":"3 Darklings","floor":37,"turns":3},{"damage":23,"enemies":"Nemesis","floor":41,"turns":7},{"damage":0,"enemies":"Reptomancer","floor":44,"turns":6},{"damage":0,"enemies":"Writhing Mass","floor":45,"turns":2},{"damage":0,"enemies":"Maw","floor":47,"turns":6},{"damage":0,"enemies":"Spire Growth","floor":48,"turns":3},{"damage":36,"enemies":"Awakened One","floor":50,"turns":14},{"damage":30,"enemies":"Shield and Spear","floor":54,"turns":9},{"damage":46,"enemies":"The Heart","floor":55,"turns":6}],"seed_played":"-760363164998260955","potions_obtained":[{"floor":1,"key":"SteroidPotion"},{"floor":8,"key":"EntropicBrew"},{"floor":10,"key":"EssenceOfSteel"},{"floor":12,"key":"Regen Potion"},{"floor":25,"key":"Weak Potion"},{"floor":29,"key":"LiquidBronze"},{"floor":33,"key":"EntropicBrew"},{"floor":35,"key":"SmokeBomb"},{"floor":41,"key":"SneckoOil"},{"floor":54,"key":"Explosive Potion"}],"is_trial":false,"path_per_floor":["M","?","M","M","$","E","R","E","T","M","R","E","T","M","R","B",null,"M","?","?","M","$","R","M","E","T","R","E","?","$","E","R","B",null,"M","?","M","?","$","R","E","T","T","E","M","R","M","M","R","B",null,"R","$","E","B"],"character_chosen":"THE_SILENT","items_purchased":["Snake Skull","TwistedFunnel","Bane","Medical Kit","GhostInAJar"],"campfire_rested":6,"item_purchase_floors":[22,30,30,53,53],"current_hp_per_floor":[70,70,70,70,70,41,62,6,6,6,27,27,27,38,59,29,60,56,56,56,55,55,55,47,42,42,63,32,33,33,24,45,39,62,64,64,63,63,63,63,42,42,42,44,46,65,66,66,66,42,60,60,60,44,0],"gold":40,"neow_bonus":"THREE_ENEMY_KILL","is_prod":false,"is_daily":false,"chose_seed":false,"campfire_upgraded":3,"win_rate":0,"timestamp":1547845627,"path_taken":["M","?","M","M","?","E","R","E","T","M","R","E","?","M","R","BOSS","M","?","?","M","$","R","M","E","T","R","E","?","$","E","R","BOSS","M","?","M","?","$","R","E","?","T","E","M","R","M","M","R","BOSS","R","$","E","BOSS"],"build_version":"2019-01-17v2","purchased_purges":3,"victory":false,"max_hp_per_floor":[70,70,70,70,70,70,70,70,70,70,70,70,70,70,70,70,70,70,70,70,70,70,70,70,70,70,70,70,70,70,70,70,70,70,70,66,66,66,66,66,66,66,66,66,66,66,66,66,66,66,66,66,66,66,66],"card_choices":[{"not_picked":["Choke","Poisoned Stab"],"picked":"PiercingWail","floor":1},{"not_picked":["Outmaneuver","Deadly Poison"],"picked":"Leg Sweep","floor":3},{"not_picked":["Heel Hook","Dagger Spray"],"picked":"Poisoned Stab","floor":4},{"not_picked":["Backstab","Outmaneuver"],"picked":"After Image","floor":6},{"not_picked":["Reflex","Setup"],"picked":"Deadly Poison","floor":8},{"not_picked":["Outmaneuver","Backflip"],"picked":"Caltrops","floor":10},{"not_picked":["Backflip","Underhanded Strike"],"picked":"Poisoned Stab","floor":12},{"not_picked":["Reflex","All Out Attack"],"picked":"Dagger Throw","floor":14},{"not_picked":["Grand Finale","Phantasmal Killer"],"picked":"Wraith Form v2+1","floor":16},{"not_picked":["PiercingWail+1","Deflect"],"picked":"Backflip+1","floor":18},{"not_picked":["Catalyst","Reflex+1"],"picked":"Dagger Throw+1","floor":21},{"not_picked":["Escape Plan","Cloak And Dagger"],"picked":"Flying Knee","floor":24},{"not_picked":["Outmaneuver+1","Deflect"],"picked":"Adrenaline","floor":25},{"not_picked":["Flying Knee","Escape Plan","Underhanded Strike"],"picked":"SKIP","floor":28},{"not_picked":["Poisoned Stab","All Out Attack"],"picked":"Endless Agony+1","floor":29},{"not_picked":["Acrobatics","Leg Sweep+1","Flying Knee+1"],"picked":"SKIP","floor":31},{"not_picked":["Tools of the Trade+1","Grand Finale"],"picked":"After Image+1","floor":33},{"not_picked":["Flying Knee+1","Deadly Poison","Backflip"],"picked":"SKIP","floor":35},{"not_picked":["Prepared","Flying Knee+1","Concentrate+1"],"picked":"SKIP","floor":37},{"not_picked":["Blade Dance+1","Slice"],"picked":"Well Laid Plans+1","floor":41},{"not_picked":["Accuracy+1","Dagger Spray"],"picked":"Choke+1","floor":44},{"not_picked":["Tactician+1","Sucker Punch"],"picked":"Catalyst+1","floor":47},{"not_picked":["Slice","Poisoned Stab+1","Dagger Throw"],"picked":"SKIP","floor":48},{"not_picked":["Escape Plan+1","Cloak And Dagger+1"],"picked":"Catalyst+1","floor":54}],"player_experience":251745,"relics_obtained":[{"floor":6,"key":"Bottled Lightning"},{"floor":8,"key":"Tiny Chest"},{"floor":9,"key":"Juzu Bracelet"},{"floor":12,"key":"Potion Belt"},{"floor":13,"key":"Frozen Egg 2"},{"floor":25,"key":"Centennial Puzzle"},{"floor":26,"key":"Blood Vial"},{"floor":28,"key":"Happy Flower"},{"floor":29,"key":"Red Mask"},{"floor":31,"key":"Anchor"},{"floor":41,"key":"Torii"},{"floor":43,"key":"Meat on the Bone"},{"floor":44,"key":"Bag of Preparation"},{"floor":54,"key":"FossilizedHelix"}],"event_choices":[{"damage_healed":0,"gold_gain":0,"player_choice":"2 cards matched","damage_taken":0,"max_hp_gain":0,"max_hp_loss":0,"event_name":"Match and Keep!","floor":2,"gold_loss":0,"cards_obtained":["Good Instincts","Bullet Time"]},{"damage_healed":0,"gold_gain":0,"player_choice":"Inject Mutagens","damage_taken":0,"relics_obtained":["MutagenicStrength"],"max_hp_gain":0,"max_hp_loss":0,"event_name":"Drug Dealer","floor":19,"gold_loss":0},{"damage_healed":0,"gold_gain":0,"player_choice":"Simplicity","damage_taken":0,"max_hp_gain":0,"max_hp_loss":0,"event_name":"Back to Basics","floor":20,"gold_loss":0,"cards_upgraded":["Defend_G","Defend_G","Defend_G","Strike_G","Strike_G","Strike_G"]},{"damage_healed":0,"gold_gain":0,"player_choice":"Fought Bandits","damage_taken":0,"max_hp_gain":0,"max_hp_loss":0,"event_name":"Masked Bandits","floor":29,"gold_loss":0},{"damage_healed":0,"gold_gain":0,"player_choice":"Max HP","damage_taken":0,"max_hp_gain":0,"max_hp_loss":4,"event_name":"Winding Halls","floor":36,"gold_loss":0},{"cards_removed":["Deadly Poison"],"damage_healed":0,"gold_gain":0,"player_choice":"Removed Skill","damage_taken":0,"max_hp_gain":0,"max_hp_loss":0,"event_name":"Falling","floor":38,"gold_loss":0}],"is_beta":false,"boss_relics":[{"not_picked":["Fusion Hammer","Coffee Dripper"],"picked":"Astrolabe"},{"not_picked":["WristBlade","Lizard Tail"],"picked":"Philosopher\u0027s Stone"}],"items_purged_floors":[5,22,39],"is_endless":false,"potions_floor_spawned":[1,8,10,12,25,29,33,35,41,45,54],"killed_by":"The Heart","ascension_level":5}