{"gold_per_floor":[113,130,130,130,147,147,174,140,163,163,183,195,195,220,220,318,318,332,182,195,195,210,210,2,2],"floor_reached":25,"playtime":1709,"items_purged":[],"score":247,"play_id":"682a06c4-0956-4d65-834d-9e7563669a6d","local_time":"20190116224143","is_ascension_mode":true,"campfire_choices":[{"data":"Neutralize","floor":6,"key":"SMITH"},{"data":"Cloak And Dagger","floor":13,"key":"SMITH"},{"data":"Dagger Spray","floor":15,"key":"SMITH"},{"floor":23,"key":"REST"}],"neow_cost":"NONE","seed_source_timestamp":94199449046678,"circlet_count":0,"master_deck":["Defend_G","Defend_G","Defend_G","Defend_G","Defend_G","Strike_G+1","Strike_G+1","Survivor","Neutralize+1","Noxious Fumes","Dagger Spray+1","Backflip","Cloak And Dagger+1","Accuracy","Blade Dance","Adrenaline","All Out Attack+1","Doppelganger+1","Quick Slash+1","Noxious Fumes","Leg Sweep","Infinite Blades+1","Backstab","Well Laid Plans"],"relics":["Ring of the Snake","Whetstone","Boot","Sundial","Centennial Puzzle","Question Card","Astrolabe","ClockworkSouvenir"],"potions_floor_usage":[12,14,22,22],"damage_taken":[{"damage":0,"enemies":"2 Louse","floor":1,"turns":3},{"damage":1,"enemies":"Jaw Worm","floor":2,"turns":5},{"damage":1,"enemies":"Cultist","floor":5,"turns":3},{"damage":14,"enemies":"Lagavulin","floor":7,"turns":9},{"damage":0,"enemies":"Exordium Wildlife","floor":11,"turns":3},{"damage":7,"enemies":"Gremlin Gang","floor":12,"turns":3},{"damage":13,"enemies":"3 Sentries","floor":14,"turns":5},{"damage":30,"enemies":"Slime Boss","floor":16,"turns":8},{"damage":1,"enemies":"Shell Parasite","floor":18,"turns":3},{"damage":0,"enemies":"Chosen","floor":20,"turns":6},{"damage":25,"enemies":"Shelled Parasite and Fungi","floor":22,"turns":6},{"damage":28,"enemies":"Slavers","floor":25,"turns":3}],"seed_played":"8824205869473178012","potions_obtained":[{"floor":1,"key":"SpeedPotion"},{"floor":2,"key":"Weak Potion"},{"floor":10,"key":"Fruit Juice"},{"floor":10,"key":"SmokeBomb"},{"floor":10,"key":"FearPotion"},{"floor":12,"key":"FairyPotion"},{"floor":16,"key":"Fruit Juice"},{"floor":18,"key":"SkillPotion"}],"is_trial":false,"path_per_floor":["M","M","?","?","M","R","E","$","T","?","M","M","R","E","R","B",null,"M","$","M","?","M","R","$","E"],"character_chosen":"THE_SILENT","items_purchased":["Accuracy","Noxious Fumes","Leg Sweep","ClockworkSouvenir"],"campfire_rested":1,"item_purchase_floors":[8,19,19,24],"current_hp_per_floor":[70,69,74,74,73,73,59,59,59,59,59,57,57,44,44,14,80,79,79,79,79,59,84,84,56],"gold":2,"neow_bonus":"RANDOM_COMMON_RELIC","is_prod":false,"is_daily":false,"chose_seed":false,"campfire_upgraded":3,"win_rate":0,"timestamp":1547707303,"path_taken":["M","M","?","?","?","R","E","$","T","?","M","?","R","E","R","BOSS","M","$","M","?","M","R","$","E"],"build_version":"2019-01-10","purchased_purges":0,"victory":false,"max_hp_per_floor":[70,70,75,75,75,75,75,75,75,75,75,80,80,80,80,80,80,80,80,80,80,85,85,85,85],"card_choices":[{"not_picked":["Bouncing Flask","Distraction"],"picked":"Noxious Fumes","floor":1},{"not_picked":["Bane","Dodge and Roll"],"picked":"Dagger Spray","floor":2},{"not_picked":["Dodge and Roll","Dagger Throw"],"picked":"Backflip","floor":5},{"not_picked":["Expertise","Flechettes"],"picked":"Cloak And Dagger","floor":7},{"not_picked":["Storm of Steel","Flechettes","Prepared"],"picked":"SKIP","floor":11},{"not_picked":["All Out Attack","Tactician"],"picked":"Blade Dance","floor":12},{"not_picked":["Underhanded Strike","Deadly Poison","Reflex"],"picked":"SKIP","floor":14},{"not_picked":["Doppelganger","Phantasmal Killer","Unload"],"picked":"Adrenaline","floor":16},{"not_picked":["PiercingWail","Slice","Infinite Blades"],"picked":"Quick Slash+1","floor":18},{"not_picked":["Underhanded Strike","Poisoned Stab","Masterful Stab"],"picked":"Infinite Blades+1","floor":20},{"not_picked":["Slice+1","Prepared+1","Dodge and Roll+1"],"picked":"Well Laid Plans","floor":22}],"player_experience":242229,"relics_obtained":[{"floor":7,"key":"Sundial"},{"floor":9,"key":"Centennial Puzzle"},{"floor":14,"key":"Question Card"}],"event_choices":[{"damage_healed":0,"gold_gain":0,"player_choice":"Donut","damage_taken":0,"max_hp_gain":5,"max_hp_loss":0,"event_name":"Big Fish","floor":3,"gold_loss":0},{"damage_healed":0,"gold_gain":0,"player_choice":"Gave Potion","damage_taken":0,"relics_obtained":["Boot"],"max_hp_gain":0,"max_hp_loss":0,"event_name":"WeMeetAgain","floor":4,"gold_loss":0},{"damage_healed":0,"gold_gain":0,"player_choice":"Got Potions","damage_taken":0,"max_hp_gain":0,"max_hp_loss":0,"event_name":"Lab","floor":10,"gold_loss":0},{"damage_healed":0,"gold_gain":0,"cards_transformed":["Eviscerate"],"player_choice":"Transformed","damage_taken":0,"max_hp_gain":0,"max_hp_loss":0,"event_name":"Transmorgrifier","floor":21,"gold_loss":0,"cards_obtained":["Backstab"]}],"is_beta":false,"boss_relics":[{"not_picked":["Coffee Dripper","Ectoplasm"],"picked":"Astrolabe"}],"items_purged_floors":[],"is_endless":false,"potions_floor_spawned":[1,2,11,12,16,18],"killed_by":"Slavers","ascension_level":1}