{"gold_per_floor":[116,135,150,163,163,163,3,22,22,22],"floor_reached":10,"playtime":539,"items_purged":["Strike_G"],"score":114,"play_id":"b4c54ab4-b861-4ffa-86ee-54ad5ec0e89e","local_time":"20190209010321","is_ascension_mode":true,"campfire_choices":[{"floor":6,"key":"REST"}],"neow_cost":"NONE","seed_source_timestamp":2187658668334104,"circlet_count":0,"master_deck":["AscendersBane","Defend_G","Defend_G","Defend_G","Defend_G","Defend_G","Strike_G","Strike_G","Strike_G","Strike_G","Survivor","Neutralize","Noxious Fumes","Poisoned Stab","Die Die Die","Deadly Poison","Leg Sweep","Distraction"],"relics":["Ring of the Snake","Strawberry","Golden Idol","Blue Candle"],"potions_floor_usage":[8,10],"damage_taken":[{"damage":7,"enemies":"2 Louse","floor":1,"turns":4},{"damage":9,"enemies":"Jaw Worm","floor":2,"turns":6},{"damage":4,"enemies":"Small Slimes","floor":3,"turns":5},{"damage":37,"enemies":"Gremlin Gang","floor":4,"turns":5},{"damage":17,"enemies":"Exordium Wildlife","floor":8,"turns":7},{"damage":25,"enemies":"Lagavulin","floor":10,"turns":6}],"seed_played":"7848061292866552876","potions_obtained":[{"floor":2,"key":"GhostInAJar"},{"floor":3,"key":"Ancient Potion"}],"is_trial":false,"path_per_floor":["M","M","M","M","?","R","$","M","T","E"],"character_chosen":"THE_SILENT","items_purchased":["Leg Sweep"],"campfire_rested":1,"item_purchase_floors":[7],"current_hp_per_floor":[59,50,46,9,9,28,28,11,11,0],"gold":22,"neow_bonus":"RANDOM_COMMON_RELIC","is_prod":false,"is_daily":false,"chose_seed":false,"campfire_upgraded":0,"win_rate":0,"timestamp":1549692201,"path_taken":["M","M","M","M","?","R","$","M","T","E"],"build_version":"2019-01-23","purchased_purges":1,"victory":false,"max_hp_per_floor":[73,73,73,73,66,66,66,66,66,66],"card_choices":[{"not_picked":["Underhanded Strike","Sucker Punch"],"picked":"Noxious Fumes","floor":1},{"not_picked":["Cloak And Dagger","Blade Dance"],"picked":"Poisoned Stab","floor":2},{"not_picked":["Outmaneuver","Blade Dance"],"picked":"Die Die Die","floor":3},{"not_picked":["Setup","Deflect"],"picked":"Deadly Poison","floor":4},{"not_picked":["Accuracy","Acrobatics"],"picked":"Distraction","floor":8}],"player_experience":3546141,"relics_obtained":[{"floor":9,"key":"Blue Candle"}],"event_choices":[{"damage_healed":0,"gold_gain":0,"player_choice":"Lose Max HP","damage_taken":0,"relics_obtained":["Golden Idol"],"max_hp_gain":0,"max_hp_loss":7,"event_name":"Golden Idol","floor":5,"gold_loss":0}],"is_beta":false,"boss_relics":[],"items_purged_floors":[7],"is_endless":false,"potions_floor_spawned":[2,3],"killed_by":"Lagavulin","ascension_level":18}