{"gold_per_floor":[117,134,134,134,154,183,183,212,235,52,82,114,114,130,130,229,229,247,260,260,275,31,31,56,56,125,125,153,153,153,153,153,153],"floor_reached":33,"playtime":2306,"items_purged":["Strike_B","Strike_B"],"score":414,"play_id":"b43b7000-5e7b-4ae2-80fa-2aa70c9d7684","local_time":"20190209174133","is_ascension_mode":true,"campfire_choices":[{"data":"Biased Cognition","floor":7,"key":"SMITH"},{"data":"Consume","floor":13,"key":"SMITH"},{"floor":15,"key":"REST"},{"floor":23,"key":"REST"},{"floor":27,"key":"REST"},{"data":"Fission","floor":32,"key":"SMITH"}],"neow_cost":"NONE","seed_source_timestamp":2751746464237727,"circlet_count":0,"master_deck":["Strike_B+1","Defend_B+1","Defend_B+1","Defend_B+1","Defend_B+1","Zap","Dualcast","Cold Snap","Sweeping Beam","Coolheaded+1","Biased Cognition+1","Defragment","Consume+1","Conserve Battery","Cold Snap","Go for the Eyes","Seek","Capacitor+1","Reinforced Body","Steam","Self Repair+1","Fission+1","Double Energy","Ghostly","Ghostly","Ghostly","Ghostly","Ghostly"],"relics":["Cracked Core","NeowsBlessing","PreservedInsect","Bag of Marbles","War Paint","Odd Mushroom","Potion Belt","Eternal Feather","Blood Vial","Bottled Lightning","Sundial","Happy Flower"],"potions_floor_usage":[6,11,12,16,19,21,28,33],"damage_taken":[{"damage":0,"enemies":"Cultist","floor":1,"turns":1},{"damage":0,"enemies":"Jaw Worm","floor":2,"turns":1},{"damage":0,"enemies":"2 Louse","floor":5,"turns":1},{"damage":22,"enemies":"Gremlin Nob","floor":6,"turns":4},{"damage":13,"enemies":"3 Sentries","floor":8,"turns":6},{"damage":11,"enemies":"The Mushroom Lair","floor":11,"turns":3},{"damage":7,"enemies":"Gremlin Nob","floor":12,"turns":3},{"damage":4,"enemies":"Red Slaver","floor":14,"turns":4},{"damage":17,"enemies":"Hexaghost","floor":16,"turns":15},{"damage":21,"enemies":"Spheric Guardian","floor":18,"turns":6},{"damage":9,"enemies":"Shell Parasite","floor":19,"turns":7},{"damage":7,"enemies":"Snake Plant","floor":21,"turns":5},{"damage":35,"enemies":"Slavers","floor":24,"turns":6},{"damage":48,"enemies":"Gremlin Leader","floor":28,"turns":9},{"damage":59,"enemies":"Collector","floor":33,"turns":13}],"seed_played":"4877367005492289392","potions_obtained":[{"floor":1,"key":"PowerPotion"},{"floor":2,"key":"SpeedPotion"},{"floor":8,"key":"Block Potion"},{"floor":11,"key":"Poison Potion"},{"floor":16,"key":"Dexterity Potion"},{"floor":18,"key":"EssenceOfSteel"},{"floor":19,"key":"Energy Potion"},{"floor":28,"key":"Swift Potion"}],"is_trial":false,"path_per_floor":["M","M","?","?","M","E","R","E","T","$","?","E","R","M","R","B",null,"M","M","?","M","$","R","E","?","T","R","E","?","?","$","R","B"],"character_chosen":"DEFECT","items_purchased":["Consume","Regen Potion","Blood Vial"],"campfire_rested":3,"item_purchase_floors":[10,10,22],"current_hp_per_floor":[68,68,65,65,65,43,43,30,30,30,28,21,21,17,39,22,62,41,32,32,25,25,59,36,36,36,70,34,20,20,20,35,0],"gold":153,"neow_bonus":"THREE_ENEMY_KILL","is_prod":false,"is_daily":false,"chose_seed":false,"campfire_upgraded":3,"win_rate":0,"timestamp":1549752093,"path_taken":["M","?","?","?","?","E","R","E","T","?","?","E","R","M","R","BOSS","M","M","?","?","$","R","E","?","T","R","E","?","?","?","R","BOSS"],"build_version":"2019-01-23","purchased_purges":2,"victory":false,"max_hp_per_floor":[75,75,75,75,75,75,75,75,75,75,75,75,75,75,75,75,75,75,75,75,75,75,75,75,75,75,75,75,80,40,40,40,40],"card_choices":[{"not_picked":["Darkness","BootSequence"],"picked":"Cold Snap","floor":1},{"not_picked":["Steam","Leap"],"picked":"Sweeping Beam","floor":2},{"not_picked":["Stack","Rebound"],"picked":"Coolheaded","floor":5},{"not_picked":["Compile Driver","Melter"],"picked":"Biased Cognition","floor":6},{"not_picked":["Compile Driver","Auto Shields"],"picked":"Defragment","floor":8},{"not_picked":["Tempest","Turbo"],"picked":"Conserve Battery","floor":11},{"not_picked":["Undo","Heatsinks"],"picked":"Cold Snap","floor":12},{"not_picked":["Streamline","Turbo"],"picked":"Go for the Eyes","floor":14},{"not_picked":["Biased Cognition","Meteor Strike"],"picked":"Seek","floor":16},{"not_picked":["Streamline+1","Steam Power"],"picked":"Capacitor+1","floor":18},{"not_picked":["Gash","Aggregate"],"picked":"Reinforced Body","floor":19},{"not_picked":["Hologram","Go for the Eyes"],"picked":"Self Repair+1","floor":21},{"not_picked":["Turbo+1","Static Discharge+1"],"picked":"Fission","floor":24},{"not_picked":["Sunder","Reprogram"],"picked":"Double Energy","floor":28}],"player_experience":331296,"relics_obtained":[{"floor":6,"key":"Bag of Marbles"},{"floor":8,"key":"War Paint"},{"floor":11,"key":"Odd Mushroom"},{"floor":12,"key":"Potion Belt"},{"floor":24,"key":"Bottled Lightning"},{"floor":26,"key":"Sundial"},{"floor":28,"key":"Happy Flower"}],"event_choices":[{"damage_healed":0,"gold_gain":0,"player_choice":"Success","damage_taken":3,"relics_obtained":["PreservedInsect"],"max_hp_gain":0,"max_hp_loss":0,"event_name":"Scrap Ooze","floor":3,"gold_loss":0},{"cards_removed":["Strike_B"],"damage_healed":0,"gold_gain":0,"player_choice":"Offered Basic","damage_taken":0,"max_hp_gain":0,"max_hp_loss":0,"event_name":"Bonfire Elementals","floor":4,"gold_loss":0},{"damage_healed":0,"gold_gain":0,"player_choice":"Fought Mushrooms","damage_taken":0,"max_hp_gain":0,"max_hp_loss":0,"event_name":"Mushrooms","floor":11,"gold_loss":0},{"damage_healed":0,"gold_gain":0,"player_choice":"1 cards matched","damage_taken":0,"max_hp_gain":0,"max_hp_loss":0,"event_name":"Match and Keep!","floor":20,"gold_loss":0,"cards_obtained":["Steam"]},{"damage_healed":0,"gold_gain":0,"player_choice":"Simplicity","damage_taken":0,"max_hp_gain":0,"max_hp_loss":0,"event_name":"Back to Basics","floor":25,"gold_loss":0,"cards_upgraded":["Strike_B","Defend_B","Defend_B","Defend_B"]},{"damage_healed":0,"gold_gain":0,"player_choice":"Shed Blood","damage_taken":19,"max_hp_gain":5,"max_hp_loss":0,"event_name":"Forgotten Altar","floor":29,"gold_loss":0},{"damage_healed":0,"gold_gain":0,"player_choice":"Became a Ghost","damage_taken":0,"max_hp_gain":0,"max_hp_loss":40,"event_name":"Ghosts","floor":30,"gold_loss":0,"cards_obtained":["Ghostly","Ghostly","Ghostly","Ghostly","Ghostly"]}],"is_beta":false,"boss_relics":[{"not_picked":["Tiny House","Runic Dome"],"picked":"Eternal Feather"}],"items_purged_floors":[10,22],"is_endless":false,"potions_floor_spawned":[1,2,8,11,16,18,19,28],"killed_by":"Collector","ascension_level":6}