{"gold_per_floor":[114,64,64,84,94,124,142,170,196,155,155,182,182,202,202,298,298,316,333,349,111,111,143,157,157],"floor_reached":25,"playtime":818,"items_purged":["Strike_B"],"score":389,"play_id":"d7b512c2-a6f1-4320-b61a-e2a6c7839527","local_time":"20181227215340","is_ascension_mode":true,"campfire_choices":[{"floor":11,"key":"REST"},{"data":"Streamline","floor":15,"key":"SMITH"}],"neow_cost":"TEN_PERCENT_HP_LOSS","seed_source_timestamp":14609427314741,"circlet_count":0,"master_deck":["AscendersBane","Strike_B","Defend_B","Defend_B","Defend_B","Defend_B","Zap","Dualcast","Ball Lightning","Leap","Streamline+1","Melter","Leap+1","Steam+1","Core Surge","Go for the Eyes","Seek+1","Hologram+1","Conserve Battery+1","Conserve Battery+1","Ball Lightning","Beam Cell","Glacier+1","Beam Cell+1","Apotheosis+1","Streamline+1","Turbo+1"],"relics":["Cracked Core","Du-Vu Doll","Toxic Egg 2","Regal Pillow","Vajra","Bag of Marbles","Orrery","Potion Belt"],"potions_floor_usage":[8,8,16,23,24],"damage_taken":[{"damage":6,"enemies":"Cultist","floor":1,"turns":3},{"damage":6,"enemies":"Small Slimes","floor":4,"turns":3},{"damage":1,"enemies":"2 Louse","floor":5,"turns":2},{"damage":23,"enemies":"Gremlin Nob","floor":6,"turns":4},{"damage":8,"enemies":"Large Slime","floor":7,"turns":4},{"damage":15,"enemies":"Lagavulin","floor":8,"turns":6},{"damage":12,"enemies":"3 Sentries","floor":12,"turns":6},{"damage":0,"enemies":"3 Louse","floor":14,"turns":2},{"damage":17,"enemies":"The Guardian","floor":16,"turns":10},{"damage":10,"enemies":"Shell Parasite","floor":18,"turns":3},{"damage":20,"enemies":"2 Thieves","floor":19,"turns":3},{"damage":4,"enemies":"3 Cultists","floor":20,"turns":5},{"damage":25,"enemies":"Book of Stabbing","floor":23,"turns":4},{"damage":3,"enemies":"Centurion and Healer","floor":24,"turns":5},{"damage":5,"enemies":"Snake Plant","floor":25,"turns":2}],"seed_played":"4956960193558718649","potions_obtained":[{"floor":6,"key":"FearPotion"},{"floor":7,"key":"Weak Potion"},{"floor":14,"key":"Weak Potion"},{"floor":19,"key":"Regen Potion"},{"floor":23,"key":"Weak Potion"}],"is_trial":false,"path_per_floor":["M","?","?","M","M","E","M","E","T","?","R","E","?","M","R","B",null,"M","M","M","$","?","E","M","M"],"character_chosen":"DEFECT","items_purchased":["Apotheosis+1"],"campfire_rested":1,"item_purchase_floors":[21],"current_hp_per_floor":[62,62,62,56,55,32,24,9,9,9,44,32,32,32,32,15,55,45,25,21,21,21,8,5,0],"gold":157,"neow_bonus":"ONE_RARE_RELIC","is_prod":false,"is_daily":false,"chose_seed":false,"campfire_upgraded":1,"win_rate":0,"timestamp":1545965620,"path_taken":["M","?","?","?","M","E","M","E","T","?","R","E","?","M","R","BOSS","M","M","M","$","?","E","?","M"],"build_version":"2018-12-20","purchased_purges":1,"victory":false,"max_hp_per_floor":[68,68,68,68,68,68,68,68,68,68,68,68,68,68,68,68,68,68,68,68,68,68,68,68,68],"card_choices":[{"not_picked":["Turbo","Hologram"],"picked":"Ball Lightning","floor":1},{"not_picked":["Coolheaded","Rebound"],"picked":"Leap","floor":4},{"not_picked":["Leap","Defragment"],"picked":"Streamline","floor":5},{"not_picked":["Chaos","Compile Driver"],"picked":"Melter","floor":6},{"not_picked":["Steam Power+1","Melter"],"picked":"Leap+1","floor":7},{"not_picked":["Redo+1","Turbo+1"],"picked":"Steam+1","floor":8},{"not_picked":["Streamline","Tempest+1"],"picked":"Core Surge","floor":12},{"not_picked":["Barrage","Streamline"],"picked":"Go for the Eyes","floor":14},{"not_picked":["Rainbow+1","Reboot+1"],"picked":"Seek+1","floor":16},{"not_picked":["Ball Lightning","Heatsinks"],"picked":"Hologram+1","floor":17},{"not_picked":["Capacitor","Steam+1"],"picked":"Conserve Battery+1","floor":17},{"not_picked":["Hologram+1","Creative AI"],"picked":"Conserve Battery+1","floor":17},{"not_picked":["FTL","Compile Driver"],"picked":"Ball Lightning","floor":17},{"not_picked":["Turbo+1","Aggregate+1"],"picked":"Beam Cell","floor":17},{"not_picked":["Defragment","Double Energy+1","Conserve Battery+1"],"picked":"SKIP","floor":18},{"not_picked":["Hologram+1","Rebound"],"picked":"Glacier+1","floor":19},{"not_picked":["Aggregate+1","Conserve Battery+1"],"picked":"Beam Cell+1","floor":20},{"not_picked":["Redo+1","Sweeping Beam"],"picked":"Turbo+1","floor":23},{"not_picked":["Heatsinks","Scrape","Turbo+1"],"picked":"SKIP","floor":24}],"player_experience":416278,"relics_obtained":[{"floor":6,"key":"Toxic Egg 2"},{"floor":8,"key":"Regal Pillow"},{"floor":9,"key":"Vajra"},{"floor":12,"key":"Bag of Marbles"},{"floor":23,"key":"Potion Belt"}],"event_choices":[{"cards_removed":["Strike_B"],"damage_healed":0,"gold_gain":0,"player_choice":"Card Removal","damage_taken":0,"max_hp_gain":0,"max_hp_loss":0,"event_name":"The Cleric","floor":2,"gold_loss":50},{"cards_removed":["Strike_B"],"damage_healed":0,"gold_gain":0,"player_choice":"Offered Basic","damage_taken":0,"max_hp_gain":0,"max_hp_loss":0,"event_name":"Bonfire Elementals","floor":3,"gold_loss":0},{"damage_healed":0,"gold_gain":0,"player_choice":"Left Gold","damage_taken":0,"max_hp_gain":0,"max_hp_loss":0,"event_name":"World of Goop","floor":10,"gold_loss":41},{"damage_healed":0,"gold_gain":0,"player_choice":"Ignored","damage_taken":0,"max_hp_gain":0,"max_hp_loss":0,"event_name":"Liars Game","floor":13,"gold_loss":0},{"damage_healed":0,"gold_gain":0,"player_choice":"Copied","damage_taken":0,"max_hp_gain":0,"max_hp_loss":0,"event_name":"Duplicator","floor":22,"gold_loss":0,"cards_obtained":["Streamline"]}],"is_beta":false,"boss_relics":[{"not_picked":["Velvet Choker","FrozenCore"],"picked":"Orrery"}],"items_purged_floors":[21],"is_endless":false,"potions_floor_spawned":[6,7,14,19,23],"killed_by":"Snake Plant","ascension_level":12}