{"gold_per_floor":[109,109,109,184,12,47,47,75,75,91,105,118,66,83,83,185,185,199,209,108,108,108,108,61,61,87,118,133,148,148,178,178,274,274,291,301,401,401,413,413,413],"floor_reached":41,"playtime":2069,"items_purged":["Strike_B"],"score":588,"play_id":"59432c29-fc64-4659-a168-450e252549ea","local_time":"20181118145049","is_ascension_mode":true,"campfire_choices":[{"data":"Gash","floor":15,"key":"SMITH"},{"data":"Scrape","floor":23,"key":"SMITH"},{"data":"Go for the Eyes","floor":25,"key":"SMITH"},{"floor":30,"key":"REST"},{"data":"Stack","floor":32,"key":"SMITH"},{"floor":40,"key":"REST"}],"neow_cost":"NONE","seed_source_timestamp":339508279960103,"circlet_count":0,"master_deck":["Strike_B","Strike_B","Defend_B","Defend_B","Defend_B","Defend_B","Zap","Dualcast","Self Repair","Gash+1","Go for the Eyes","Go for the Eyes+1","Stack+1","Gash+1","Sweeping Beam","Rebound+1","Scrape+1","Beam Cell","Gash","Beam Cell+1","All For One","Streamline+1","Gash","Streamline+1","White Noise","Parasite"],"relics":["Cracked Core","NeowsBlessing","Potion Belt","Art of War","Centennial Puzzle","Pen Nib","Singing Bowl","Sozu","Regal Pillow","Question Card","Black Star","Prayer Wheel"],"potions_floor_usage":[29,29,33,33,33],"damage_taken":[{"damage":0,"enemies":"Jaw Worm","floor":1,"turns":1},{"damage":0,"enemies":"3 Sentries","floor":6,"turns":2},{"damage":0,"enemies":"Gremlin Nob","floor":8,"turns":1},{"damage":9,"enemies":"2 Louse","floor":10,"turns":3},{"damage":0,"enemies":"Small Slimes","floor":11,"turns":2},{"damage":2,"enemies":"2 Fungi Beasts","floor":12,"turns":3},{"damage":6,"enemies":"Looter","floor":14,"turns":2},{"damage":72,"enemies":"Hexaghost","floor":16,"turns":10},{"damage":11,"enemies":"Chosen","floor":18,"turns":4},{"damage":32,"enemies":"Shell Parasite","floor":19,"turns":5},{"damage":30,"enemies":"Gremlin Leader","floor":27,"turns":6},{"damage":16,"enemies":"Centurion and Healer","floor":28,"turns":6},{"damage":12,"enemies":"Snake Plant","floor":29,"turns":3},{"damage":17,"enemies":"Book of Stabbing","floor":31,"turns":4},{"damage":40,"enemies":"Automaton","floor":33,"turns":6},{"damage":6,"enemies":"3 Shapes","floor":35,"turns":4},{"damage":28,"enemies":"3 Darklings","floor":36,"turns":4},{"damage":0,"enemies":"Mind Bloom Boss Battle","floor":37,"turns":3},{"damage":53,"enemies":"Writhing Mass","floor":39,"turns":4},{"damage":87,"enemies":"Giant Head","floor":41,"turns":6}],"seed_played":"3134796798055902441","potions_obtained":[{"floor":6,"key":"SpeedPotion"},{"floor":8,"key":"SkillPotion"},{"floor":11,"key":"SpeedPotion"},{"floor":14,"key":"SteroidPotion"},{"floor":16,"key":"FocusPotion"}],"is_trial":false,"path_per_floor":["M","?","?","?","$","E","?","E","T","M","M","M","$","M","R","B",null,"M","M","$","?","?","R","$","R","T","E","M","M","R","E","R","B",null,"M","M","?","?","M","R","E"],"character_chosen":"DEFECT","items_purchased":["Art of War","Gash","Gash","Beam Cell","Gash"],"campfire_rested":2,"item_purchase_floors":[5,5,13,20,24],"current_hp_per_floor":[75,57,62,51,51,58,58,65,65,65,67,72,72,73,73,10,86,82,57,57,57,57,57,57,57,57,36,27,24,66,56,56,18,92,92,71,71,71,22,65,0],"gold":413,"neow_bonus":"THREE_ENEMY_KILL","is_prod":false,"is_daily":false,"chose_seed":false,"campfire_upgraded":4,"win_rate":0,"timestamp":1542570649,"path_taken":["M","?","?","?","$","E","?","E","T","M","M","M","?","M","R","BOSS","M","M","?","?","?","R","$","R","T","E","?","M","R","E","R","BOSS","M","M","?","?","M","R","E"],"build_version":"2018-11-15","purchased_purges":1,"victory":false,"max_hp_per_floor":[75,75,80,80,80,80,80,80,80,82,84,84,84,84,84,86,86,86,86,86,86,86,86,86,86,86,88,88,90,90,90,90,92,92,92,92,92,92,96,96,96],"card_choices":[{"not_picked":["Cold Snap","Hologram"],"picked":"Self Repair","floor":1},{"not_picked":["Aggregate","Doom and Gloom"],"picked":"Go for the Eyes","floor":6},{"not_picked":["Sweeping Beam","FTL"],"picked":"Go for the Eyes","floor":8},{"not_picked":["Conserve Battery","Fusion","White Noise"],"picked":"Singing Bowl","floor":10},{"not_picked":["Undo","Turbo","Reprogram"],"picked":"Singing Bowl","floor":11},{"not_picked":["Reprogram","Hologram"],"picked":"Stack","floor":12},{"not_picked":["Reinforced Body","Steam"],"picked":"Sweeping Beam","floor":14},{"not_picked":["Thunder Strike","Rainbow","Amplify"],"picked":"Singing Bowl","floor":16},{"not_picked":["Sweeping Beam","Lockon+1"],"picked":"Rebound+1","floor":18},{"not_picked":["Turbo","Sweeping Beam"],"picked":"Scrape","floor":19},{"not_picked":["Compile Driver","Hologram","Storm+1"],"picked":"Singing Bowl","floor":27},{"not_picked":["Sweeping Beam","Defragment"],"picked":"Beam Cell+1","floor":28},{"not_picked":["Ball Lightning+1","Turbo+1","Go for the Eyes"],"picked":"Singing Bowl","floor":29},{"not_picked":["Auto Shields+1","Reprogram"],"picked":"All For One","floor":31},{"not_picked":["Creative AI","Core Surge","Thunder Strike","Electrodynamics"],"picked":"Singing Bowl","floor":33},{"not_picked":["Go for the Eyes+1","Redo+1","Turbo+1"],"picked":"Streamline+1","floor":35},{"not_picked":["Sweeping Beam","Chill+1","Steam"],"picked":"Gash","floor":36},{"not_picked":["Chill","Redo","Barrage"],"picked":"Streamline+1","floor":37},{"not_picked":["Static Discharge","Rip and Tear","Stack+1","Conserve Battery+1"],"picked":"Singing Bowl","floor":39},{"not_picked":["Compile Driver+1","Streamline","Steam+1","Beam Cell+1"],"picked":"Singing Bowl","floor":39}],"player_experience":157448,"relics_obtained":[{"floor":6,"key":"Centennial Puzzle"},{"floor":8,"key":"Pen Nib"},{"floor":9,"key":"Singing Bowl"},{"floor":27,"key":"Regal Pillow"},{"floor":31,"key":"Question Card"},{"floor":37,"key":"Prayer Wheel"}],"event_choices":[{"damage_healed":0,"gold_gain":0,"player_choice":"Success","damage_taken":18,"relics_obtained":["Potion Belt"],"max_hp_gain":0,"max_hp_loss":0,"event_name":"Scrap Ooze","floor":2,"gold_loss":0},{"damage_healed":0,"gold_gain":0,"player_choice":"Donut","damage_taken":0,"max_hp_gain":5,"max_hp_loss":0,"event_name":"Big Fish","floor":3,"gold_loss":0},{"damage_healed":0,"gold_gain":75,"player_choice":"Gather Gold","damage_taken":11,"max_hp_gain":0,"max_hp_loss":0,"event_name":"World of Goop","floor":4,"gold_loss":0},{"damage_healed":0,"gold_gain":0,"player_choice":"Grow","damage_taken":0,"max_hp_gain":0,"max_hp_loss":0,"event_name":"Living Wall","floor":7,"gold_loss":0,"cards_upgraded":["Gash"]},{"damage_healed":0,"gold_gain":0,"player_choice":"Ignored","damage_taken":0,"max_hp_gain":0,"max_hp_loss":0,"event_name":"Ghosts","floor":21,"gold_loss":0},{"damage_healed":0,"gold_gain":0,"player_choice":"Bought 0 Potions","damage_taken":0,"max_hp_gain":0,"max_hp_loss":0,"event_name":"The Woman in Blue","floor":22,"gold_loss":0},{"damage_healed":0,"gold_gain":0,"player_choice":"Fight","damage_taken":0,"max_hp_gain":0,"max_hp_loss":0,"event_name":"MindBloom","floor":37,"gold_loss":0},{"damage_healed":0,"gold_gain":0,"cards_transformed":["Strike_B"],"player_choice":"Transformed","damage_taken":0,"max_hp_gain":0,"max_hp_loss":0,"event_name":"Transmorgrifier","floor":38,"gold_loss":0,"cards_obtained":["White Noise"]}],"is_beta":false,"boss_relics":[{"not_picked":["Calling Bell","Runic Dome"],"picked":"Sozu"},{"not_picked":["Tiny House","Coffee Dripper"],"picked":"Black Star"}],"items_purged_floors":[20],"is_endless":false,"potions_floor_spawned":[6,8,11,14,16,19,27,28,33,37],"killed_by":"Giant Head","ascension_level":2}