{"gold_per_floor":[115,115,115,115,167,207,157,182,182,182,197,230,253,269,269,392,392],"floor_reached":17,"playtime":567,"items_purged":[],"score":209,"play_id":"ff6a6bbe-aa18-4525-a7b4-4b4a91e995a7","local_time":"20190114230223","is_ascension_mode":true,"campfire_choices":[{"floor":10,"key":"RECALL"},{"floor":15,"key":"REST"}],"neow_cost":"NONE","seed_source_timestamp":502833308929770,"circlet_count":0,"master_deck":["Defend_G","Defend_G","Defend_G","Defend_G","Defend_G","Strike_G","Strike_G","Survivor","Neutralize+1","Backflip","Slice","Flying Knee","Deflect","Slice","Quick Slash","Poisoned Stab","Wraith Form v2","Blur+1","Masterful Stab+1","Bane+1"],"relics":["Ring of the Snake","NeowsBlessing","Golden Idol","Bag of Marbles","Gremlin Horn","Meat on the Bone","Astrolabe"],"potions_floor_usage":[],"damage_taken":[{"damage":0,"enemies":"2 Louse","floor":1,"turns":1},{"damage":0,"enemies":"Gremlin Nob","floor":6,"turns":1},{"damage":0,"enemies":"Jaw Worm","floor":8,"turns":1},{"damage":0,"enemies":"Cultist","floor":11,"turns":2},{"damage":20,"enemies":"Lagavulin","floor":12,"turns":10},{"damage":0,"enemies":"Exordium Wildlife","floor":13,"turns":2},{"damage":0,"enemies":"Large Slime","floor":14,"turns":4},{"damage":58,"enemies":"Hexaghost","floor":16,"turns":14}],"seed_played":"8629217358369749747","potions_obtained":[{"floor":12,"key":"LiquidBronze"},{"floor":14,"key":"SpeedPotion"},{"floor":16,"key":"AttackPotion"}],"is_trial":false,"path_per_floor":["M","$","?","?","T","E","?","M","T","R","M","E","M","M","R","B",null],"character_chosen":"THE_SILENT","items_purchased":[],"campfire_rested":1,"item_purchase_floors":[],"current_hp_per_floor":[70,70,70,70,70,70,70,70,70,70,70,50,50,50,70,24,24],"gold":392,"neow_bonus":"THREE_ENEMY_KILL","is_prod":false,"is_daily":false,"chose_seed":false,"campfire_upgraded":0,"win_rate":0,"timestamp":1547535743,"path_taken":["M","$","?","?","?","E","?","?","T","R","?","E","M","M","R","BOSS"],"build_version":"2019-01-10","purchased_purges":0,"victory":false,"max_hp_per_floor":[70,70,70,70,70,70,70,70,70,70,70,70,70,70,70,70,70],"card_choices":[{"not_picked":["Flechettes","Riddle With Holes"],"picked":"Backflip","floor":1},{"not_picked":["Underhanded Strike","Predator"],"picked":"Slice","floor":6},{"not_picked":["Caltrops","Choke"],"picked":"Flying Knee","floor":8},{"not_picked":["Leg Sweep","Calculated Gamble"],"picked":"Deflect","floor":11},{"not_picked":["Predator","Grand Finale"],"picked":"Slice","floor":12},{"not_picked":["Acrobatics","Well Laid Plans"],"picked":"Quick Slash","floor":13},{"not_picked":["Underhanded Strike","Dodge and Roll"],"picked":"Poisoned Stab","floor":14},{"not_picked":["Storm of Steel","Glass Knife"],"picked":"Wraith Form v2","floor":16}],"player_experience":217048,"relics_obtained":[{"floor":6,"key":"Bag of Marbles"},{"floor":9,"key":"Gremlin Horn"},{"floor":12,"key":"Meat on the Bone"}],"event_choices":[{"damage_healed":0,"gold_gain":0,"player_choice":"Take Wound","damage_taken":0,"relics_obtained":["Golden Idol"],"max_hp_gain":0,"max_hp_loss":0,"event_name":"Golden Idol","floor":3,"gold_loss":0,"cards_obtained":["Injury"]},{"damage_healed":0,"gold_gain":0,"player_choice":"Grow","damage_taken":0,"max_hp_gain":0,"max_hp_loss":0,"event_name":"Living Wall","floor":4,"gold_loss":0,"cards_upgraded":["Neutralize"]},{"cards_removed":["Injury"],"damage_healed":0,"gold_gain":0,"player_choice":"Card Removal","damage_taken":0,"max_hp_gain":0,"max_hp_loss":0,"event_name":"The Cleric","floor":7,"gold_loss":50}],"is_beta":false,"boss_relics":[{"not_picked":["Orrery","Cursed Key"],"picked":"Astrolabe"}],"items_purged_floors":[],"is_endless":false,"potions_floor_spawned":[12,14,16],"ascension_level":2}