{"gold_per_floor":[114,133,148,148,148,148,176,192,218,231,231,196,216,247,247,247],"floor_reached":16,"playtime":836,"items_purged":[],"score":224,"play_id":"fb281946-3e54-4b3d-8e19-1210bc225c2b","local_time":"20181210034936","is_ascension_mode":true,"campfire_choices":[{"data":"Dagger Spray","floor":6,"key":"SMITH"},{"floor":11,"key":"REST"},{"data":"Malaise","floor":15,"key":"SMITH"}],"neow_cost":"NONE","seed_source_timestamp":689199373039500,"circlet_count":0,"master_deck":["AscendersBane","Defend_G","Defend_G","Defend_G","Defend_G","Defend_G","Strike_G","Strike_G","Strike_G","Strike_G","Strike_G+1","Survivor","Neutralize+1","Dagger Spray+1","Blur","Catalyst","Dagger Throw","Backstab","Poisoned Stab","Malaise+1"],"relics":["Eternal Feather","Blood Vial","Oddly Smooth Stone","Pen Nib"],"potions_floor_usage":[7,14,16,16],"damage_taken":[{"damage":1,"enemies":"2 Louse","floor":1,"turns":2},{"damage":6,"enemies":"Jaw Worm","floor":2,"turns":4},{"damage":1,"enemies":"Small Slimes","floor":3,"turns":5},{"damage":26,"enemies":"Lagavulin","floor":7,"turns":7},{"damage":3,"enemies":"Blue Slaver","floor":8,"turns":6},{"damage":4,"enemies":"Large Slime","floor":10,"turns":6},{"damage":6,"enemies":"2 Fungi Beasts","floor":13,"turns":4},{"damage":14,"enemies":"3 Sentries","floor":14,"turns":7},{"damage":64,"enemies":"Hexaghost","floor":16,"turns":17}],"seed_played":"868158400987757331","potions_obtained":[{"floor":1,"key":"GhostInAJar"},{"floor":3,"key":"Strength Potion"},{"floor":8,"key":"Fire Potion"},{"floor":14,"key":"SteroidPotion"}],"is_trial":false,"path_per_floor":["M","M","M","?","?","R","E","M","T","M","R","?","M","E","R","B"],"character_chosen":"THE_SILENT","items_purchased":[],"campfire_rested":1,"item_purchase_floors":[],"current_hp_per_floor":[58,52,51,31,36,45,19,18,18,16,46,63,59,47,59,0],"gold":247,"neow_bonus":"BOSS_RELIC","is_prod":false,"is_daily":false,"chose_seed":false,"campfire_upgraded":2,"win_rate":0,"timestamp":1544431776,"path_taken":["M","M","M","?","?","R","E","M","T","M","R","?","M","E","R","BOSS"],"build_version":"2018-11-15","purchased_purges":0,"victory":false,"max_hp_per_floor":[66,66,66,66,71,71,71,71,71,71,71,71,71,71,71,71],"card_choices":[{"not_picked":["Reflex","Underhanded Strike"],"picked":"Dagger Spray","floor":1},{"not_picked":["Outmaneuver","Prepared"],"picked":"Blur","floor":2},{"not_picked":["Bane","PiercingWail","Blade Dance"],"picked":"SKIP","floor":3},{"not_picked":["Night Terror","Dodge and Roll"],"picked":"Catalyst","floor":7},{"not_picked":["Concentrate","Dodge and Roll"],"picked":"Dagger Throw","floor":8},{"not_picked":["Underhanded Strike","Dagger Spray"],"picked":"Backstab","floor":10},{"not_picked":["Deflect","Outmaneuver"],"picked":"Poisoned Stab","floor":13},{"not_picked":["Slice","Burst"],"picked":"Malaise","floor":14}],"player_experience":1798553,"relics_obtained":[{"floor":7,"key":"Blood Vial"},{"floor":9,"key":"Oddly Smooth Stone"},{"floor":14,"key":"Pen Nib"}],"event_choices":[{"damage_healed":0,"gold_gain":0,"player_choice":"Entered Light","damage_taken":20,"max_hp_gain":0,"max_hp_loss":0,"event_name":"Shining Light","floor":4,"gold_loss":0,"cards_upgraded":["Strike_G","Neutralize"]},{"damage_healed":0,"gold_gain":0,"player_choice":"Donut","damage_taken":0,"max_hp_gain":5,"max_hp_loss":0,"event_name":"Big Fish","floor":5,"gold_loss":0},{"damage_healed":17,"gold_gain":0,"player_choice":"Healed","damage_taken":0,"max_hp_gain":0,"max_hp_loss":0,"event_name":"The Cleric","floor":12,"gold_loss":35}],"is_beta":true,"boss_relics":[],"items_purged_floors":[],"is_endless":false,"potions_floor_spawned":[1,3,8,13,14],"killed_by":"Hexaghost","ascension_level":20}