{"path_per_floor":["M","?","?","?","?","E","$","M","T","M","?","M","R","M","R","B",null,"M","?","?","$","M","R","M","?","T","M","R","M","$","M","R","B",null,"M","?","?","M","$","R","M","R","T","E","M","M","?","M","R"],"character_chosen":"DEFECT","items_purchased":["Loop","Capacitor","Turbo","Loop"],"gold_per_floor":[117,67,67,67,67,98,22,34,59,69,124,140,140,153,153,250,250,262,262,262,187,198,198,216,216,216,233,233,249,31,46,46,150,150,160,160,160,173,106,106,116,116,141,171,188,204,204,219,219,219],"floor_reached":50,"campfire_rested":2,"playtime":3076,"item_purchase_floors":[],"current_hp_per_floor":[72,72,65,65,50,46,46,36,36,33,28,25,25,14,36,27,75,73,73,57,57,56,56,58,58,58,48,48,53,53,51,51,39,77,62,77,67,68,68,68,66,66,66,47,37,36,36,36,62,0],"items_purged":["Decay","Defend_B"],"gold":219,"score":549,"play_id":"c4420b27-7aa2-4830-a48d-b2d17e6f637e","local_time":"20180601110115","is_prod":false,"is_daily":false,"chose_seed":false,"is_ascension_mode":false,"campfire_upgraded":6,"win_rate":0,"timestamp":1527818475,"campfire_choices":[{"data":"Loop","floor":13.0,"key":"SMITH"},{"floor":15.0,"key":"REST"},{"data":"Defragment","floor":23.0,"key":"SMITH"},{"data":"Dualcast","floor":28,"key":"SMITH"},{"data":"Loop","floor":32,"key":"SMITH"},{"data":"Loop","floor":40,"key":"SMITH"},{"data":"Capacitor","floor":42,"key":"SMITH"},{"floor":49,"key":"REST"}],"path_taken":["M","?","?","?","?","E","$","M","T","?","?","M","R","M","R","BOSS","M","?","?","$","?","R","M","?","T","M","R","M","$","M","R","BOSS","M","?","?","M","$","R","M","R","T","E","?","M","?","?","R","BOSS"],"build_version":"2018-05-30v2","seed_source_timestamp":0,"purchased_purges":2,"victory":false,"master_deck":["Strike_B+1","Defend_B+1","Zap+1","Dualcast+1","Electrodynamics","Ball Lightning+1","Glacier","Glacier","Loop+1","Storm","Reprogram","BootSequence","Ball Lightning+1","Chill","Defragment+1","Core Surge","Thunder Strike+1","Machine Learning+1","Beam Cell+1","Necronomicurse","Ball Lightning+1","Self Repair","Loop+1","Capacitor+1","Turbo","Ball Lightning+1","Biased Cognition","Go for the Eyes+1","Madness","Madness","Loop+1","Steam+1","Defragment+1","Recycle","Melter+1","Static Discharge"],"max_hp_per_floor":[75,75,75,75,75,75,75,75,75,75,75,75,75,75,75,75,75,75,75,75,75,75,75,77,77,77,77,77,77,77,77,77,77,77,77,77,77,79,79,79,79,79,79,86,86,86,86,88,88,88],"relics":["Cracked Core","Torii","Bag of Marbles","Dream Catcher","Matryoshka","Astrolabe","Singing Bowl","Necronomicon","Darkstone Periapt","Whetstone","Sozu","Dodecahedron","Bag of Preparation","Strawberry"],"card_choices":[{"not_picked":["Turbo","Force Field"],"picked":"Glacier","floor":1.0},{"not_picked":["Sweeping Beam","Gash"],"picked":"Glacier","floor":6.0},{"not_picked":["Go for the Eyes","Darkness"],"picked":"Storm","floor":8.0},{"not_picked":["Core Surge","Force Field"],"picked":"Reprogram","floor":10.0},{"not_picked":["Streamline","Leap"],"picked":"BootSequence","floor":11.0},{"not_picked":["Barrage","Beam Cell"],"picked":"Ball Lightning","floor":12.0},{"not_picked":["Hologram","Glacier"],"picked":"Chill","floor":14.0},{"not_picked":["Chill","Capacitor"],"picked":"Defragment","floor":15.0},{"not_picked":["Thunder Strike","All For One"],"picked":"Core Surge","floor":16.0},{"not_picked":["Compile Driver","Streamline+1"],"picked":"Beam Cell+1","floor":18.0},{"not_picked":["Compile Driver+1","Rainbow"],"picked":"Ball Lightning+1","floor":22.0},{"not_picked":["Chaos","Barrage+1","Stack"],"picked":"Singing Bowl","floor":24},{"not_picked":["FTL","Leap"],"picked":"Self Repair","floor":27},{"not_picked":["Coolheaded","Leap"],"picked":"Loop","floor":29},{"not_picked":["Turbo","Gash+1"],"picked":"Ball Lightning+1","floor":31},{"not_picked":["Hyperbeam","Meteor Strike"],"picked":"Biased Cognition","floor":33},{"not_picked":["Leap+1","Stack"],"picked":"Go for the Eyes+1","floor":35},{"not_picked":["Stack+1","Gash","BootSequence+1"],"picked":"Singing Bowl","floor":38},{"not_picked":["Barrage+1","BootSequence+1"],"picked":"Steam+1","floor":41},{"not_picked":["Leap+1","Double Energy+1"],"picked":"Defragment+1","floor":44},{"not_picked":["Cold Snap","Hyperbeam"],"picked":"Recycle","floor":45},{"not_picked":["Hologram","Coolheaded"],"picked":"Melter+1","floor":46},{"not_picked":["Hologram+1","Barrage+1","Conserve Battery"],"picked":"Singing Bowl","floor":48},{"not_picked":["Hologram+1","Streamline+1"],"picked":"Static Discharge","floor":49}],"player_experience":216943,"potions_floor_usage":[24,24,33,50],"damage_taken":[{"damage":3.0,"enemies":"Jaw Worm","floor":1.0,"turns":3.0},{"damage":4.0,"enemies":"3 Sentries","floor":6.0,"turns":4.0},{"damage":10.0,"enemies":"Small Slimes","floor":8.0,"turns":3.0},{"damage":3.0,"enemies":"2 Louse","floor":10.0,"turns":3.0},{"damage":5.0,"enemies":"3 Sentries","floor":11.0,"turns":6.0},{"damage":3.0,"enemies":"Looter","floor":12.0,"turns":3.0},{"damage":11.0,"enemies":"Exordium Wildlife","floor":14.0,"turns":3.0},{"damage":9.0,"enemies":"The Guardian","floor":16.0,"turns":10.0},{"damage":2.0,"enemies":"3 Byrds","floor":18.0,"turns":5.0},{"damage":1.0,"enemies":"2 Thieves","floor":22.0,"turns":3.0},{"damage":0,"enemies":"Snecko","floor":24,"turns":4},{"damage":10,"enemies":"Chosen and Byrds","floor":27,"turns":3},{"damage":2,"enemies":"Sentry and Sphere","floor":29,"turns":6},{"damage":9,"enemies":"Snake Plant","floor":31,"turns":4},{"damage":19,"enemies":"Champ","floor":33,"turns":7},{"damage":15,"enemies":"3 Shapes","floor":35,"turns":4},{"damage":1,"enemies":"3 Darklings","floor":38,"turns":4},{"damage":2,"enemies":"4 Shapes","floor":41,"turns":5},{"damage":26,"enemies":"2 Orb Walkers","floor":44,"turns":4},{"damage":10,"enemies":"Sphere and 2 Shapes","floor":45,"turns":3},{"damage":1,"enemies":"Spire Growth","floor":46,"turns":4},{"damage":9,"enemies":"Transient","floor":48,"turns":5},{"damage":68,"enemies":"Donu and Deca","floor":50,"turns":3}],"relics_obtained":[{"floor":6.0,"key":"Bag of Marbles"},{"floor":9.0,"key":"Dream Catcher"},{"floor":11.0,"key":"Matryoshka"},{"floor":20.0,"key":"Necronomicon"},{"floor":26,"key":"Darkstone Periapt"},{"floor":26,"key":"Whetstone"},{"floor":43,"key":"Dodecahedron"},{"floor":43,"key":"Bag of Preparation"},{"floor":44,"key":"Strawberry"}],"event_choices":[{"event_name":"The Cleric","player_choice":"Card Removal","floor":2.0,"damage_taken":0.0},{"event_name":"Golden Wing","player_choice":"Card Removal","floor":3.0,"damage_taken":0.0},{"event_name":"Big Fish","player_choice":"Box","floor":4.0,"damage_taken":0.0},{"event_name":"Shining Light","player_choice":"Entered Light","floor":5.0,"damage_taken":0.0},{"event_name":"Dead Adventurer","player_choice":"Searched \u00272\u0027 times","floor":11.0,"damage_taken":0.0},{"event_name":"The Mausoleum","player_choice":"Yes","floor":19.0,"damage_taken":0.0},{"event_name":"Cursed Tome","player_choice":"Obtained Book","floor":20.0,"damage_taken":0.0},{"event_name":"Ghosts","player_choice":"Ignored","floor":25,"damage_taken":0},{"event_name":"Wheel of Change","player_choice":"Full Heal","floor":36,"damage_taken":0},{"event_name":"Winding Halls","player_choice":"Embrace Madness","floor":37,"damage_taken":0},{"event_name":"Upgrade Shrine","player_choice":"Upgraded","floor":47,"damage_taken":0}],"boss_relics":[{"not_picked":["Black Star","Cursed Key"],"picked":"Sozu"}],"items_purged_floors":[],"potions_floor_spawned":[8,12,16,18,24,31,38,44,46],"seed_played":"5527481354745893859","killed_by":"Donu and Deca","ascension_level":0,"potions_obtained":[{"floor":8.0,"key":"EssenceOfSteel"},{"floor":12.0,"key":"Explosive Potion"},{"floor":16.0,"key":"EssenceOfSteel"},{"floor":24,"key":"AttackPotion"},{"floor":31,"key":"Dexterity Potion"}],"is_trial":false}