{"gold_per_floor":[118,130,142,142,157,157,157,187,187,205,205,225,225,245,245,245],"floor_reached":16,"playtime":1734,"items_purged":[],"score":104,"play_id":"65dbc20c-b47d-451f-b0cf-06d59759d174","local_time":"20180923021255","is_ascension_mode":false,"campfire_choices":[{"data":"Sword Boomerang","floor":6,"key":"SMITH"},{"floor":11,"key":"REST"},{"floor":15,"key":"REST"}],"neow_cost":"","seed_source_timestamp":783639010420930,"circlet_count":0,"master_deck":["Strike_R","Strike_R","Strike_R","Strike_R","Strike_R","Defend_R","Defend_R","Defend_R","Bash","Armaments","Shockwave","Twin Strike","Sword Boomerang+1","Double Tap","Twin Strike","Shrug It Off","Flex"],"relics":["Burning Blood","Anchor","Sundial"],"potions_floor_usage":[],"damage_taken":[{"damage":1,"enemies":"2 Louse","floor":1,"turns":3},{"damage":13,"enemies":"Jaw Worm","floor":2,"turns":3},{"damage":9,"enemies":"Small Slimes","floor":3,"turns":4},{"damage":9,"enemies":"Blue Slaver","floor":5,"turns":3},{"damage":39,"enemies":"3 Sentries","floor":8,"turns":8},{"damage":7,"enemies":"3 Louse","floor":10,"turns":3},{"damage":36,"enemies":"Gremlin Gang","floor":12,"turns":4},{"damage":12,"enemies":"Large Slime","floor":14,"turns":7},{"damage":65,"enemies":"The Guardian","floor":16,"turns":9}],"seed_played":"-8385683553434670981","potions_obtained":[{"floor":2,"key":"EssenceOfSteel"},{"floor":14,"key":"Poison Potion"}],"is_trial":false,"path_per_floor":["M","M","M","?","M","R","?","E","T","M","R","M","?","M","R"],"character_chosen":"IRONCLAD","items_purchased":[],"campfire_rested":2,"item_purchase_floors":[],"current_hp_per_floor":[80,73,70,63,60,60,60,27,27,26,50,20,46,40,64,0],"gold":245,"neow_bonus":"","is_prod":false,"is_daily":false,"chose_seed":false,"campfire_upgraded":1,"win_rate":0.0,"timestamp":1537683175,"path_taken":["M","M","M","?","M","R","?","E","T","M","R","M","?","M","R","BOSS"],"build_version":"2018-09-20","purchased_purges":0,"victory":false,"max_hp_per_floor":[80,80,80,80,80,80,80,80,80,80,80,80,80,80,80,80],"card_choices":[{"not_picked":["Sword Boomerang","Rage"],"picked":"Armaments","floor":1},{"not_picked":["Rupture","Clothesline"],"picked":"Shockwave","floor":2},{"not_picked":["Shrug It Off","Clothesline"],"picked":"Twin Strike","floor":3},{"not_picked":["Second Wind","Cleave"],"picked":"Sword Boomerang","floor":5},{"not_picked":["Clash","Body Slam"],"picked":"Double Tap","floor":8},{"not_picked":["Searing Blow","True Grit"],"picked":"Twin Strike","floor":10},{"not_picked":["Rupture","Clothesline"],"picked":"Shrug It Off","floor":12},{"not_picked":["Flame Barrier","Entrench"],"picked":"Flex","floor":14}],"player_experience":0,"relics_obtained":[{"floor":8,"key":"Anchor"},{"floor":9,"key":"Sundial"}],"event_choices":[{"event_name":"Golden Wing","player_choice":"Card Removal","floor":4,"damage_taken":0},{"event_name":"WeMeetAgain","player_choice":"Attack","floor":7,"damage_taken":0},{"event_name":"Big Fish","player_choice":"Banana","floor":13,"damage_taken":0}],"is_beta":false,"boss_relics":[],"items_purged_floors":[],"is_endless":false,"potions_floor_spawned":[2,14],"killed_by":"The Guardian","ascension_level":0}