{"gold_per_floor":[111,111,134,12,25,54,54,389,460,473,498,513,513,523,523,623,623,636,71,90,102,202,202,236,33,33,64,80,111,124,0,0,0],"floor_reached":33,"playtime":2834,"items_purged":["Strike_G"],"score":341,"play_id":"63fcc773-8300-4efc-ad71-a002d26849e9","local_time":"20190102141001","is_ascension_mode":true,"campfire_choices":[{"floor":7,"key":"REST"},{"floor":13,"key":"REST"},{"floor":15,"key":"REST"},{"floor":23,"key":"REST"},{"floor":32,"key":"REST"}],"neow_cost":"NONE","seed_source_timestamp":661209606380251,"circlet_count":0,"master_deck":["Defend_G","Defend_G","Defend_G","Defend_G","Defend_G","Strike_G","Strike_G","Strike_G","Strike_G","Survivor","Neutralize","Blade Dance","Caltrops","Deadly Poison","Dodge and Roll","Outmaneuver","Blur","Blade Dance","Deadly Poison","PiercingWail","After Image","Backflip","Cloak And Dagger","Blade Dance","Bandage Up","Dodge and Roll+1","Flying Knee+1","Noxious Fumes+1","Catalyst","Outmaneuver","Deflect+1"],"relics":["Ring of the Snake","Bronze Scales","Letter Opener","Centennial Puzzle","Orichalcum","Old Coin","Bottled Tornado","Art of War","Lizard Tail","Bird Faced Urn","Frozen Egg 2","Membership Card","Ninja Scroll","Ancient Tea Set","Matryoshka"],"potions_floor_usage":[8,16,24,24,24,27,33,33],"damage_taken":[{"damage":2,"enemies":"Small Slimes","floor":1,"turns":4},{"damage":5,"enemies":"Jaw Worm","floor":5,"turns":4},{"damage":18,"enemies":"3 Sentries","floor":6,"turns":6},{"damage":18,"enemies":"Gremlin Nob","floor":8,"turns":4},{"damage":0,"enemies":"Cultist","floor":10,"turns":3},{"damage":20,"enemies":"Lagavulin","floor":11,"turns":6},{"damage":4,"enemies":"Looter","floor":12,"turns":2},{"damage":2,"enemies":"Blue Slaver","floor":14,"turns":3},{"damage":19,"enemies":"The Guardian","floor":16,"turns":10},{"damage":15,"enemies":"Spheric Guardian","floor":18,"turns":7},{"damage":9,"enemies":"Chosen","floor":20,"turns":6},{"damage":36,"enemies":"Sentry and Sphere","floor":21,"turns":8},{"damage":73,"enemies":"Gremlin Leader","floor":24,"turns":8},{"damage":3,"enemies":"Book of Stabbing","floor":27,"turns":6},{"damage":2,"enemies":"Snecko","floor":28,"turns":6},{"damage":30,"enemies":"Slavers","floor":29,"turns":5},{"damage":5,"enemies":"Cultist and Chosen","floor":30,"turns":6},{"damage":62,"enemies":"Champ","floor":33,"turns":8}],"seed_played":"2459595267796012598","potions_obtained":[{"floor":1,"key":"Explosive Potion"},{"floor":6,"key":"Ancient Potion"},{"floor":12,"key":"SkillPotion"},{"floor":16,"key":"SteroidPotion"},{"floor":18,"key":"SkillPotion"},{"floor":21,"key":"Swift Potion"},{"floor":24,"key":"Weak Potion"},{"floor":29,"key":"Fire Potion"},{"floor":30,"key":"AttackPotion"}],"is_trial":false,"path_per_floor":["M","?","T","$","M","E","R","E","T","M","E","M","R","M","R","B",null,"M","$","M","M","?","R","E","$","T","E","M","E","M","?","R","B"],"character_chosen":"THE_SILENT","items_purchased":["Caltrops","Deadly Poison","Cloak And Dagger","Blade Dance","Bird Faced Urn","Bandage Up","Membership Card"],"campfire_rested":5,"item_purchase_floors":[4,4,19,19,19,19,25],"current_hp_per_floor":[68,50,50,50,45,27,48,30,30,30,10,6,27,25,46,27,70,55,55,54,26,26,47,20,20,20,25,33,13,16,16,37,0],"gold":0,"neow_bonus":"RANDOM_COMMON_RELIC","is_prod":false,"is_daily":false,"chose_seed":false,"campfire_upgraded":0,"win_rate":0,"timestamp":1546456201,"path_taken":["M","?","?","$","M","E","R","E","T","M","E","M","R","M","R","BOSS","M","$","M","M","?","R","E","$","T","E","?","E","M","?","R","BOSS"],"build_version":"2018-12-20","purchased_purges":1,"victory":false,"max_hp_per_floor":[70,70,70,70,70,70,70,70,70,70,70,70,70,70,70,70,70,70,70,70,70,70,70,70,70,70,70,70,70,70,70,70,70],"card_choices":[{"not_picked":["Well Laid Plans","Expertise"],"picked":"Blade Dance","floor":1},{"not_picked":["Bane","Blade Dance"],"picked":"Dodge and Roll","floor":5},{"not_picked":["Expertise","Finisher"],"picked":"Outmaneuver","floor":6},{"not_picked":["Choke","Poisoned Stab"],"picked":"Blur","floor":8},{"not_picked":["Sucker Punch","Bane"],"picked":"Blade Dance","floor":10},{"not_picked":["Cloak And Dagger","Quick Slash"],"picked":"Deadly Poison","floor":11},{"not_picked":["Well Laid Plans","Sucker Punch"],"picked":"PiercingWail","floor":12},{"not_picked":["Dash","Calculated Gamble","Dagger Spray"],"picked":"SKIP","floor":14},{"not_picked":["Glass Knife","Grand Finale"],"picked":"After Image","floor":16},{"not_picked":["Dagger Throw","Expertise"],"picked":"Backflip","floor":18},{"not_picked":["Skewer","Acrobatics"],"picked":"Dodge and Roll+1","floor":20},{"not_picked":["Cloak And Dagger","PiercingWail","Dodge and Roll"],"picked":"SKIP","floor":21},{"not_picked":["Well Laid Plans","Finisher"],"picked":"Flying Knee+1","floor":24},{"not_picked":["Grand Finale","All Out Attack"],"picked":"Noxious Fumes+1","floor":27},{"not_picked":["Deflect+1","Sucker Punch"],"picked":"Catalyst","floor":28},{"not_picked":["Leg Sweep","Flying Knee+1"],"picked":"Outmaneuver","floor":29},{"not_picked":["Calculated Gamble+1","Finisher"],"picked":"Deflect+1","floor":30}],"player_experience":118530,"relics_obtained":[{"floor":3,"key":"Centennial Puzzle"},{"floor":6,"key":"Orichalcum"},{"floor":8,"key":"Old Coin"},{"floor":9,"key":"Bottled Tornado"},{"floor":11,"key":"Art of War"},{"floor":24,"key":"Frozen Egg 2"},{"floor":26,"key":"Ninja Scroll"},{"floor":27,"key":"Ancient Tea Set"},{"floor":29,"key":"Matryoshka"}],"event_choices":[{"damage_healed":0,"gold_gain":0,"player_choice":"Success","damage_taken":18,"relics_obtained":["Letter Opener"],"max_hp_gain":0,"max_hp_loss":0,"event_name":"Scrap Ooze","floor":2,"gold_loss":0},{"damage_healed":0,"gold_gain":100,"player_choice":"Pray","damage_taken":0,"max_hp_gain":0,"max_hp_loss":0,"event_name":"Golden Shrine","floor":22,"gold_loss":0},{"damage_healed":0,"gold_gain":0,"player_choice":"Paid Fearfully","damage_taken":0,"max_hp_gain":0,"max_hp_loss":0,"event_name":"Masked Bandits","floor":31,"gold_loss":124}],"is_beta":false,"boss_relics":[{"not_picked":["White Beast Statue","Sozu"],"picked":"Lizard Tail"}],"items_purged_floors":[19],"is_endless":false,"potions_floor_spawned":[1,6,12,16,18,21,24,29,30],"killed_by":"Champ","ascension_level":1}