{"gold_per_floor":[118,134,14,29,29,58,58,85,85,95,95,106,6,32,32,132,132,152,152,163,163,78,111,111,145,157,201,213,257,3,13,13,118,118,135,153,172,189,189],"floor_reached":39,"playtime":3132,"items_purged":["Strike_B","Strike_B","Defend_B"],"score":528,"play_id":"86b01bb4-a5a2-409d-b0c7-1e3ceede1d81","local_time":"20190201215456","is_ascension_mode":true,"campfire_choices":[{"data":"Defragment","floor":11,"key":"SMITH"},{"floor":15,"key":"REST"},{"data":"White Noise","floor":24,"key":"SMITH"},{"floor":28,"key":"REST"},{"data":"Defragment","floor":32,"key":"SMITH"}],"neow_cost":"NONE","seed_source_timestamp":28322242596632,"circlet_count":0,"master_deck":["Defend_B","Defend_B","Defend_B","Zap","Dualcast","Self Repair","Chill","Go for the Eyes","Conserve Battery","Defragment+1","Self Repair","Chill","Loop","Reboot","Creative AI","Bite+1","Bite+1","Bite+1","Bite+1","Bite+1","Hologram+1","White Noise+1","Defragment+1","Conserve Battery","Glacier","Reinforced Body","Glacier+1","Loop","Capacitor"],"relics":["Cracked Core","NeowsBlessing","Bottled Flame","Boot","Molten Egg 2","DataDisk","Lizard Tail","Turnip","Smiling Mask","MawBank","Singing Bowl","Bag of Marbles","Bottled Lightning","Oddly Smooth Stone","Orrery"],"potions_floor_usage":[6,14,23,23,23,25,29,33,39],"damage_taken":[{"damage":0,"enemies":"Cultist","floor":1,"turns":1},{"damage":0,"enemies":"Jaw Worm","floor":2,"turns":1},{"damage":0,"enemies":"Small Slimes","floor":4,"turns":1},{"damage":29,"enemies":"Gremlin Nob","floor":6,"turns":4},{"damage":13,"enemies":"Lagavulin","floor":8,"turns":9},{"damage":9,"enemies":"Blue Slaver","floor":10,"turns":4},{"damage":5,"enemies":"Large Slime","floor":12,"turns":6},{"damage":34,"enemies":"Gremlin Nob","floor":14,"turns":7},{"damage":35,"enemies":"Hexaghost","floor":16,"turns":11},{"damage":19,"enemies":"3 Byrds","floor":18,"turns":5},{"damage":7,"enemies":"Shell Parasite","floor":20,"turns":7},{"damage":38,"enemies":"Gremlin Leader","floor":23,"turns":10},{"damage":41,"enemies":"Book of Stabbing","floor":25,"turns":7},{"damage":43,"enemies":"Slavers","floor":27,"turns":4},{"damage":90,"enemies":"Gremlin Leader","floor":29,"turns":11},{"damage":16,"enemies":"Snake Plant","floor":31,"turns":5},{"damage":29,"enemies":"Champ","floor":33,"turns":16},{"damage":33,"enemies":"3 Shapes","floor":35,"turns":4},{"damage":17,"enemies":"3 Darklings","floor":36,"turns":15},{"damage":0,"enemies":"Spire Growth","floor":37,"turns":9},{"damage":37,"enemies":"Transient","floor":38,"turns":5},{"damage":49,"enemies":"2 Orb Walkers","floor":39,"turns":3}],"seed_played":"7400829118159152216","potions_obtained":[{"floor":1,"key":"Explosive Potion"},{"floor":2,"key":"Fire Potion"},{"floor":6,"key":"Strength Potion"},{"floor":14,"key":"Explosive Potion"},{"floor":20,"key":"Block Potion"},{"floor":23,"key":"Poison Potion"},{"floor":25,"key":"Swift Potion"},{"floor":29,"key":"Energy Potion"},{"floor":35,"key":"GamblersBrew"}],"is_trial":false,"path_per_floor":["M","M","$","M","?","E","T","E","T","M","R","M","$","E","R","B",null,"M","?","M","?","?","E","R","E","T","E","R","E","$","M","R","B",null,"M","M","M","M","?"],"character_chosen":"DEFECT","items_purchased":["Go for the Eyes","Oddly Smooth Stone","Reinforced Body"],"campfire_rested":2,"item_purchase_floors":[3,30,30],"current_hp_per_floor":[75,75,75,75,75,53,53,47,47,52,52,61,61,41,63,28,75,70,52,52,52,52,52,52,43,43,31,47,44,44,54,54,56,62,44,66,68,46,0],"gold":189,"neow_bonus":"THREE_ENEMY_KILL","is_prod":false,"is_daily":false,"chose_seed":false,"campfire_upgraded":3,"win_rate":0,"timestamp":1549086896,"path_taken":["M","M","$","?","?","E","?","E","T","?","R","M","?","E","R","BOSS","M","?","M","?","?","E","R","E","T","E","R","E","?","?","R","BOSS","M","M","M","M","?"],"build_version":"2019-01-23","purchased_purges":3,"victory":false,"max_hp_per_floor":[75,75,75,75,75,75,75,75,75,75,75,75,75,75,75,75,75,75,52,52,52,52,52,52,52,52,54,54,54,54,54,54,56,62,64,66,68,70,70],"card_choices":[{"not_picked":["Turbo","Genetic Algorithm"],"picked":"Self Repair","floor":1},{"not_picked":["Fusion","Auto Shields"],"picked":"Chill","floor":2},{"not_picked":["Recycle","Leap"],"picked":"Conserve Battery","floor":4},{"not_picked":["Conserve Battery","Scrape"],"picked":"Defragment","floor":6},{"not_picked":["Darkness","Sunder"],"picked":"Self Repair","floor":8},{"not_picked":["Rip and Tear+1","Sweeping Beam+1"],"picked":"Chill","floor":10},{"not_picked":["Compile Driver+1","Hologram"],"picked":"Loop","floor":12},{"not_picked":["Turbo","Rip and Tear+1"],"picked":"Reboot","floor":14},{"not_picked":["All For One+1","Rainbow"],"picked":"Creative AI","floor":16},{"not_picked":["Recycle","Steam+1","Streamline+1"],"picked":"SKIP","floor":18},{"not_picked":["Sunder+1","Gash+1"],"picked":"Hologram+1","floor":20},{"not_picked":["Go for the Eyes+1","Gash+1"],"picked":"Defragment","floor":23},{"not_picked":["Beam Cell+1","Compile Driver+1"],"picked":"Conserve Battery","floor":25},{"not_picked":["Stack+1","Self Repair","Machine Learning"],"picked":"Singing Bowl","floor":27},{"not_picked":["Stack","Doom and Gloom+1"],"picked":"Glacier","floor":29},{"not_picked":["Conserve Battery","Hologram"],"picked":"Glacier+1","floor":31},{"not_picked":["Machine Learning","Multi-Cast","Meteor Strike+1"],"picked":"Singing Bowl","floor":33},{"not_picked":["Hello World","Heatsinks+1","Rebound+1"],"picked":"Singing Bowl","floor":34},{"not_picked":["Conserve Battery+1","Steam+1"],"picked":"Loop","floor":34},{"not_picked":["Go for the Eyes+1","Ball Lightning+1"],"picked":"Capacitor","floor":34},{"not_picked":["Double Energy","Beam Cell+1","Fusion+1"],"picked":"Singing Bowl","floor":34},{"not_picked":["Beam Cell+1","Genetic Algorithm","Reinforced Body"],"picked":"Singing Bowl","floor":34},{"not_picked":["Steam","Hologram+1","Gash+1"],"picked":"Singing Bowl","floor":35},{"not_picked":["Hello World","Streamline+1","Barrage+1"],"picked":"Singing Bowl","floor":36},{"not_picked":["Compile Driver+1","Beam Cell+1","Streamline+1"],"picked":"Singing Bowl","floor":37},{"not_picked":["Barrage+1","Hello World","Doom and Gloom+1"],"picked":"Singing Bowl","floor":38}],"player_experience":236616,"relics_obtained":[{"floor":6,"key":"Bottled Flame"},{"floor":8,"key":"Boot"},{"floor":9,"key":"Molten Egg 2"},{"floor":14,"key":"DataDisk"},{"floor":23,"key":"Smiling Mask"},{"floor":25,"key":"MawBank"},{"floor":26,"key":"Singing Bowl"},{"floor":27,"key":"Bag of Marbles"},{"floor":29,"key":"Bottled Lightning"}],"event_choices":[{"damage_healed":0,"gold_gain":0,"player_choice":"Leave","damage_taken":0,"max_hp_gain":0,"max_hp_loss":0,"event_name":"The Cleric","floor":5,"gold_loss":0},{"damage_healed":0,"gold_gain":0,"player_choice":"Became a vampire","damage_taken":0,"max_hp_gain":0,"max_hp_loss":23,"event_name":"Vampires","floor":19,"gold_loss":0,"cards_obtained":["Bite","Bite","Bite","Bite","Bite"]},{"damage_healed":0,"gold_gain":0,"player_choice":"Read","damage_taken":0,"max_hp_gain":0,"max_hp_loss":0,"event_name":"The Library","floor":21,"gold_loss":0,"cards_obtained":["White Noise"]},{"damage_healed":0,"gold_gain":0,"player_choice":"Obtained Relic","damage_taken":0,"relics_obtained":["Turnip"],"max_hp_gain":0,"max_hp_loss":0,"event_name":"Addict","floor":22,"gold_loss":85},{"damage_healed":0,"gold_gain":0,"player_choice":"Fight","damage_taken":0,"max_hp_gain":0,"max_hp_loss":0,"event_name":"Mysterious Sphere","floor":39,"gold_loss":0}],"is_beta":false,"boss_relics":[{"not_picked":["Busted Crown","Runic Dome"],"picked":"Lizard Tail"},{"not_picked":["Calling Bell","Fusion Hammer"],"picked":"Orrery"}],"items_purged_floors":[3,13,30],"is_endless":false,"potions_floor_spawned":[1,2,6,14,20,23,25,29,35],"killed_by":"2 Orb Walkers","ascension_level":1}