{"gold_per_floor":[115,127,127,127,143,143,175,175,199,219,219,246,3,22,22,96,96,106,120,120,120,37,65,65,65,95,95,10,10,20,20,20,92,92,107,5,23,36,136,136,170,170,170,197,38,48,67,87,87,87,87],"floor_reached":52,"playtime":3362,"items_purged":["Strike_G"],"score":1926,"play_id":"816370e5-2851-4672-a070-62d56032fa52","local_time":"20181217214817","is_ascension_mode":true,"campfire_choices":[{"data":"Skewer","floor":6,"key":"SMITH"},{"data":"Caltrops","floor":8,"key":"SMITH"},{"data":"Neutralize","floor":11,"key":"SMITH"},{"data":"Catalyst","floor":15,"key":"SMITH"},{"floor":27,"key":"REST"},{"data":"Crippling Poison","floor":29,"key":"SMITH"},{"floor":32,"key":"REST"},{"floor":40,"key":"REST"},{"floor":42,"key":"REST"},{"floor":49,"key":"REST"}],"neow_cost":"NONE","seed_source_timestamp":130167126388800,"circlet_count":0,"master_deck":["AscendersBane","Defend_G","Defend_G+1","Defend_G","Defend_G","Strike_G","Strike_G+1","Strike_G","Strike_G","Survivor","Neutralize+1","Blur","Skewer+1","All Out Attack+1","Caltrops+1","Leg Sweep","Catalyst+1","Crippling Poison+1","Crippling Poison","Doppelganger","PiercingWail","Outmaneuver+1","PiercingWail","Burst+1","Backflip+1","Flechettes+1","Night Terror","Noxious Fumes","Leg Sweep","Footwork","PiercingWail","Deadly Poison","Backflip","PiercingWail+1"],"relics":["Velvet Choker","Ancient Tea Set","Vajra","The Courier","Chemical X","Runic Pyramid","Pen Nib","Tiny Chest","Matryoshka","Fusion Hammer","War Paint","Whetstone","Mercury Hourglass","PreservedInsect","Oddly Smooth Stone"],"potions_floor_usage":[7,19,23,30,38,38,48,51],"damage_taken":[{"damage":4,"enemies":"Jaw Worm","floor":1,"turns":5},{"damage":1,"enemies":"2 Louse","floor":2,"turns":2},{"damage":1,"enemies":"Small Slimes","floor":5,"turns":4},{"damage":3,"enemies":"Gremlin Nob","floor":7,"turns":3},{"damage":1,"enemies":"Exordium Wildlife","floor":10,"turns":3},{"damage":5,"enemies":"3 Sentries","floor":12,"turns":5},{"damage":0,"enemies":"Looter","floor":14,"turns":4},{"damage":9,"enemies":"Hexaghost","floor":16,"turns":8},{"damage":0,"enemies":"Spheric Guardian","floor":18,"turns":4},{"damage":8,"enemies":"2 Thieves","floor":19,"turns":3},{"damage":5,"enemies":"Colosseum Slavers","floor":20,"turns":5},{"damage":41,"enemies":"Slavers","floor":23,"turns":6},{"damage":2,"enemies":"3 Cultists","floor":30,"turns":6},{"damage":36,"enemies":"Champ","floor":33,"turns":8},{"damage":0,"enemies":"Orb Walker","floor":35,"turns":3},{"damage":0,"enemies":"3 Darklings","floor":37,"turns":5},{"damage":13,"enemies":"Transient","floor":38,"turns":6},{"damage":0,"enemies":"Mind Bloom Boss Battle","floor":39,"turns":3},{"damage":0,"enemies":"Giant Head","floor":41,"turns":3},{"damage":22,"enemies":"Reptomancer","floor":44,"turns":5},{"damage":0,"enemies":"Maw","floor":46,"turns":6},{"damage":18,"enemies":"Spire Growth","floor":47,"turns":3},{"damage":11,"enemies":"3 Darklings","floor":48,"turns":4},{"damage":30,"enemies":"Donu and Deca","floor":50,"turns":10},{"damage":2,"enemies":"Time Eater","floor":51,"turns":8}],"seed_played":"6011745124969769246","potions_obtained":[{"floor":2,"key":"Block Potion"},{"floor":5,"key":"AttackPotion"},{"floor":18,"key":"GamblersBrew"},{"floor":23,"key":"Regen Potion"},{"floor":35,"key":"FearPotion"},{"floor":38,"key":"EssenceOfSteel"},{"floor":47,"key":"Fire Potion"}],"is_trial":false,"path_per_floor":["M","M","?","?","M","R","E","R","T","M","R","E","$","M","R","B",null,"M","M","?","?","$","E","$","?","T","R","$","R","M","T","R","B",null,"M","$","M","M","?","R","E","R","T","E","$","M","M","M","R","B","B",null],"character_chosen":"THE_SILENT","items_purchased":["Chemical X","Crippling Poison","PiercingWail","Backflip","Block Potion","Noxious Fumes","Leg Sweep","Backflip","Oddly Smooth Stone"],"campfire_rested":5,"item_purchase_floors":[13,13,22,28,28,36,36,45,45],"current_hp_per_floor":[55,54,54,47,46,46,43,43,43,42,42,37,37,37,37,28,57,57,49,44,57,57,16,16,16,16,35,35,35,48,48,66,30,57,57,57,57,44,44,63,63,66,66,44,44,44,26,15,34,4,2],"gold":87,"neow_bonus":"BOSS_RELIC","is_prod":false,"is_daily":false,"chose_seed":false,"campfire_upgraded":5,"win_rate":0,"timestamp":1545101297,"path_taken":["M","M","?","?","M","R","E","R","T","M","R","E","$","M","R","BOSS","M","M","?","?","$","E","$","?","T","R","$","R","?","?","R","BOSS","M","$","M","M","?","R","E","R","T","E","?","M","M","M","R","BOSS","BOSS"],"build_version":"2018-11-15","purchased_purges":1,"victory":true,"max_hp_per_floor":[66,66,66,66,66,66,66,66,66,66,66,66,66,66,66,66,66,66,66,66,66,66,66,66,66,66,66,66,66,66,66,66,66,66,66,66,66,66,66,66,66,66,66,66,66,66,66,66,66,66,66],"card_choices":[{"not_picked":["Deflect","Tactician"],"picked":"Blur","floor":1},{"not_picked":["Outmaneuver","Riddle With Holes"],"picked":"Skewer","floor":2},{"not_picked":["Deadly Poison","Bane"],"picked":"All Out Attack","floor":5},{"not_picked":["Deflect","Acrobatics"],"picked":"Caltrops","floor":7},{"not_picked":["Cloak And Dagger","Dagger Spray"],"picked":"Leg Sweep","floor":10},{"not_picked":["Escape Plan","Heel Hook"],"picked":"Catalyst","floor":12},{"not_picked":["Sucker Punch","PiercingWail"],"picked":"Crippling Poison","floor":14},{"not_picked":["A Thousand Cuts","Bullet Time"],"picked":"Doppelganger","floor":16},{"not_picked":["Poisoned Stab","Flying Knee"],"picked":"PiercingWail","floor":18},{"not_picked":["Slice","Backflip"],"picked":"Outmaneuver+1","floor":19},{"not_picked":["Finisher+1","Bane"],"picked":"Burst","floor":23},{"not_picked":["Cloak And Dagger","Dagger Spray"],"picked":"Flechettes+1","floor":30},{"not_picked":["Storm of Steel","Venomology"],"picked":"Night Terror","floor":33},{"not_picked":["Riddle With Holes","Infinite Blades+1","Distraction"],"picked":"SKIP","floor":35},{"not_picked":["Sucker Punch","Backflip"],"picked":"Footwork","floor":37},{"not_picked":["Blade Dance","All Out Attack"],"picked":"PiercingWail","floor":38},{"not_picked":["Underhanded Strike","Setup+1"],"picked":"Deadly Poison","floor":41},{"not_picked":["Outmaneuver+1","Tactician","Underhanded Strike"],"picked":"SKIP","floor":44},{"not_picked":["Quick Slash","Slice","Underhanded Strike+1"],"picked":"SKIP","floor":46},{"not_picked":["Cloak And Dagger+1","Terror+1","Outmaneuver"],"picked":"SKIP","floor":47},{"not_picked":["Outmaneuver","Calculated Gamble+1"],"picked":"PiercingWail+1","floor":48}],"player_experience":1844661,"relics_obtained":[{"floor":7,"key":"Ancient Tea Set"},{"floor":9,"key":"Vajra"},{"floor":12,"key":"The Courier"},{"floor":23,"key":"Pen Nib"},{"floor":26,"key":"Tiny Chest"},{"floor":31,"key":"Matryoshka"},{"floor":41,"key":"War Paint"},{"floor":43,"key":"Whetstone"},{"floor":43,"key":"Mercury Hourglass"},{"floor":44,"key":"PreservedInsect"}],"event_choices":[{"damage_healed":0,"gold_gain":0,"player_choice":"Ignored","damage_taken":0,"max_hp_gain":0,"max_hp_loss":0,"event_name":"Liars Game","floor":3,"gold_loss":0},{"cards_removed":["Defend_G"],"damage_healed":0,"gold_gain":0,"player_choice":"Card Removal","damage_taken":7,"max_hp_gain":0,"max_hp_loss":0,"event_name":"Golden Wing","floor":4,"gold_loss":0},{"damage_healed":0,"gold_gain":0,"player_choice":"Fight","damage_taken":0,"max_hp_gain":0,"max_hp_loss":0,"event_name":"Colosseum","floor":20,"gold_loss":0},{"damage_healed":0,"gold_gain":0,"player_choice":"Fled From Nobs","damage_taken":0,"max_hp_gain":0,"max_hp_loss":0,"event_name":"Colosseum","floor":20,"gold_loss":0},{"damage_healed":13,"gold_gain":0,"player_choice":"Heal","damage_taken":0,"max_hp_gain":0,"max_hp_loss":0,"event_name":"The Library","floor":21,"gold_loss":0},{"damage_healed":0,"gold_gain":0,"player_choice":"Upgraded","damage_taken":0,"max_hp_gain":0,"max_hp_loss":0,"event_name":"Upgrade Shrine","floor":25,"gold_loss":0,"cards_upgraded":["Burst"]},{"damage_healed":0,"gold_gain":0,"player_choice":"Fight","damage_taken":0,"max_hp_gain":0,"max_hp_loss":0,"event_name":"MindBloom","floor":39,"gold_loss":0}],"is_beta":true,"boss_relics":[{"not_picked":["Calling Bell","Astrolabe"],"picked":"Runic Pyramid"},{"not_picked":["Tiny House","Orrery"],"picked":"Fusion Hammer"}],"items_purged_floors":[22],"is_endless":false,"potions_floor_spawned":[2,5,18,23,35,38,47],"ascension_level":20}