{"gold_per_floor":[117,117,117,130,305,305,325,75,101,112,112,128,128,146,146,241,241,252,61,151,162,162,162,191,191,215,215,228,247,18,33,33,129,129,140,150,150,167,267,9,9],"floor_reached":41,"playtime":3217,"items_purged":["Strike_R+1","Pain"],"score":403,"play_id":"4645a6c8-4db9-43c3-bd69-1dcb26301a5f","local_time":"20190102190746","is_ascension_mode":false,"campfire_choices":[{"data":"Fire Breathing","floor":6,"key":"SMITH"},{"data":"Spot Weakness","floor":11,"key":"SMITH"},{"data":"Shockwave","floor":13,"key":"SMITH"},{"data":"Mayhem","floor":15,"key":"SMITH"},{"floor":23,"key":"REST"},{"floor":25,"key":"REST"},{"floor":32,"key":"REST"}],"neow_cost":"NONE","seed_source_timestamp":130174125596635,"circlet_count":0,"master_deck":["Strike_R+1","Strike_R+1","Strike_R+1","Defend_R+1","Defend_R+1","Defend_R+1","Defend_R+1","Bash+1","Shockwave+1","Fire Breathing+1","Doubt","Carnage","Reaper+1","Mayhem+1","Spot Weakness+1","Anger","Seeing Red","Berserk","Whirlwind+1","Discovery","Shrug It Off+1","Infernal Blade","Rampage","Limit Break","Feed"],"relics":["Black Blood","NeowsBlessing","Orichalcum","Membership Card","Vajra","Whetstone","WarpedTongs","Brimstone","Dream Catcher","Busted Crown","Shovel","Shuriken","Blood Vial"],"potions_floor_usage":[],"damage_taken":[{"damage":0,"enemies":"Small Slimes","floor":1,"turns":1},{"damage":0,"enemies":"Jaw Worm","floor":4,"turns":1},{"damage":0,"enemies":"2 Louse","floor":7,"turns":1},{"damage":17,"enemies":"Red Slaver","floor":10,"turns":6},{"damage":25,"enemies":"Large Slime","floor":12,"turns":7},{"damage":0,"enemies":"3 Louse","floor":14,"turns":3},{"damage":36,"enemies":"Hexaghost","floor":16,"turns":9},{"damage":28,"enemies":"Shell Parasite","floor":18,"turns":6},{"damage":28,"enemies":"2 Thieves","floor":21,"turns":4},{"damage":57,"enemies":"Slavers","floor":24,"turns":6},{"damage":13,"enemies":"Snake Plant","floor":28,"turns":2},{"damage":12,"enemies":"Snecko","floor":29,"turns":4},{"damage":49,"enemies":"Sentry and Sphere","floor":31,"turns":5},{"damage":49,"enemies":"Champ","floor":33,"turns":6},{"damage":19,"enemies":"Orb Walker","floor":35,"turns":3},{"damage":4,"enemies":"3 Shapes","floor":36,"turns":2},{"damage":42,"enemies":"Jaw Worm Horde","floor":38,"turns":3},{"damage":33,"enemies":"Mind Bloom Boss Battle","floor":39,"turns":4},{"damage":73,"enemies":"Nemesis","floor":41,"turns":2}],"seed_played":"3454136668409802844","potions_obtained":[{"floor":1,"key":"Poison Potion"},{"floor":4,"key":"PowerPotion"},{"floor":12,"key":"Swift Potion"},{"floor":18,"key":"Fire Potion"},{"floor":28,"key":"EntropicBrew"}],"is_trial":false,"path_per_floor":["M","$","?","M","?","R","M","$","T","M","R","M","R","M","R","B",null,"M","$","?","M","?","R","E","R","T","?","M","M","$","M","R","B",null,"M","M","?","M","?","$","E"],"character_chosen":"IRONCLAD","items_purchased":["Reaper","Mayhem","Membership Card","Rampage","Brimstone","Dream Catcher","Shuriken","Blood Vial"],"campfire_rested":3,"item_purchase_floors":[8,8,19,30,30,30,40,40],"current_hp_per_floor":[80,80,73,79,79,79,80,80,80,73,73,60,60,66,66,40,80,71,71,47,45,45,69,32,56,56,56,53,51,51,12,36,21,80,80,80,80,48,52,52,0],"gold":9,"neow_bonus":"THREE_ENEMY_KILL","is_prod":false,"is_daily":false,"chose_seed":false,"campfire_upgraded":4,"win_rate":0.0,"timestamp":1546452466,"path_taken":["M","$","?","M","?","R","M","?","T","M","R","M","R","M","R","BOSS","M","$","?","?","?","R","E","R","T","?","?","M","$","M","R","BOSS","M","M","?","?","?","$","E"],"build_version":"2018-12-20","purchased_purges":2,"victory":false,"max_hp_per_floor":[80,80,80,80,80,80,80,80,80,80,80,80,80,80,80,80,80,80,80,80,80,80,80,80,80,80,80,80,80,80,80,80,80,80,80,80,80,80,80,80,80],"card_choices":[{"not_picked":["Rage","Bloodletting"],"picked":"Shockwave","floor":1},{"not_picked":["Headbutt","Wild Strike"],"picked":"Fire Breathing","floor":4},{"not_picked":["Perfected Strike","Sword Boomerang"],"picked":"Carnage","floor":7},{"not_picked":["Metallicize","Warcry"],"picked":"Spot Weakness","floor":10},{"not_picked":["Fire Breathing","Corruption"],"picked":"Anger","floor":12},{"not_picked":["Sword Boomerang","True Grit"],"picked":"Seeing Red","floor":14},{"not_picked":["Impervious","Reaper"],"picked":"Berserk","floor":16},{"not_picked":["Reckless Charge","Thunderclap"],"picked":"Whirlwind","floor":18},{"not_picked":["Headbutt+1","Perfected Strike","Cleave"],"picked":"SKIP","floor":21},{"not_picked":["Reckless Charge","Wild Strike+1","True Grit"],"picked":"SKIP","floor":24},{"not_picked":["Flex+1","Sword Boomerang"],"picked":"Shrug It Off+1","floor":28},{"not_picked":["Clothesline","Sever Soul"],"picked":"Infernal Blade","floor":29},{"not_picked":["Rupture","Shrug It Off","Warcry+1"],"picked":"SKIP","floor":31},{"not_picked":["Clash","Whirlwind"],"picked":"Limit Break","floor":32},{"not_picked":["Barricade","Offering"],"picked":"Feed","floor":33},{"not_picked":["Clothesline"],"picked":"SKIP","floor":35},{"not_picked":["True Grit"],"picked":"SKIP","floor":36},{"not_picked":["True Grit+1"],"picked":"SKIP","floor":38}],"player_experience":78768,"relics_obtained":[{"floor":9,"key":"Orichalcum"},{"floor":24,"key":"Vajra"},{"floor":26,"key":"Whetstone"},{"floor":39,"key":"Shovel"}],"event_choices":[{"cards_removed":["Strike_R"],"damage_healed":0,"gold_gain":0,"player_choice":"Card Removal","damage_taken":7,"max_hp_gain":0,"max_hp_loss":0,"event_name":"Golden Wing","floor":3,"gold_loss":0},{"damage_healed":0,"gold_gain":175,"player_choice":"AGREE","damage_taken":0,"max_hp_gain":0,"max_hp_loss":0,"event_name":"Liars Game","floor":5,"gold_loss":0,"cards_obtained":["Doubt"]},{"damage_healed":0,"gold_gain":90,"player_choice":"CARD GOLD ","damage_taken":24,"max_hp_gain":0,"max_hp_loss":0,"event_name":"Knowing Skull","floor":20,"potions_obtained":[],"gold_loss":0,"cards_obtained":["Discovery"]},{"damage_healed":0,"gold_gain":0,"player_choice":"Simplicity","damage_taken":0,"max_hp_gain":0,"max_hp_loss":0,"event_name":"Back to Basics","floor":22,"gold_loss":0,"cards_upgraded":["Strike_R","Strike_R","Strike_R","Strike_R","Defend_R","Defend_R","Defend_R","Defend_R"]},{"damage_healed":0,"gold_gain":0,"player_choice":"Rummage","damage_taken":0,"relics_obtained":["WarpedTongs"],"max_hp_gain":0,"max_hp_loss":0,"event_name":"Accursed Blacksmith","floor":27,"gold_loss":0,"cards_obtained":["Pain"]},{"damage_healed":0,"gold_gain":0,"player_choice":"Upgraded","damage_taken":0,"max_hp_gain":0,"max_hp_loss":0,"event_name":"Upgrade Shrine","floor":37,"gold_loss":0,"cards_upgraded":["Reaper"]},{"damage_healed":0,"gold_gain":0,"player_choice":"Fight","damage_taken":0,"max_hp_gain":0,"max_hp_loss":0,"event_name":"MindBloom","floor":39,"gold_loss":0}],"is_beta":false,"boss_relics":[{"not_picked":["Ectoplasm","Fusion Hammer"],"picked":"Black Blood"},{"not_picked":["Velvet Choker","Runic Dome"],"picked":"Busted Crown"}],"items_purged_floors":[30,40],"is_endless":false,"potions_floor_spawned":[1,4,12,16,18,28,33,38],"killed_by":"Nemesis","ascension_level":0}