{"gold_per_floor":[111,124,124,124,139,139,153,169,169,169,169,182,182,25,25,148,148,168,152,5,5],"floor_reached":21,"playtime":1558,"items_purged":[],"score":171,"play_id":"8450822a-2c38-41cf-beed-76f71564c019","local_time":"20190102012753","is_ascension_mode":false,"campfire_choices":[{"floor":6,"key":"REST"},{"floor":11,"key":"REST"},{"floor":13,"key":"REST"},{"floor":15,"key":"REST"}],"neow_cost":"NONE","seed_source_timestamp":926352909921246,"circlet_count":0,"master_deck":["Strike_B+1","Strike_B","Strike_B+1","Strike_B","Defend_B","Defend_B","Defend_B","Defend_B","Zap","Dualcast","Redo","Capacitor","Sweeping Beam","Barrage","Cold Snap","Storm","Auto Shields","Genetic Algorithm","Multi-Cast","Glacier","Chill+1","Self Repair","FTL"],"relics":["Cracked Core","NeowsBlessing","Golden Idol","Dodecahedron","PreservedInsect","Nuclear Battery"],"potions_floor_usage":[],"damage_taken":[{"damage":0,"enemies":"2 Louse","floor":1,"turns":1},{"damage":0,"enemies":"Small Slimes","floor":2,"turns":1},{"damage":0,"enemies":"Jaw Worm","floor":5,"turns":1},{"damage":1,"enemies":"2 Fungi Beasts","floor":7,"turns":3},{"damage":14,"enemies":"3 Louse","floor":8,"turns":2},{"damage":23,"enemies":"Gremlin Gang","floor":12,"turns":4},{"damage":31,"enemies":"Slime Boss","floor":16,"turns":11},{"damage":38,"enemies":"Chosen","floor":18,"turns":7},{"damage":19,"enemies":"2 Thieves","floor":19,"turns":4},{"damage":19,"enemies":"Snake Plant","floor":21,"turns":2}],"seed_played":"-4384523339506554128","potions_obtained":[{"floor":1,"key":"Swift Potion"},{"floor":5,"key":"LiquidBronze"},{"floor":7,"key":"Fire Potion"}],"is_trial":false,"path_per_floor":["M","M","?","?","M","R","M","M","T","?","R","M","R","$","R","B",null,"M","M","$","M"],"character_chosen":"DEFECT","items_purchased":["Auto Shields","Genetic Algorithm","Self Repair","FTL"],"campfire_rested":4,"item_purchase_floors":[14,14,20,20],"current_hp_per_floor":[75,75,57,42,42,64,63,49,49,31,53,30,52,52,74,43,75,37,18,18,0],"gold":5,"neow_bonus":"THREE_ENEMY_KILL","is_prod":false,"is_daily":false,"chose_seed":false,"campfire_upgraded":0,"win_rate":0.0,"timestamp":1546410473,"path_taken":["M","M","?","?","M","R","M","M","T","?","R","M","R","$","R","BOSS","M","M","$","M"],"build_version":"2018-12-20","purchased_purges":0,"victory":false,"max_hp_per_floor":[75,75,75,75,75,75,75,75,75,75,75,75,75,75,75,75,75,75,75,75,75],"card_choices":[{"not_picked":["BootSequence","Steam"],"picked":"Redo","floor":1},{"not_picked":["Scrape","Compile Driver"],"picked":"Capacitor","floor":2},{"not_picked":["Hologram","Steam"],"picked":"Sweeping Beam","floor":5},{"not_picked":["Streamline","Redo"],"picked":"Barrage","floor":7},{"not_picked":["Scrape","Fusion"],"picked":"Cold Snap","floor":8},{"not_picked":["Creative AI","Stack"],"picked":"Storm","floor":12},{"not_picked":["Seek","All For One"],"picked":"Multi-Cast","floor":16},{"not_picked":["Hologram","Gash"],"picked":"Glacier","floor":18},{"not_picked":["Compile Driver+1","Hologram+1"],"picked":"Chill+1","floor":19}],"player_experience":4149,"relics_obtained":[{"floor":9,"key":"Dodecahedron"}],"event_choices":[{"damage_healed":0,"gold_gain":0,"player_choice":"Take Damage","damage_taken":18,"relics_obtained":["Golden Idol"],"max_hp_gain":0,"max_hp_loss":0,"event_name":"Golden Idol","floor":3,"gold_loss":0},{"damage_healed":0,"gold_gain":0,"player_choice":"Entered Light","damage_taken":15,"max_hp_gain":0,"max_hp_loss":0,"event_name":"Shining Light","floor":4,"gold_loss":0,"cards_upgraded":["Strike_B","Strike_B"]},{"damage_healed":0,"gold_gain":0,"player_choice":"Success","damage_taken":18,"relics_obtained":["PreservedInsect"],"max_hp_gain":0,"max_hp_loss":0,"event_name":"Scrap Ooze","floor":10,"gold_loss":0}],"is_beta":false,"boss_relics":[{"not_picked":["Tiny House","Coffee Dripper"],"picked":"Nuclear Battery"}],"items_purged_floors":[],"is_endless":false,"potions_floor_spawned":[1,5,7,18],"killed_by":"Snake Plant","ascension_level":0}