{"gold_per_floor":[115,115,115,115,4,4,44,44,44,58,71,89,89,89],"floor_reached":14,"playtime":988,"items_purged":[],"score":88,"play_id":"0de610b1-72e3-460a-8d84-7f940b34b3e1","local_time":"20181225094833","is_ascension_mode":false,"campfire_choices":[{"floor":6,"key":"DIG"},{"floor":8,"key":"DIG"}],"neow_cost":"NONE","seed_source_timestamp":2288907497291156,"circlet_count":0,"master_deck":["Strike_B","Strike_B","Strike_B","Defend_B","Defend_B","Defend_B","Defend_B","Zap","Dualcast","Self Repair","Blizzard","Reprogram","Echo Form","White Noise","Undo"],"relics":["Runic Dome","Golden Idol","Shovel","Pen Nib","Strawberry","Blood Vial","Kunai","FaceOfCleric"],"potions_floor_usage":[],"damage_taken":[{"damage":1,"enemies":"Jaw Worm","floor":1,"turns":4},{"damage":46,"enemies":"3 Sentries","floor":7,"turns":11},{"damage":4,"enemies":"2 Louse","floor":10,"turns":4},{"damage":7,"enemies":"Small Slimes","floor":11,"turns":6},{"damage":15,"enemies":"Red Slaver","floor":12,"turns":5},{"damage":20,"enemies":"3 Louse","floor":14,"turns":2}],"seed_played":"8578477287093963428","potions_obtained":[{"floor":7,"key":"FocusPotion"},{"floor":11,"key":"EssenceOfSteel"},{"floor":12,"key":"Strength Potion"}],"is_trial":false,"path_per_floor":["M","?","?","T","$","R","E","R","T","M","M","M","?","M"],"character_chosen":"DEFECT","items_purchased":["Self Repair","Blizzard"],"campfire_rested":0,"item_purchase_floors":[5,5],"current_hp_per_floor":[74,67,49,49,49,49,17,17,17,22,24,18,18,0],"gold":89,"neow_bonus":"BOSS_RELIC","is_prod":false,"is_daily":false,"chose_seed":false,"campfire_upgraded":0,"win_rate":0.0,"timestamp":1545727713,"path_taken":["M","?","?","?","?","R","E","R","T","?","M","M","?","M"],"build_version":"2018-12-20","purchased_purges":0,"victory":false,"max_hp_per_floor":[75,75,75,75,75,75,82,82,82,82,82,82,82,82],"card_choices":[{"not_picked":["Rebound","Gash","Steam"],"picked":"SKIP","floor":1},{"not_picked":["Lockon","Steam"],"picked":"Reprogram","floor":7},{"not_picked":["Undo","Barrage"],"picked":"Echo Form","floor":10},{"not_picked":["Heatsinks","Storm"],"picked":"White Noise","floor":11},{"not_picked":["Sweeping Beam","Scrape"],"picked":"Undo","floor":12}],"player_experience":26587,"relics_obtained":[{"floor":4,"key":"Shovel"},{"floor":6,"key":"Pen Nib"},{"floor":7,"key":"Strawberry"},{"floor":8,"key":"Blood Vial"},{"floor":9,"key":"Kunai"}],"event_choices":[{"cards_removed":["Strike_B"],"damage_healed":0,"gold_gain":0,"player_choice":"Card Removal","damage_taken":7,"max_hp_gain":0,"max_hp_loss":0,"event_name":"Golden Wing","floor":2,"gold_loss":0},{"damage_healed":0,"gold_gain":0,"player_choice":"Take Damage","damage_taken":18,"relics_obtained":["Golden Idol"],"max_hp_gain":0,"max_hp_loss":0,"event_name":"Golden Idol","floor":3,"gold_loss":0},{"damage_healed":0,"gold_gain":0,"player_choice":"Trade","damage_taken":0,"relics_obtained":["FaceOfCleric"],"max_hp_gain":0,"max_hp_loss":0,"event_name":"FaceTrader","floor":13,"gold_loss":0}],"is_beta":false,"boss_relics":[],"items_purged_floors":[],"is_endless":false,"potions_floor_spawned":[7,11,12],"killed_by":"3 Louse","ascension_level":0}