{"gold_per_floor":[115,132,146,157,157,192,192,34,115,126,156,156,156,169,169,270,270,281,301,211,229,59,59,74,74,97,116,151,162,162,77,77,174,174,193,243,254,254,0,0,18,18,18,18,18,18,28,40,40,40],"floor_reached":51,"playtime":14264,"items_purged":["Strike_R","Defend_R"],"score":870,"play_id":"75ed9d9c-a811-461a-b245-cf5f8b962505","local_time":"20181123215038","is_ascension_mode":true,"campfire_choices":[{"floor":12,"key":"REST"},{"floor":15,"key":"REST"},{"data":"Armaments","floor":23,"key":"SMITH"},{"data":"Demon Form","floor":30,"key":"SMITH"},{"data":"1","floor":32,"key":"LIFT"},{"data":"2","floor":40,"key":"LIFT"},{"data":"3","floor":42,"key":"LIFT"}],"neow_cost":"PERCENT_DAMAGE","seed_source_timestamp":498282140226765,"circlet_count":0,"master_deck":["Strike_R+1","Strike_R+1","Defend_R+1","Defend_R+1","Bash+1","Blind+1","Madness+1","Inflame+1","Metallicize+1","Shrug It Off+1","Armaments+1","Finesse+1","Ghostly Armor+1","Limit Break+1","Disarm+1","Demon Form+1","Pummel+1","Flex+1","Whirlwind+1","Juggernaut+1","True Grit+1","Pummel+1","Reaper+1","Warcry+1","Warcry+1","Burning Pact+1","Heavy Blade"],"relics":["Burning Blood","Pocketwatch","War Paint","Toxic Egg 2","Bag of Marbles","Coffee Dripper","Blood Vial","Bird Faced Urn","Girya","Fusion Hammer","Charon\u0027s Ashes","Red Mask","Matryoshka","Mark of the Bloom"],"potions_floor_usage":[6,6,19,21,21,29,29,29,37,47,48,50],"damage_taken":[{"damage":3,"enemies":"2 Louse","floor":1,"turns":3},{"damage":13,"enemies":"Small Slimes","floor":2,"turns":3},{"damage":7,"enemies":"Jaw Worm","floor":3,"turns":4},{"damage":22,"enemies":"Gremlin Gang","floor":4,"turns":6},{"damage":17,"enemies":"Gremlin Nob","floor":6,"turns":4},{"damage":2,"enemies":"Red Slaver","floor":10,"turns":6},{"damage":14,"enemies":"3 Sentries","floor":11,"turns":9},{"damage":0,"enemies":"2 Fungi Beasts","floor":14,"turns":4},{"damage":0,"enemies":"Hexaghost","floor":16,"turns":10},{"damage":8,"enemies":"Shell Parasite","floor":18,"turns":6},{"damage":1,"enemies":"3 Byrds","floor":19,"turns":5},{"damage":1,"enemies":"Shelled Parasite and Fungi","floor":21,"turns":5},{"damage":32,"enemies":"Sentry and Sphere","floor":24,"turns":6},{"damage":4,"enemies":"Cultist and Chosen","floor":27,"turns":6},{"damage":0,"enemies":"Gremlin Leader","floor":28,"turns":5},{"damage":12,"enemies":"Shelled Parasite and Fungi","floor":29,"turns":5},{"damage":47,"enemies":"Champ","floor":33,"turns":10},{"damage":11,"enemies":"Orb Walker","floor":35,"turns":3},{"damage":27,"enemies":"2 Orb Walkers","floor":36,"turns":4},{"damage":11,"enemies":"3 Darklings","floor":37,"turns":2},{"damage":3,"enemies":"Jaw Worm Horde","floor":41,"turns":3},{"damage":28,"enemies":"Spire Growth","floor":47,"turns":4},{"damage":4,"enemies":"Sphere and 2 Shapes","floor":48,"turns":3},{"damage":33,"enemies":"Awakened One","floor":50,"turns":7}],"seed_played":"80149447510465772","potions_obtained":[{"floor":1,"key":"SkillPotion"},{"floor":2,"key":"Poison Potion"},{"floor":10,"key":"SpeedPotion"},{"floor":11,"key":"Weak Potion"},{"floor":14,"key":"Explosive Potion"},{"floor":21,"key":"Energy Potion"},{"floor":24,"key":"GamblersBrew"},{"floor":28,"key":"Weak Potion"},{"floor":36,"key":"Block Potion"},{"floor":37,"key":"Block Potion"},{"floor":41,"key":"Fire Potion"},{"floor":48,"key":"SteroidPotion"}],"is_trial":false,"path_per_floor":["M","M","M","M","?","E","?","$","T","M","E","R","?","M","R","B",null,"M","M","?","M","$","R","M","?","T","M","E","M","R","?","R","B",null,"M","?","M","?","?","R","M","R","T","$","?","$","M","M","R","B",null],"character_chosen":"IRONCLAD","items_purchased":["Finesse","Whirlwind"],"campfire_rested":2,"item_purchase_floors":[8,22],"current_hp_per_floor":[59,52,51,35,28,17,17,17,17,21,13,37,37,43,67,73,80,78,80,80,80,80,80,54,54,54,58,66,68,68,68,68,35,80,79,67,68,68,68,68,77,77,77,77,77,77,49,45,45,12],"gold":40,"neow_bonus":"RANDOM_COLORLESS_2","is_prod":false,"is_daily":false,"chose_seed":false,"campfire_upgraded":2,"win_rate":0,"timestamp":1543027838,"path_taken":["M","M","M","M","?","E","?","$","T","M","E","R","?","M","R","BOSS","M","M","?","?","?","R","?","?","T","?","E","?","R","?","R","BOSS","M","?","M","?","?","R","M","R","T","?","?","$","?","M","R","BOSS"],"build_version":"2018-11-15","purchased_purges":2,"victory":true,"max_hp_per_floor":[80,80,80,80,80,80,80,80,80,80,80,80,80,80,80,80,80,80,80,80,80,80,80,80,80,80,80,80,80,80,80,80,80,80,80,80,80,80,80,80,80,80,80,80,80,80,80,80,80,80],"card_choices":[{"not_picked":["Clash","Headbutt"],"picked":"Inflame","floor":1},{"not_picked":["Ghostly Armor","Rampage"],"picked":"Metallicize","floor":2},{"not_picked":["Iron Wave","Burning Pact","Twin Strike"],"picked":"SKIP","floor":3},{"not_picked":["Clothesline","Body Slam"],"picked":"Shrug It Off","floor":4},{"not_picked":["Twin Strike","Corruption"],"picked":"Armaments","floor":6},{"not_picked":["Clash","Hemokinesis"],"picked":"Ghostly Armor+1","floor":10},{"not_picked":["Headbutt","Cleave"],"picked":"Limit Break+1","floor":11},{"not_picked":["Heavy Blade","Sentinel+1"],"picked":"Disarm+1","floor":14},{"not_picked":["Offering+1","Exhume+1"],"picked":"Demon Form","floor":16},{"not_picked":["Headbutt","Hemokinesis"],"picked":"Pummel","floor":18},{"not_picked":["Headbutt","Pommel Strike","Power Through+1"],"picked":"SKIP","floor":19},{"not_picked":["Anger","Warcry+1"],"picked":"Flex+1","floor":21},{"not_picked":["Clash","Perfected Strike","Cleave"],"picked":"SKIP","floor":24},{"not_picked":["Second Wind+1","Ghostly Armor+1"],"picked":"Juggernaut","floor":27},{"not_picked":["Fire Breathing+1","Clothesline"],"picked":"True Grit+1","floor":28},{"not_picked":["Twin Strike+1","Wild Strike"],"picked":"Pummel+1","floor":29},{"not_picked":["Berserk","Fiend Fire"],"picked":"Reaper","floor":33},{"not_picked":["Cleave+1","True Grit+1","Wild Strike"],"picked":"SKIP","floor":35},{"not_picked":["Berserk","Dual Wield+1"],"picked":"Warcry+1","floor":36},{"not_picked":["Blood for Blood","Wild Strike","Pommel Strike"],"picked":"SKIP","floor":37},{"not_picked":["Feel No Pain","Flex+1"],"picked":"Warcry+1","floor":41},{"not_picked":["Blood for Blood","Body Slam"],"picked":"Burning Pact+1","floor":47},{"not_picked":["Reckless Charge+1","Sword Boomerang+1"],"picked":"Heavy Blade","floor":48}],"player_experience":609403,"relics_obtained":[{"floor":6,"key":"War Paint"},{"floor":9,"key":"Toxic Egg 2"},{"floor":11,"key":"Bag of Marbles"},{"floor":26,"key":"Blood Vial"},{"floor":28,"key":"Bird Faced Urn"},{"floor":36,"key":"Charon\u0027s Ashes"},{"floor":43,"key":"Matryoshka"}],"event_choices":[{"damage_healed":0,"gold_gain":0,"player_choice":"Success","damage_taken":7,"relics_obtained":["Pocketwatch"],"max_hp_gain":0,"max_hp_loss":0,"event_name":"Scrap Ooze","floor":5,"gold_loss":0},{"damage_healed":0,"gold_gain":0,"player_choice":"Ignored","damage_taken":0,"max_hp_gain":0,"max_hp_loss":0,"event_name":"Golden Idol","floor":7,"gold_loss":0},{"damage_healed":0,"gold_gain":0,"player_choice":"Ignored","damage_taken":0,"max_hp_gain":0,"max_hp_loss":0,"event_name":"Liars Game","floor":13,"gold_loss":0},{"cards_removed":["Strike_R"],"damage_healed":0,"gold_gain":0,"player_choice":"Upgrade and Remove","damage_taken":0,"max_hp_gain":0,"max_hp_loss":0,"event_name":"Designer","floor":20,"gold_loss":90,"cards_upgraded":["Strike_R"]},{"cards_removed":["Strike_R"],"damage_healed":0,"gold_gain":0,"player_choice":"Offered Basic","damage_taken":0,"max_hp_gain":0,"max_hp_loss":0,"event_name":"Bonfire Elementals","floor":25,"gold_loss":0},{"damage_healed":0,"gold_gain":0,"player_choice":"Obtained Relic","damage_taken":0,"relics_obtained":["Girya"],"max_hp_gain":0,"max_hp_loss":0,"event_name":"Addict","floor":31,"gold_loss":85},{"damage_healed":0,"gold_gain":0,"player_choice":"Fight","damage_taken":0,"max_hp_gain":0,"max_hp_loss":0,"event_name":"Mysterious Sphere","floor":36,"gold_loss":0},{"cards_removed":["Defend_R"],"damage_healed":0,"gold_gain":0,"player_choice":"Removed Skill","damage_taken":0,"max_hp_gain":0,"max_hp_loss":0,"event_name":"Falling","floor":38,"gold_loss":0},{"damage_healed":0,"gold_gain":0,"player_choice":"Paid","damage_taken":0,"relics_obtained":["Red Mask"],"max_hp_gain":0,"max_hp_loss":0,"event_name":"Tomb of Lord Red Mask","floor":39,"gold_loss":254},{"damage_healed":0,"gold_gain":0,"player_choice":"Upgrade","damage_taken":0,"relics_obtained":["Mark of the Bloom"],"max_hp_gain":0,"max_hp_loss":0,"event_name":"MindBloom","floor":45,"gold_loss":0,"cards_upgraded":["Strike_R","Defend_R","Defend_R","Bash","Madness","Inflame","Metallicize","Finesse","Pummel","Whirlwind","Juggernaut","Reaper"]}],"is_beta":false,"boss_relics":[{"not_picked":["Calling Bell","Sozu"],"picked":"Coffee Dripper"},{"not_picked":["Tiny House","Empty Cage"],"picked":"Fusion Hammer"}],"items_purged_floors":[8,22],"is_endless":false,"potions_floor_spawned":[1,2,10,11,14,21,24,28,36,37,41,48],"ascension_level":4}