{"gold_per_floor":[111,111,36,47,47,47,59,59,59,85,137,137,151,151,151,226,226,240,240,126,141,141,141,141,141,192,203,10,10,10,25,25,25],"floor_reached":33,"playtime":918,"items_purged":["Defend_B"],"score":406,"play_id":"e29d85d7-2cee-44f9-91c9-c9c02ded9efb","local_time":"20181229180552","is_ascension_mode":true,"campfire_choices":[{"data":"Dualcast","floor":6,"key":"SMITH"},{"data":"Zap","floor":8,"key":"SMITH"},{"data":"Biased Cognition","floor":12,"key":"SMITH"},{"data":"Conserve Battery","floor":15,"key":"SMITH"},{"data":"Ball Lightning","floor":23,"key":"SMITH"},{"data":"Defend_B","floor":25,"key":"SMITH"},{"data":"Storm","floor":30,"key":"SMITH"},{"floor":32,"key":"REST"}],"neow_cost":"NONE","seed_source_timestamp":1040277136701781,"circlet_count":0,"master_deck":["AscendersBane","Defend_B+1","Defend_B+1","Defend_B+1","Zap+1","Dualcast+1","Biased Cognition+1","Ball Lightning+1","All For One","Conserve Battery+1","Core Surge+1","Bite+1","Bite+1","Bite+1","Bite+1","Bite+1","Capacitor+1","Ball Lightning+1","Storm+1","Core Surge+1"],"relics":["Cracked Core","NeowsBlessing","Molten Egg 2","Odd Mushroom","Juzu Bracelet","Sozu","Dream Catcher","DollysMirror","NlothsMask"],"potions_floor_usage":[],"damage_taken":[{"damage":0,"enemies":"Jaw Worm","floor":1,"turns":1},{"damage":0,"enemies":"Cultist","floor":4,"turns":1},{"damage":0,"enemies":"2 Louse","floor":7,"turns":1},{"damage":30,"enemies":"The Mushroom Lair","floor":10,"turns":4},{"damage":11,"enemies":"Looter","floor":13,"turns":3},{"damage":8,"enemies":"Hexaghost","floor":16,"turns":9},{"damage":16,"enemies":"3 Byrds","floor":18,"turns":4},{"damage":25,"enemies":"Shell Parasite","floor":21,"turns":5},{"damage":17,"enemies":"Snake Plant","floor":27,"turns":3},{"damage":30,"enemies":"Centurion and Healer","floor":31,"turns":3},{"damage":88,"enemies":"Automaton","floor":33,"turns":6}],"seed_played":"8534153803381269191","potions_obtained":[{"floor":1,"key":"FocusPotion"},{"floor":4,"key":"Ancient Potion"}],"is_trial":false,"path_per_floor":["M","?","$","M","?","R","M","R","T","?","T","R","M","?","R","B",null,"M","?","$","M","?","R","?","R","T","M","$","?","R","M","R","B"],"character_chosen":"DEFECT","items_purchased":["Biased Cognition","Capacitor","DollysMirror"],"campfire_rested":1,"item_purchase_floors":[3,20,28],"current_hp_per_floor":[68,68,68,68,53,53,53,53,53,23,23,23,12,12,12,4,57,41,41,41,40,40,40,40,40,40,35,35,35,35,14,29,0],"gold":25,"neow_bonus":"THREE_ENEMY_KILL","is_prod":false,"is_daily":false,"chose_seed":false,"campfire_upgraded":7,"win_rate":0,"timestamp":1546074352,"path_taken":["M","?","$","?","?","R","M","R","T","?","?","R","M","?","R","BOSS","M","?","$","M","?","R","?","R","T","M","?","?","R","M","R","BOSS"],"build_version":"2018-12-20","purchased_purges":1,"victory":false,"max_hp_per_floor":[75,75,75,75,75,75,75,75,75,75,75,75,75,75,75,75,75,75,52,52,52,52,52,52,52,52,52,52,52,52,52,52,52],"card_choices":[{"not_picked":["Rip and Tear","Streamline","Beam Cell"],"picked":"SKIP","floor":1},{"not_picked":["Genetic Algorithm","Streamline"],"picked":"Ball Lightning","floor":4},{"not_picked":["Hologram","Sweeping Beam"],"picked":"All For One","floor":7},{"not_picked":["Static Discharge","Reinforced Body"],"picked":"Conserve Battery","floor":10},{"not_picked":["Lockon+1","Recycle","Rebound+1"],"picked":"SKIP","floor":13},{"not_picked":["Creative AI","Echo Form"],"picked":"Core Surge+1","floor":16},{"not_picked":["Rebound+1","Compile Driver+1","Beam Cell+1"],"picked":"SKIP","floor":18},{"not_picked":["Coolheaded","Beam Cell+1"],"picked":"Ball Lightning+1","floor":21},{"not_picked":["Chaos","Hyperbeam+1"],"picked":"Storm","floor":27},{"not_picked":["Ball Lightning+1","Coolheaded","Go for the Eyes+1"],"picked":"SKIP","floor":31}],"player_experience":690209,"relics_obtained":[{"floor":9,"key":"Molten Egg 2"},{"floor":10,"key":"Odd Mushroom"},{"floor":11,"key":"Juzu Bracelet"},{"floor":26,"key":"Dream Catcher"}],"event_choices":[{"damage_healed":0,"gold_gain":0,"player_choice":"Bought 0 Potions","damage_taken":0,"max_hp_gain":0,"max_hp_loss":0,"event_name":"The Woman in Blue","floor":2,"gold_loss":0},{"damage_healed":0,"gold_gain":0,"player_choice":"Entered Light","damage_taken":15,"max_hp_gain":0,"max_hp_loss":0,"event_name":"Shining Light","floor":5,"gold_loss":0,"cards_upgraded":["Defend_B","Defend_B"]},{"damage_healed":0,"gold_gain":0,"player_choice":"Fought Mushrooms","damage_taken":0,"max_hp_gain":0,"max_hp_loss":0,"event_name":"Mushrooms","floor":10,"gold_loss":0},{"damage_healed":0,"gold_gain":0,"player_choice":"Ignored","damage_taken":0,"max_hp_gain":0,"max_hp_loss":0,"event_name":"Liars Game","floor":14,"gold_loss":0},{"damage_healed":0,"gold_gain":0,"player_choice":"Became a vampire","damage_taken":0,"max_hp_gain":0,"max_hp_loss":23,"event_name":"Vampires","floor":19,"gold_loss":0,"cards_obtained":["Bite","Bite","Bite","Bite","Bite"]},{"damage_healed":0,"gold_gain":0,"player_choice":"Forge","damage_taken":0,"max_hp_gain":0,"max_hp_loss":0,"event_name":"Accursed Blacksmith","floor":22,"gold_loss":0,"cards_upgraded":["Capacitor"]},{"damage_healed":0,"gold_gain":0,"player_choice":"Got Potions","damage_taken":0,"max_hp_gain":0,"max_hp_loss":0,"event_name":"Lab","floor":24,"gold_loss":0},{"damage_healed":0,"gold_gain":0,"player_choice":"Trade","damage_taken":0,"relics_obtained":["NlothsMask"],"max_hp_gain":0,"max_hp_loss":0,"event_name":"FaceTrader","floor":29,"gold_loss":0}],"is_beta":false,"boss_relics":[{"not_picked":["White Beast Statue","Ectoplasm"],"picked":"Sozu"}],"items_purged_floors":[20],"is_endless":false,"potions_floor_spawned":[1,4,10,27],"killed_by":"Automaton","ascension_level":13}