{"gold_per_floor":[115,127,26,39,39,39,60,60,131,151,151,164,164,239,239,239],"floor_reached":16,"playtime":639,"items_purged":["Pain"],"score":184,"play_id":"4627a98e-fb9b-42c3-9066-7b51c2ae26cc","local_time":"20181127040418","is_ascension_mode":true,"campfire_choices":[{"data":"Caltrops","floor":6,"key":"SMITH"},{"floor":8,"key":"REST"},{"floor":13,"key":"REST"},{"floor":15,"key":"REST"}],"neow_cost":"NONE","seed_source_timestamp":340825151557300,"circlet_count":0,"master_deck":["AscendersBane","Defend_G","Defend_G","Defend_G","Defend_G","Defend_G","Strike_G","Strike_G","Strike_G","Strike_G","Strike_G","Survivor","Neutralize","Clumsy","Clumsy","Leg Sweep","Caltrops+1","Quick Slash","Deflect","Predator","Dagger Spray+1","Backflip"],"relics":["Calling Bell","Strawberry","Dodecahedron","Gambling Chip","Golden Idol","Molten Egg 2"],"potions_floor_usage":[12,16],"damage_taken":[{"damage":27,"enemies":"Jaw Worm","floor":1,"turns":8},{"damage":8,"enemies":"Small Slimes","floor":2,"turns":5},{"damage":0,"enemies":"2 Louse","floor":4,"turns":2},{"damage":14,"enemies":"2 Fungi Beasts","floor":7,"turns":5},{"damage":13,"enemies":"Exordium Wildlife","floor":10,"turns":6},{"damage":8,"enemies":"Exordium Thugs","floor":12,"turns":5},{"damage":42,"enemies":"Hexaghost","floor":16,"turns":9}],"seed_played":"-64913860350327572","potions_obtained":[{"floor":4,"key":"GhostInAJar"},{"floor":10,"key":"SkillPotion"}],"is_trial":false,"path_per_floor":["M","M","$","M","?","R","M","R","T","M","?","M","R","?","R","B"],"character_chosen":"THE_SILENT","items_purchased":["Quick Slash"],"campfire_rested":3,"item_purchase_floors":[3],"current_hp_per_floor":[39,31,31,31,31,31,17,36,36,23,23,15,34,23,42,0],"gold":239,"neow_bonus":"BOSS_RELIC","is_prod":false,"is_daily":false,"chose_seed":false,"campfire_upgraded":1,"win_rate":0,"timestamp":1543309458,"path_taken":["M","M","$","M","?","R","M","R","T","M","?","M","R","?","R","BOSS"],"build_version":"2018-11-15","purchased_purges":1,"victory":false,"max_hp_per_floor":[73,73,73,73,66,66,66,66,66,66,66,66,66,66,66,66],"card_choices":[{"not_picked":["Cloak And Dagger","Blade Dance"],"picked":"Leg Sweep","floor":1},{"not_picked":["Prepared","Cloak And Dagger"],"picked":"Caltrops","floor":2},{"not_picked":["Catalyst","Riddle With Holes"],"picked":"Deflect","floor":4},{"not_picked":["Outmaneuver","Bane"],"picked":"Predator","floor":7},{"not_picked":["Expertise","Unload+1"],"picked":"Dagger Spray+1","floor":10},{"not_picked":["Reflex","Flying Knee+1"],"picked":"Backflip","floor":12}],"player_experience":1694327,"relics_obtained":[{"floor":0,"key":"Strawberry"},{"floor":0,"key":"Dodecahedron"},{"floor":0,"key":"Gambling Chip"},{"floor":9,"key":"Molten Egg 2"}],"event_choices":[{"damage_healed":0,"gold_gain":0,"player_choice":"Lose Max HP","damage_taken":0,"relics_obtained":["Golden Idol"],"max_hp_gain":0,"max_hp_loss":7,"event_name":"Golden Idol","floor":5,"gold_loss":0},{"damage_healed":0,"gold_gain":0,"player_choice":"Ignored","damage_taken":0,"max_hp_gain":0,"max_hp_loss":0,"event_name":"Liars Game","floor":11,"gold_loss":0},{"damage_healed":0,"gold_gain":75,"player_choice":"Gather Gold","damage_taken":11,"max_hp_gain":0,"max_hp_loss":0,"event_name":"World of Goop","floor":14,"gold_loss":0}],"is_beta":true,"boss_relics":[],"items_purged_floors":[3],"is_endless":false,"potions_floor_spawned":[4,10],"killed_by":"Hexaghost","ascension_level":20}