{"path_per_floor":["M","?","M","?","$","E","R","?","T","R","M","M","E","M","R","B",null,"M","?","M","M","M","R","M","R","T","?","M","M"],"character_chosen":"DEFECT","items_purchased":["Loop"],"gold_per_floor":[116,191,210,210,64,90,90,90,114,114,132,149,180,191,191,292,292,308,408,427,439,459,459,473,473,499,499,514,524,524],"floor_reached":30,"campfire_rested":3,"playtime":1849,"item_purchase_floors":[5],"current_hp_per_floor":[72,61,59,44,44,21,21,14,14,14,16,17,13,10,32,31,75,41,41,43,26,4,26,1,23,23,23,19,10,0],"items_purged":["Strike_B"],"gold":524,"score":244,"play_id":"38a0ef81-9c26-46bb-bc25-b3c4578d6e07","local_time":"20180530003022","is_prod":false,"is_daily":false,"chose_seed":false,"is_ascension_mode":false,"campfire_upgraded":2,"win_rate":0,"timestamp":1527607822,"campfire_choices":[{"data":"Loop","floor":7,"key":"SMITH"},{"data":"Chaos","floor":10,"key":"SMITH"},{"floor":15,"key":"REST"},{"floor":23,"key":"REST"},{"floor":25,"key":"REST"}],"path_taken":["M","?","?","?","$","E","R","?","T","R","M","M","E","M","R","BOSS","M","?","?","M","M","R","M","R","T","?","M","M","?"],"build_version":"2018-05-28","seed_source_timestamp":5149926519666,"purchased_purges":1,"victory":false,"master_deck":["Strike_B","Defend_B","Defend_B+1","Zap","Dualcast","FTL+1","Chaos+1","Loop+1","White Noise","FTL","Steam","White Noise","Redo","Electrodynamics","Machine Learning+1","Echo Form+1","Melter+1","Doom and Gloom","Coolheaded+1","Auto Shields","Chill","Recycle","Steam+1","Defragment+1"],"max_hp_per_floor":[75,75,75,75,75,75,75,75,75,75,75,75,75,75,75,75,75,75,75,75,75,75,75,75,75,75,75,75,75,75],"relics":["Cracked Core","Happy Flower","Blood Vial","Turnip","Astrolabe","Pen Nib"],"card_choices":[{"not_picked":["Steam","Streamline"],"picked":"FTL","floor":1},{"not_picked":["Turbo","Stack"],"picked":"Chaos","floor":3},{"not_picked":["Force Field","Scrape"],"picked":"White Noise","floor":6},{"not_picked":["Streamline","Stack"],"picked":"FTL","floor":11},{"not_picked":["Stack","Capacitor"],"picked":"Steam","floor":12},{"not_picked":["Ball Lightning","Rebound"],"picked":"White Noise","floor":13},{"not_picked":["Genetic Algorithm","Heatsinks"],"picked":"Redo","floor":14},{"not_picked":["Biased Cognition","Core Surge"],"picked":"Electrodynamics","floor":16},{"not_picked":["Force Field+1","Rebound"],"picked":"Doom and Gloom","floor":18},{"not_picked":["Undo","Sweeping Beam"],"picked":"Coolheaded+1","floor":20},{"not_picked":["Barrage","Beam Cell","Lockon"],"picked":"SKIP","floor":21},{"not_picked":["Sweeping Beam","Storm"],"picked":"Auto Shields","floor":22},{"not_picked":["Barrage","Coolheaded+1"],"picked":"Chill","floor":24},{"not_picked":["Barrage","Reinforced Body"],"picked":"Steam+1","floor":28},{"not_picked":["Sweeping Beam","Lockon"],"picked":"Defragment+1","floor":29}],"player_experience":189966,"potions_floor_usage":[],"damage_taken":[{"damage":3,"enemies":"Small Slimes","floor":1,"turns":3},{"damage":2,"enemies":"2 Louse","floor":3,"turns":2},{"damage":23,"enemies":"Lagavulin","floor":6,"turns":5},{"damage":0,"enemies":"Cultist","floor":11,"turns":4},{"damage":1,"enemies":"Lots of Slimes","floor":12,"turns":3},{"damage":6,"enemies":"3 Sentries","floor":13,"turns":5},{"damage":5,"enemies":"Exordium Thugs","floor":14,"turns":3},{"damage":3,"enemies":"Hexaghost","floor":16,"turns":7},{"damage":34,"enemies":"2 Thieves","floor":18,"turns":4},{"damage":0,"enemies":"Spheric Guardian","floor":20,"turns":2},{"damage":19,"enemies":"Centurion and Healer","floor":21,"turns":5},{"damage":24,"enemies":"Snake Plant","floor":22,"turns":5},{"damage":27,"enemies":"Snecko","floor":24,"turns":5},{"damage":6,"enemies":"3 Cultists","floor":28,"turns":6},{"damage":11,"enemies":"Snake Plant","floor":29,"turns":5},{"damage":20,"enemies":"ï¢ñ ÇÃìêëØ","floor":30,"turns":3}],"relics_obtained":[{"floor":6,"key":"Happy Flower"},{"floor":9,"key":"Blood Vial"},{"floor":13,"key":"Turnip"},{"floor":26,"key":"Pen Nib"}],"event_choices":[{"event_name":"World of Goop","player_choice":"Gather Gold","floor":2,"damage_taken":0},{"event_name":"Shining Light","player_choice":"Entered Light","floor":4,"damage_taken":0},{"event_name":"Golden Wing","player_choice":"Card Removal","floor":8,"damage_taken":0},{"event_name":"Golden Shrine","player_choice":"Pray","floor":19,"damage_taken":0},{"event_name":"The Library","player_choice":"Read","floor":27,"damage_taken":0},{"event_name":"Masked Bandits","player_choice":"Fought over 524 gold","floor":30,"damage_taken":0}],"boss_relics":[{"not_picked":["Tiny House","Velvet Choker"],"picked":"Astrolabe"}],"items_purged_floors":[5],"potions_floor_spawned":[3,12,16,18,24,28],"seed_played":"6798937054348587188","killed_by":"ï¢ñ ÇÃìêëØ","ascension_level":0,"potions_obtained":[{"floor":3,"key":"Dexterity Potion"},{"floor":12,"key":"Strength Potion"},{"floor":16,"key":"Poison Potion"},{"floor":24,"key":"SpeedPotion"},{"floor":28,"key":"FocusPotion"}],"is_trial":false}