{"gold_per_floor":[115,127,77,77,94,94,128,128,153,153,188,188,188,113,113,218,218,234,234,249,266,266,266,266],"floor_reached":24,"playtime":1048,"items_purged":["Strike_B"],"score":237,"play_id":"a27fcd0e-6b32-4176-a89a-7ef4e3fbaa2f","local_time":"20181116184112","is_ascension_mode":true,"campfire_choices":[{"floor":6,"key":"REST"},{"data":"Chaos","floor":8,"key":"SMITH"},{"floor":10,"key":"REST"},{"data":"Echo Form","floor":13,"key":"SMITH"},{"floor":15,"key":"REST"},{"floor":23,"key":"REST"}],"neow_cost":"PERCENT_DAMAGE","seed_source_timestamp":181547937750164,"circlet_count":0,"master_deck":["Defend_B","Defend_B","Zap","Dualcast","Thunder Strike","Echo Form+1","Doom and Gloom","Heatsinks","Chaos+1","Chaos+1","Barrage","Amplify","Sweeping Beam","Chaos+1","Compile Driver","Capacitor+1","Bite","Bite","Bite","Bite","Bite"],"relics":["Cracked Core","Regal Pillow","Bag of Marbles","Anchor","Inserter"],"potions_floor_usage":[],"damage_taken":[{"damage":15,"enemies":"Small Slimes","floor":1,"turns":4},{"damage":0,"enemies":"2 Louse","floor":2,"turns":2},{"damage":11,"enemies":"Jaw Worm","floor":5,"turns":3},{"damage":23,"enemies":"Gremlin Nob","floor":7,"turns":4},{"damage":39,"enemies":"3 Sentries","floor":11,"turns":5},{"damage":34,"enemies":"The Guardian","floor":16,"turns":9},{"damage":21,"enemies":"Shell Parasite","floor":18,"turns":6},{"damage":0,"enemies":"Chosen","floor":20,"turns":3},{"damage":34,"enemies":"Sentry and Sphere","floor":21,"turns":4},{"damage":50,"enemies":"Slavers","floor":24,"turns":3}],"seed_played":"-3357723018084452933","potions_obtained":[{"floor":7,"key":"SpeedPotion"},{"floor":11,"key":"Swift Potion"},{"floor":18,"key":"Swift Potion"},{"floor":20,"key":"AttackPotion"}],"is_trial":false,"path_per_floor":["M","M","?","?","M","R","E","R","T","R","E","?","R","$","R","B",null,"M","?","M","M","?","R","E"],"character_chosen":"DEFECT","items_purchased":[],"campfire_rested":4,"item_purchase_floors":[],"current_hp_per_floor":[39,39,39,32,21,43,20,20,20,57,18,18,18,18,55,21,75,54,54,54,20,20,50,0],"gold":266,"neow_bonus":"TRANSFORM_TWO_CARDS","is_prod":false,"is_daily":false,"chose_seed":false,"campfire_upgraded":2,"win_rate":0,"timestamp":1542411672,"path_taken":["M","M","?","?","M","R","E","R","T","R","E","?","R","?","R","BOSS","M","?","?","M","?","R","E"],"build_version":"2018-11-15","purchased_purges":1,"victory":false,"max_hp_per_floor":[75,75,75,75,75,75,75,75,75,75,75,75,75,75,75,75,75,75,75,75,75,52,52,52],"card_choices":[{"not_picked":["Beam Cell","Sweeping Beam"],"picked":"Doom and Gloom","floor":1},{"not_picked":["Reprogram","Beam Cell"],"picked":"Heatsinks","floor":2},{"not_picked":["Stack","Hologram"],"picked":"Chaos","floor":5},{"not_picked":["Blizzard","Turbo"],"picked":"Chaos","floor":7},{"not_picked":["Go for the Eyes","Beam Cell"],"picked":"Barrage","floor":11},{"not_picked":["Thunder Strike","Hyperbeam"],"picked":"Amplify","floor":16},{"not_picked":["Sunder","Streamline+1"],"picked":"Sweeping Beam","floor":18},{"not_picked":["Leap","Steam"],"picked":"Compile Driver","floor":20},{"not_picked":["Compile Driver","Defragment"],"picked":"Capacitor+1","floor":21}],"player_experience":113182,"relics_obtained":[{"floor":7,"key":"Regal Pillow"},{"floor":9,"key":"Bag of Marbles"},{"floor":11,"key":"Anchor"}],"event_choices":[{"cards_removed":["Strike_B"],"damage_healed":0,"gold_gain":0,"player_choice":"Card Removal","damage_taken":0,"max_hp_gain":0,"max_hp_loss":0,"event_name":"The Cleric","floor":3,"gold_loss":50},{"cards_removed":["Strike_B"],"damage_healed":0,"gold_gain":0,"player_choice":"Card Removal","damage_taken":7,"max_hp_gain":0,"max_hp_loss":0,"event_name":"Golden Wing","floor":4,"gold_loss":0},{"damage_healed":0,"gold_gain":0,"player_choice":"Grow","damage_taken":0,"max_hp_gain":0,"max_hp_loss":0,"event_name":"Living Wall","floor":12,"gold_loss":0,"cards_upgraded":["Chaos"]},{"damage_healed":0,"gold_gain":0,"player_choice":"Copied","damage_taken":0,"max_hp_gain":0,"max_hp_loss":0,"event_name":"Duplicator","floor":19,"gold_loss":0,"cards_obtained":["Chaos"]},{"damage_healed":0,"gold_gain":0,"player_choice":"Became a vampire","damage_taken":0,"max_hp_gain":0,"max_hp_loss":23,"event_name":"Vampires","floor":22,"gold_loss":0,"cards_obtained":["Bite","Bite","Bite","Bite","Bite"]}],"is_beta":false,"boss_relics":[{"not_picked":["Empty Cage","Ectoplasm"],"picked":"Inserter"}],"items_purged_floors":[14],"is_endless":false,"potions_floor_spawned":[7,11,18,20],"killed_by":"Slavers","ascension_level":1}