{"gold_per_floor":[119,119,119,119,129,129,38,38,114,138,138,148,158,177,177,177],"floor_reached":16,"playtime":909,"items_purged":[],"score":90,"play_id":"12b810f4-ab47-4228-b086-687d5ceefb34","local_time":"20180923192400","is_ascension_mode":false,"campfire_choices":[{"data":"Sweeping Beam","floor":6,"key":"SMITH"},{"data":"Forethought","floor":8,"key":"SMITH"},{"data":"Dualcast","floor":11,"key":"SMITH"},{"data":"Sweeping Beam","floor":15,"key":"SMITH"}],"neow_cost":"","seed_source_timestamp":846332123683852,"circlet_count":0,"master_deck":["Strike_B","Strike_B","Strike_B","Strike_B","Defend_B","Defend_B","Defend_B","Defend_B","Zap+1","Dualcast+1","Fusion+1","Sweeping Beam+1","Forethought+1","Cold Snap","Heatsinks","Sweeping Beam+1"],"relics":["Cracked Core","Centennial Puzzle","Kunai","Ancient Tea Set"],"potions_floor_usage":[16,16],"damage_taken":[{"damage":0,"enemies":"Cultist","floor":1,"turns":3},{"damage":2,"enemies":"Small Slimes","floor":5,"turns":3},{"damage":0,"enemies":"Jaw Worm","floor":12,"turns":2},{"damage":1,"enemies":"2 Fungi Beasts","floor":13,"turns":2},{"damage":9,"enemies":"Red Slaver","floor":14,"turns":3},{"damage":70,"enemies":"Hexaghost","floor":16,"turns":12}],"seed_played":"4819175439210038089","potions_obtained":[{"floor":1,"key":"SteroidPotion"},{"floor":12,"key":"SkillPotion"}],"is_trial":false,"path_per_floor":["M","T","?","?","M","R","$","R","T","T","R","M","M","M","R"],"character_chosen":"DEFECT","items_purchased":["Forethought"],"campfire_rested":0,"item_purchase_floors":[7],"current_hp_per_floor":[75,75,75,75,73,73,73,73,73,73,73,73,72,63,63,0],"gold":177,"neow_bonus":"","is_prod":false,"is_daily":false,"chose_seed":false,"campfire_upgraded":4,"win_rate":0.0,"timestamp":1537745040,"path_taken":["M","?","?","?","M","R","?","R","T","?","R","M","M","M","R","BOSS"],"build_version":"2018-09-20","purchased_purges":0,"victory":false,"max_hp_per_floor":[75,75,75,75,75,75,75,75,75,75,75,75,75,75,75,75],"card_choices":[{"not_picked":["Hologram","Leap"],"picked":"Fusion","floor":1},{"not_picked":["Chill","Glacier"],"picked":"Sweeping Beam","floor":5},{"not_picked":["Rip and Tear","Rebound"],"picked":"Cold Snap","floor":12},{"not_picked":["Cold Snap","Reinforced Body"],"picked":"Heatsinks","floor":13},{"not_picked":["Rebound","Blizzard"],"picked":"Sweeping Beam","floor":14}],"player_experience":33476,"relics_obtained":[{"floor":2,"key":"Centennial Puzzle"},{"floor":9,"key":"Kunai"},{"floor":10,"key":"Ancient Tea Set"}],"event_choices":[{"event_name":"Living Wall","player_choice":"Grow","floor":3,"damage_taken":0},{"event_name":"Accursed Blacksmith","player_choice":"Forge","floor":4,"damage_taken":0}],"is_beta":false,"boss_relics":[],"items_purged_floors":[],"is_endless":false,"potions_floor_spawned":[1,12],"killed_by":"Hexaghost","ascension_level":0}