{"gold_per_floor":[115,115,131,51,1,1,26,45,45,45,80,80,255,100,100,229,229,253,269,283,283,301,301,344,344,367,367,385,400,499,499,499,618,618,641,662,662,662,662,662,662,662,662,257,280,304,637,653,653,653],"floor_reached":51,"playtime":1691,"items_purged":["Doubt","Parasite"],"score":722,"play_id":"328198b3-0363-402d-815c-2f1160459707","local_time":"20181012161634","is_ascension_mode":false,"campfire_choices":[{"data":"Static Discharge","floor":6,"key":"SMITH"},{"data":"Static Discharge","floor":10,"key":"SMITH"},{"data":"Static Discharge","floor":15,"key":"SMITH"},{"floor":23,"key":"REST"},{"floor":25,"key":"REST"},{"floor":27,"key":"REST"},{"floor":32,"key":"REST"},{"data":"Fission","floor":40,"key":"SMITH"},{"floor":49,"key":"REST"}],"neow_cost":"NONE","seed_source_timestamp":145811642802874,"circlet_count":0,"master_deck":["Strike_B","Strike_B","Defend_B","Defend_B","Defend_B","Defend_B","Zap","Dualcast","Static Discharge+1","Static Discharge+1","Chill+1","Ball Lightning","Chaos+1","Static Discharge+1","Creative AI","Stack+1","Barrage+1","Stack","Fission+1","Redo+1","Chill+1","Chaos+1","Electrodynamics","Static Discharge","Seek","Leap+1","Static Discharge","FTL"],"relics":["Cracked Core","Centennial Puzzle","Darkstone Periapt","White Beast Statue","Dream Catcher","Red Mask","War Paint","NlothsMask","Busted Crown","Lee\u0027s Waffle"],"potions_floor_usage":[18,19,20,33,33,33,42,45,50,50,50],"damage_taken":[{"damage":7,"enemies":"Small Slimes","floor":1,"turns":3},{"damage":2,"enemies":"2 Louse","floor":3,"turns":3},{"damage":1,"enemies":"Cultist","floor":7,"turns":3},{"damage":2,"enemies":"Exordium Thugs","floor":8,"turns":4},{"damage":14,"enemies":"Gremlin Nob","floor":11,"turns":3},{"damage":28,"enemies":"Slime Boss","floor":16,"turns":5},{"damage":12,"enemies":"Shell Parasite","floor":18,"turns":1},{"damage":38,"enemies":"2 Thieves","floor":19,"turns":3},{"damage":5,"enemies":"Chosen and Byrds","floor":20,"turns":5},{"damage":26,"enemies":"3 Cultists","floor":22,"turns":4},{"damage":22,"enemies":"Masked Bandits","floor":24,"turns":3},{"damage":15,"enemies":"Snake Plant","floor":28,"turns":3},{"damage":14,"enemies":"Centurion and Healer","floor":29,"turns":5},{"damage":57,"enemies":"Champ","floor":33,"turns":12},{"damage":7,"enemies":"Orb Walker","floor":35,"turns":3},{"damage":17,"enemies":"3 Darklings","floor":36,"turns":3},{"damage":10,"enemies":"Transient","floor":42,"turns":3},{"damage":24,"enemies":"Maw","floor":45,"turns":7},{"damage":8,"enemies":"Spire Growth","floor":46,"turns":5},{"damage":7,"enemies":"Reptomancer","floor":48,"turns":5},{"damage":46,"enemies":"Donu and Deca","floor":50,"turns":5}],"seed_played":"3434109120051081681","potions_obtained":[{"floor":7,"key":"Fire Potion"},{"floor":8,"key":"SkillPotion"},{"floor":16,"key":"EssenceOfSteel"},{"floor":18,"key":"Swift Potion"},{"floor":19,"key":"SpeedPotion"},{"floor":20,"key":"Weak Potion"},{"floor":28,"key":"EntropicBrew"},{"floor":33,"key":"AttackPotion"},{"floor":35,"key":"Poison Potion"},{"floor":37,"key":"SmokeBomb"},{"floor":45,"key":"Strength Potion"},{"floor":46,"key":"Strength Potion"}],"is_trial":false,"path_per_floor":["M","?","M","$","?","R","M","M","T","R","E","?","?","$","R","B",null,"M","M","M","?","M","R","?","R","T","R","M","M","?","?","R","B",null,"M","M","?","?","?","R","?","M","T","$","M","M","?","M","R","B"],"character_chosen":"DEFECT","items_purchased":["Static Discharge","Static Discharge","Static Discharge","FTL","Lee\u0027s Waffle"],"campfire_rested":5,"item_purchase_floors":[4,14,44,44,44],"current_hp_per_floor":[68,50,48,48,48,48,47,45,45,45,31,55,61,61,61,33,87,75,37,32,32,6,32,10,36,36,62,47,33,33,33,59,2,87,80,63,63,63,63,63,63,53,53,87,63,55,55,48,74,28],"gold":653,"neow_bonus":"REMOVE_CARD","is_prod":false,"is_daily":false,"chose_seed":false,"campfire_upgraded":4,"win_rate":0,"timestamp":1539328594,"path_taken":["M","?","M","?","?","R","M","M","T","R","E","?","?","$","R","BOSS","M","?","?","?","M","R","?","R","T","R","M","?","?","?","R","BOSS","M","M","?","?","?","R","?","M","T","$","?","M","?","M","R","BOSS"],"build_version":"2018-10-11","purchased_purges":2,"victory":true,"max_hp_per_floor":[75,75,75,75,75,75,75,75,75,75,75,81,87,87,87,87,87,87,87,87,87,87,87,87,87,87,87,87,87,87,87,87,87,87,87,87,87,87,83,83,83,83,83,87,87,87,87,87,87,87],"card_choices":[{"not_picked":["Compile Driver","Steam Power"],"picked":"Barrage","floor":1},{"not_picked":["Turbo","Gash"],"picked":"Static Discharge","floor":3},{"not_picked":["Streamline","Barrage"],"picked":"Chill","floor":7},{"not_picked":["Force Field","Rebound"],"picked":"Ball Lightning","floor":8},{"not_picked":["Hyperbeam","Leap"],"picked":"Chaos","floor":11},{"not_picked":["Fission","Hyperbeam"],"picked":"Creative AI","floor":16},{"not_picked":["Cold Snap","Turbo"],"picked":"Stack+1","floor":18},{"not_picked":["Gash","Consume"],"picked":"Barrage+1","floor":19},{"not_picked":["Compile Driver+1","Streamline"],"picked":"Stack","floor":20},{"not_picked":["Hologram","Scrape+1","Undo"],"picked":"SKIP","floor":22},{"not_picked":["Conserve Battery","Undo"],"picked":"Fission","floor":23},{"not_picked":["Lockon+1","Steam"],"picked":"Redo+1","floor":24},{"not_picked":["Gash","Melter"],"picked":"Chill+1","floor":25},{"not_picked":["Beam Cell","Gash"],"picked":"Chaos+1","floor":27},{"not_picked":["Streamline","Redo"],"picked":"Electrodynamics","floor":28},{"not_picked":["Compile Driver","Coolheaded"],"picked":"Static Discharge","floor":29},{"not_picked":["Rainbow","Amplify"],"picked":"Seek","floor":33},{"not_picked":["Ball Lightning"],"picked":"SKIP","floor":35},{"not_picked":[],"picked":"Leap+1","floor":36},{"not_picked":["Rebound"],"picked":"SKIP","floor":45},{"not_picked":["Hologram+1"],"picked":"SKIP","floor":46},{"not_picked":["Rebound"],"picked":"SKIP","floor":48}],"player_experience":498546,"relics_obtained":[{"floor":9,"key":"Centennial Puzzle"},{"floor":11,"key":"Darkstone Periapt"},{"floor":24,"key":"Red Mask"},{"floor":26,"key":"War Paint"}],"event_choices":[{"event_name":"Golden Idol","player_choice":"Take Damage","floor":2,"damage_taken":0},{"event_name":"The Cleric","player_choice":"Card Removal","floor":5,"damage_taken":0},{"event_name":"Mushrooms","player_choice":"Healed and dodged fight","floor":12,"damage_taken":0},{"event_name":"Liars Game","player_choice":"agreed","floor":13,"damage_taken":0},{"event_name":"The Mausoleum","player_choice":"Yes","floor":21,"damage_taken":0},{"event_name":"Masked Bandits","player_choice":"Fought Bandits","floor":24,"damage_taken":0},{"event_name":"Nest","player_choice":"Stole From Cult","floor":30,"damage_taken":0},{"event_name":"FaceTrader","player_choice":"Trade","floor":31,"damage_taken":0},{"event_name":"The Lab","player_choice":"Got Potions","floor":37,"damage_taken":0},{"event_name":"Falling","player_choice":"Removed Attack","floor":38,"damage_taken":0},{"event_name":"Winding Halls","player_choice":"Max HP","floor":39,"damage_taken":0},{"event_name":"SensoryStone","player_choice":"Memory 1","floor":41,"damage_taken":0},{"event_name":"The Moai Head","player_choice":"Gave Idol","floor":47,"damage_taken":0}],"is_beta":true,"boss_relics":[{"not_picked":["Black Star","Coffee Dripper"],"picked":"White Beast Statue"},{"not_picked":["Nuclear Battery","Runic Pyramid"],"picked":"Busted Crown"}],"items_purged_floors":[14,44],"is_endless":false,"potions_floor_spawned":[7,8,16,18,19,20,22,24,28,29,33,35,36,42,45,46,48],"ascension_level":0}