{"gold_per_floor":[112,1,15,27,27,59,59,93,93,93,109,50,50,70,70,141,141,156,169,169,188,188,238],"floor_reached":23,"playtime":1240,"items_purged":[],"score":452,"play_id":"3d9917b6-a024-4765-a87f-09a1f150f88f","local_time":"20181209010454","is_ascension_mode":true,"campfire_choices":[{"data":"Neutralize","floor":7.0,"key":"SMITH"},{"data":"Bouncing Flask","floor":10.0,"key":"SMITH"},{"data":"Well Laid Plans","floor":13.0,"key":"SMITH"},{"data":"Dash","floor":15.0,"key":"SMITH"}],"neow_cost":"NONE","seed_source_timestamp":592393225606400,"circlet_count":0,"master_deck":["AscendersBane","Defend_G","Defend_G","Defend_G","Defend_G","Defend_G","Strike_G","Strike_G","Strike_G","Strike_G","Strike_G","Survivor","Neutralize+1","Flying Knee","Poisoned Stab","Dash+1","Well Laid Plans+1","Bouncing Flask+1","Backstab","Acrobatics+1","PiercingWail+1","Die Die Die","Dodge and Roll+1","Noxious Fumes"],"special_seed":0,"relics":["Velvet Choker","Bag of Preparation","Toxic Egg 2","Dream Catcher","Question Card","Fusion Hammer","Enchiridion","SsserpentHead"],"potions_floor_usage":[23],"damage_taken":[{"damage":4.0,"enemies":"2 Louse","floor":1.0,"turns":3.0},{"damage":4.0,"enemies":"Jaw Worm","floor":3.0,"turns":3.0},{"damage":0.0,"enemies":"Cultist","floor":4.0,"turns":3.0},{"damage":35.0,"enemies":"3 Sentries","floor":6.0,"turns":12.0},{"damage":0.0,"enemies":"Lagavulin","floor":8.0,"turns":6.0},{"damage":0.0,"enemies":"3 Louse","floor":11.0,"turns":2.0},{"damage":1.0,"enemies":"Blue Slaver","floor":14.0,"turns":3.0},{"damage":11.0,"enemies":"The Guardian","floor":16.0,"turns":9.0},{"damage":8.0,"enemies":"Chosen","floor":18.0,"turns":4.0},{"damage":3.0,"enemies":"3 Byrds","floor":19.0,"turns":4.0},{"damage":9.0,"enemies":"Snake Plant","floor":21.0,"turns":3.0},{"damage":21,"enemies":"Shelled Parasite and Fungi","floor":23,"turns":3}],"seed_played":"-1567220406855131380","potions_obtained":[{"floor":4.0,"key":"Regen Potion"},{"floor":6.0,"key":"Fire Potion"},{"floor":18.0,"key":"Swift Potion"}],"is_trial":false,"path_per_floor":["M","$","M","M","?","E","R","E","T","R","M","?","R","M","R","B",null,"M","M","?","M","?","M"],"character_chosen":"THE_SILENT","items_purchased":["Poisoned Stab","SteroidPotion"],"campfire_rested":0,"item_purchase_floors":[2,2],"current_hp_per_floor":[55,55,51,51,56,36,36,36,36,36,36,36,36,35,35,24,59,51,48,27,18,18,0],"gold":238,"neow_bonus":"BOSS_RELIC","is_prod":false,"is_daily":false,"chose_seed":false,"campfire_upgraded":4,"win_rate":0,"timestamp":1544335494,"path_taken":["M","$","M","M","?","E","R","E","T","R","M","?","R","M","R","BOSS","M","?","?","M","?","?"],"build_version":"2018-11-15","purchased_purges":0,"victory":false,"max_hp_per_floor":[66,66,66,66,71,71,71,71,71,71,71,71,71,71,71,71,71,71,71,71,71,71,71],"card_choices":[{"not_picked":["Blur","Prepared"],"picked":"Flying Knee","floor":1.0},{"not_picked":["Slice","Deflect"],"picked":"Dash","floor":3.0},{"not_picked":["Bane","Sucker Punch"],"picked":"Well Laid Plans","floor":4.0},{"not_picked":["Wraith Form v2","Slice"],"picked":"Bouncing Flask","floor":6.0},{"not_picked":["Caltrops","Slice"],"picked":"Backstab","floor":8.0},{"not_picked":["Quick Slash","Dagger Spray"],"picked":"Acrobatics+1","floor":11.0},{"not_picked":["Prepared+1","Flying Knee","Quick Slash"],"picked":"PiercingWail+1","floor":14.0},{"not_picked":["After Image","Bullet Time+1","Tools of the Trade"],"picked":"Die Die Die","floor":16.0},{"not_picked":["Underhanded Strike","Slice","Outmaneuver+1","Flying Knee"],"picked":"SKIP","floor":18.0},{"not_picked":["Blade Dance+1","Dagger Throw","Quick Slash+1"],"picked":"Dodge and Roll+1","floor":19.0},{"not_picked":["Flying Knee","Distraction+1","Endless Agony+1"],"picked":"Noxious Fumes","floor":21.0}],"player_experience":1785716,"relics_obtained":[{"floor":6.0,"key":"Bag of Preparation"},{"floor":8.0,"key":"Toxic Egg 2"},{"floor":9.0,"key":"Dream Catcher"},{"floor":20.0,"key":"Enchiridion"}],"event_choices":[{"damage_healed":0.0,"max_hp_gain":5.0,"max_hp_loss":0.0,"gold_gain":0.0,"event_name":"Big Fish","player_choice":"Donut","floor":5.0,"gold_loss":0.0,"damage_taken":0.0},{"damage_healed":0.0,"max_hp_gain":0.0,"max_hp_loss":0.0,"gold_gain":0.0,"event_name":"WeMeetAgain","player_choice":"Paid Gold","floor":12.0,"gold_loss":59.0,"damage_taken":0.0,"relics_obtained":["Question Card"]},{"damage_healed":0.0,"max_hp_gain":0.0,"max_hp_loss":0.0,"gold_gain":0.0,"event_name":"Cursed Tome","player_choice":"Obtained Book","floor":20.0,"gold_loss":0.0,"damage_taken":21.0},{"damage_healed":0.0,"max_hp_gain":0.0,"max_hp_loss":0.0,"gold_gain":0.0,"event_name":"FaceTrader","player_choice":"Trade","floor":22.0,"gold_loss":0.0,"damage_taken":0.0,"relics_obtained":["SsserpentHead"]}],"is_beta":true,"boss_relics":[{"not_picked":["Black Star","Astrolabe"],"picked":"Fusion Hammer"}],"items_purged_floors":[],"is_endless":false,"potions_floor_spawned":[4,6,8,18],"killed_by":"Shelled Parasite and Fungi","ascension_level":20}