{"gold_per_floor":[119,119,137,62,73,104,119,119,119,194,144,144,144,173,173,275,275,285,305,305,305,315,342,257,282,307,322,340,340,50,62,62,160,160,170,170,185,234,253,253,284,284,310,73,89,119,139,0,0,0],"floor_reached":50,"playtime":3983,"items_purged":["Strike_B","Strike_B","Pain"],"score":625,"play_id":"a150fa7e-1dab-4d44-81a8-a11413f203bf","local_time":"20190103095504","is_ascension_mode":false,"campfire_choices":[{"floor":8,"key":"REST"},{"floor":13,"key":"REST"},{"floor":15,"key":"REST"},{"floor":29,"key":"REST"},{"data":"Defragment","floor":32,"key":"SMITH"},{"floor":40,"key":"REST"},{"data":"Zap","floor":42,"key":"SMITH"},{"data":"Conserve Battery","floor":49,"key":"SMITH"}],"neow_cost":"NONE","seed_source_timestamp":731241101189041,"circlet_count":0,"master_deck":["Strike_B+1","Defend_B","Defend_B+1","Defend_B","Defend_B","Zap+1","Dualcast","Streamline","Scrape+1","Gash","Sweeping Beam","Conserve Battery+1","Tempest","Scrape","Ball Lightning","Machine Learning","Gash","Ghostly+1","Ghostly","Ghostly","Ghostly","Ghostly","Electrodynamics","Defragment+1","Auto Shields","BootSequence","Seek","Writhe","Steam+1","Stack","Steam","All For One","Thunder Strike"],"relics":["Cracked Core","Dream Catcher","PreservedInsect","Ornamental Fan","Velvet Choker","Shuriken","Gambling Chip","Blood Vial","Smiling Mask","War Paint","Meat on the Bone","Cursed Key","Girya","StoneCalendar","MawBank","Chemical X","Pen Nib","Red Mask"],"potions_floor_usage":[16,16,23,33,33,46,50,50,50],"damage_taken":[{"damage":1,"enemies":"Cultist","floor":1,"turns":3},{"damage":2,"enemies":"Small Slimes","floor":3,"turns":4},{"damage":6,"enemies":"Jaw Worm","floor":5,"turns":3},{"damage":53,"enemies":"3 Sentries","floor":6,"turns":7},{"damage":0,"enemies":"Large Slime","floor":7,"turns":5},{"damage":31,"enemies":"Lagavulin","floor":14,"turns":4},{"damage":21,"enemies":"Hexaghost","floor":16,"turns":8},{"damage":34,"enemies":"2 Thieves","floor":18,"turns":4},{"damage":3,"enemies":"Spheric Guardian","floor":19,"turns":3},{"damage":13,"enemies":"Snecko","floor":22,"turns":5},{"damage":5,"enemies":"Book of Stabbing","floor":23,"turns":5},{"damage":1,"enemies":"Gremlin Leader","floor":25,"turns":4},{"damage":6,"enemies":"Centurion and Healer","floor":27,"turns":5},{"damage":13,"enemies":"Cultist and Chosen","floor":28,"turns":6},{"damage":3,"enemies":"Snecko","floor":31,"turns":5},{"damage":1,"enemies":"Collector","floor":33,"turns":8},{"damage":7,"enemies":"3 Darklings","floor":35,"turns":3},{"damage":11,"enemies":"3 Shapes","floor":37,"turns":4},{"damage":3,"enemies":"2 Orb Walkers","floor":38,"turns":4},{"damage":6,"enemies":"Jaw Worm Horde","floor":39,"turns":2},{"damage":0,"enemies":"Nemesis","floor":41,"turns":5},{"damage":0,"enemies":"3 Darklings","floor":45,"turns":6},{"damage":3,"enemies":"Giant Head","floor":46,"turns":7},{"damage":0,"enemies":"4 Shapes","floor":47,"turns":4},{"damage":51,"enemies":"Awakened One","floor":50,"turns":11}],"seed_played":"-5332115862667312480","potions_obtained":[{"floor":5,"key":"SteroidPotion"},{"floor":6,"key":"Strength Potion"},{"floor":16,"key":"Ancient Potion"},{"floor":19,"key":"Weak Potion"},{"floor":22,"key":"Ancient Potion"},{"floor":23,"key":"FocusPotion"},{"floor":25,"key":"Energy Potion"},{"floor":37,"key":"FocusPotion"},{"floor":46,"key":"EssenceOfSteel"},{"floor":47,"key":"LiquidBronze"}],"is_trial":false,"path_per_floor":["M","?","M","$","M","E","M","R","T","?","?","?","R","E","R","B",null,"M","M","?","?","M","E","?","E","T","M","M","R","$","M","R","B",null,"M","?","M","?","M","R","E","R","T","$","M","E","M","?","R","B"],"character_chosen":"DEFECT","items_purchased":["Meat on the Bone","Chemical X"],"campfire_rested":5,"item_purchase_floors":[30,44],"current_hp_per_floor":[81,81,79,79,73,20,20,44,44,33,33,17,41,10,34,13,82,48,45,41,41,28,23,23,24,24,20,9,21,21,32,32,33,41,34,41,30,29,25,37,39,39,39,39,41,38,40,40,40,0],"gold":0,"neow_bonus":"TEN_PERCENT_HP_BONUS","is_prod":false,"is_daily":false,"chose_seed":false,"campfire_upgraded":3,"win_rate":0.0,"timestamp":1546527304,"path_taken":["M","?","M","?","M","E","?","R","T","?","?","?","R","E","R","BOSS","M","M","?","?","M","E","?","E","T","?","M","R","$","M","R","BOSS","M","?","M","?","M","R","E","R","T","?","M","E","?","?","R","BOSS"],"build_version":"2018-12-20","purchased_purges":3,"victory":false,"max_hp_per_floor":[82,82,82,82,82,82,82,82,82,82,82,82,82,82,82,82,82,82,82,41,41,41,41,41,41,41,41,41,41,41,41,41,41,41,41,41,41,41,41,41,41,41,41,41,41,41,41,41,41,41],"card_choices":[{"not_picked":["Coolheaded","Turbo"],"picked":"Streamline","floor":1},{"not_picked":["FTL","Steam"],"picked":"Scrape","floor":3},{"not_picked":["Auto Shields","Loop"],"picked":"Gash","floor":5},{"not_picked":["Streamline","Melter"],"picked":"Sweeping Beam","floor":6},{"not_picked":["Steam","Steam Power"],"picked":"Conserve Battery","floor":7},{"not_picked":["Turbo","Sweeping Beam"],"picked":"Tempest","floor":8},{"not_picked":["Lockon","Force Field"],"picked":"Scrape","floor":13},{"not_picked":["Melter","Conserve Battery"],"picked":"Ball Lightning","floor":14},{"not_picked":["Fission","Reboot"],"picked":"Machine Learning","floor":16},{"not_picked":["Barrage","Turbo","Beam Cell"],"picked":"SKIP","floor":18},{"not_picked":["Storm","Steam"],"picked":"Gash","floor":19},{"not_picked":["Heatsinks","Hello World","Compile Driver"],"picked":"SKIP","floor":22},{"not_picked":["Go for the Eyes","Hologram"],"picked":"Electrodynamics","floor":23},{"not_picked":["Sweeping Beam","Chaos","Undo"],"picked":"SKIP","floor":25},{"not_picked":["Aggregate","Glacier"],"picked":"Defragment","floor":27},{"not_picked":["Chill+1","Streamline"],"picked":"Auto Shields","floor":28},{"not_picked":["Hologram","Ball Lightning"],"picked":"BootSequence","floor":29},{"not_picked":["Tempest","Fission","Cold Snap+1"],"picked":"SKIP","floor":31},{"not_picked":["Machine Learning","Electrodynamics"],"picked":"Seek","floor":33},{"not_picked":["Skim","Heatsinks+1","Barrage"],"picked":"SKIP","floor":35},{"not_picked":["Coolheaded","Glacier"],"picked":"Steam+1","floor":37},{"not_picked":["Hologram","Fusion"],"picked":"Stack","floor":39},{"not_picked":["Sweeping Beam","Compile Driver"],"picked":"Steam","floor":40},{"not_picked":["Go for the Eyes+1","Compile Driver"],"picked":"All For One","floor":41},{"not_picked":["Hello World","Ball Lightning","Compile Driver+1"],"picked":"SKIP","floor":45},{"not_picked":["Defragment","Go for the Eyes"],"picked":"Thunder Strike","floor":46},{"not_picked":["Rip and Tear+1","Steam Power+1","Coolheaded"],"picked":"SKIP","floor":47}],"player_experience":126880,"relics_obtained":[{"floor":6,"key":"Dream Catcher"},{"floor":9,"key":"PreservedInsect"},{"floor":14,"key":"Ornamental Fan"},{"floor":23,"key":"Gambling Chip"},{"floor":25,"key":"Smiling Mask"},{"floor":26,"key":"War Paint"},{"floor":38,"key":"Girya"},{"floor":41,"key":"StoneCalendar"},{"floor":43,"key":"MawBank"},{"floor":46,"key":"Pen Nib"}],"event_choices":[{"damage_healed":0,"gold_gain":0,"cards_transformed":["Strike_B"],"player_choice":"Transformed","damage_taken":0,"max_hp_gain":0,"max_hp_loss":0,"event_name":"Transmorgrifier","floor":2,"gold_loss":0,"cards_obtained":["Creative AI"]},{"damage_healed":0,"gold_gain":75,"player_choice":"Gather Gold","damage_taken":11,"max_hp_gain":0,"max_hp_loss":0,"event_name":"World of Goop","floor":10,"gold_loss":0},{"cards_removed":["Creative AI"],"damage_healed":0,"gold_gain":0,"player_choice":"Card Removal","damage_taken":0,"max_hp_gain":0,"max_hp_loss":0,"event_name":"The Cleric","floor":11,"gold_loss":50},{"damage_healed":0,"gold_gain":0,"player_choice":"Entered Light","damage_taken":16,"max_hp_gain":0,"max_hp_loss":0,"event_name":"Shining Light","floor":12,"gold_loss":0,"cards_upgraded":["Strike_B","Scrape"]},{"damage_healed":0,"gold_gain":0,"player_choice":"Became a Ghost","damage_taken":0,"max_hp_gain":0,"max_hp_loss":41,"event_name":"Ghosts","floor":20,"gold_loss":0,"cards_obtained":["Ghostly","Ghostly","Ghostly","Ghostly","Ghostly"]},{"damage_healed":0,"gold_gain":0,"player_choice":"Opened","damage_taken":0,"relics_obtained":["Shuriken"],"max_hp_gain":0,"max_hp_loss":0,"event_name":"The Mausoleum","floor":21,"gold_loss":0},{"damage_healed":0,"gold_gain":0,"player_choice":"Obtained Relic","damage_taken":0,"relics_obtained":["Blood Vial"],"max_hp_gain":0,"max_hp_loss":0,"event_name":"Addict","floor":24,"gold_loss":85},{"damage_healed":10,"gold_gain":0,"player_choice":"Writhe","damage_taken":0,"max_hp_gain":0,"max_hp_loss":0,"event_name":"Winding Halls","floor":36,"gold_loss":0,"cards_obtained":["Writhe"]},{"damage_healed":0,"gold_gain":0,"player_choice":"Fight","damage_taken":0,"max_hp_gain":0,"max_hp_loss":0,"event_name":"Mysterious Sphere","floor":38,"gold_loss":0},{"damage_healed":0,"gold_gain":0,"player_choice":"Paid","damage_taken":0,"relics_obtained":["Red Mask"],"max_hp_gain":0,"max_hp_loss":0,"event_name":"Tomb of Lord Red Mask","floor":48,"gold_loss":139}],"is_beta":false,"boss_relics":[{"not_picked":["Inserter","Pandora\u0027s Box"],"picked":"Velvet Choker"},{"not_picked":["Black Star","Tiny House"],"picked":"Cursed Key"}],"items_purged_floors":[4,30,44],"is_endless":false,"potions_floor_spawned":[5,6,16,19,22,23,25,37,46,47],"killed_by":"Awakened One","ascension_level":0}