{"gold_per_floor":[113,288,176,193,30,62,62,90,140,140,150,150,180,200,200,305,305,324,324,339,356,39,73,89,89,112,112,185,185,100,100,100,196,196,212,266,280,280,280,280,21,21,45,45,45,62,88,88,88,88],"floor_reached":51,"playtime":4101,"items_purged":["Doubt"],"score":817,"play_id":"f83103fe-9008-46eb-9c3e-733c00ff950c","local_time":"20190206145718","is_ascension_mode":true,"campfire_choices":[{"data":"Seek","floor":7,"key":"SMITH"},{"data":"Echo Form","floor":10,"key":"SMITH"},{"data":"Zap","floor":12,"key":"SMITH"},{"floor":15,"key":"REST"},{"floor":25,"key":"REST"},{"data":"Beam Cell","floor":27,"key":"SMITH"},{"data":"Electrodynamics","floor":29,"key":"SMITH"},{"data":"Hologram","floor":32,"key":"SMITH"},{"data":"Bite","floor":40,"key":"SMITH"},{"data":"Bite","floor":42,"key":"SMITH"},{"data":"Bite","floor":44,"key":"SMITH"},{"data":"Creative AI","floor":49,"key":"SMITH"}],"neow_cost":"NONE","seed_source_timestamp":318906943180106,"circlet_count":0,"master_deck":["Defend_B","Defend_B","Defend_B","Defend_B","Zap+1","Dualcast","Ball Lightning","Compile Driver","Seek+1","Compile Driver","Auto Shields","Echo Form+1","Coolheaded","Glacier","Cold Snap","Electrodynamics+1","Compile Driver","Undo","Consume","Coolheaded","Bite","Bite","Bite+1","Bite+1","Bite+1","Defragment+1","Capacitor","Defragment+1","Beam Cell+1","FTL","Hologram+1","Creative AI+1","Conserve Battery+1","FTL"],"relics":["Cracked Core","NeowsBlessing","Happy Flower","Dodecahedron","Regal Pillow","Lantern","Odd Mushroom","Orrery","DollysMirror","Juzu Bracelet","DataDisk","Cables","Vajra","Coffee Dripper","Gambling Chip","Frozen Egg 2","Smiling Mask","The Courier"],"potions_floor_usage":[16,16,23,24,24,36,36,50],"damage_taken":[{"damage":0,"enemies":"2 Louse","floor":1,"turns":1},{"damage":0,"enemies":"Jaw Worm","floor":4,"turns":1},{"damage":0,"enemies":"Lagavulin","floor":6,"turns":1},{"damage":21,"enemies":"3 Sentries","floor":8,"turns":7},{"damage":0,"enemies":"Cultist","floor":11,"turns":3},{"damage":16,"enemies":"The Mushroom Lair","floor":13,"turns":5},{"damage":6,"enemies":"Blue Slaver","floor":14,"turns":3},{"damage":21,"enemies":"Hexaghost","floor":16,"turns":8},{"damage":15,"enemies":"2 Thieves","floor":18,"turns":4},{"damage":0,"enemies":"3 Byrds","floor":20,"turns":2},{"damage":20,"enemies":"Snake Plant","floor":21,"turns":5},{"damage":44,"enemies":"Book of Stabbing","floor":23,"turns":10},{"damage":0,"enemies":"Centurion and Healer","floor":24,"turns":6},{"damage":27,"enemies":"Champ","floor":33,"turns":9},{"damage":9,"enemies":"3 Shapes","floor":35,"turns":4},{"damage":37,"enemies":"2 Orb Walkers","floor":36,"turns":8},{"damage":34,"enemies":"3 Darklings","floor":37,"turns":4},{"damage":28,"enemies":"Jaw Worm Horde","floor":46,"turns":3},{"damage":0,"enemies":"Reptomancer","floor":47,"turns":4},{"damage":17,"enemies":"Awakened One","floor":50,"turns":24}],"seed_played":"2605834508540602624","potions_obtained":[{"floor":8,"key":"FocusPotion"},{"floor":11,"key":"Ancient Potion"},{"floor":14,"key":"PowerPotion"},{"floor":16,"key":"SteroidPotion"},{"floor":20,"key":"Regen Potion"},{"floor":23,"key":"LiquidBronze"},{"floor":24,"key":"Fire Potion"},{"floor":33,"key":"Regen Potion"},{"floor":47,"key":"Energy Potion"}],"is_trial":false,"path_per_floor":["M","?","?","M","$","E","R","E","T","R","M","R","?","M","R","B",null,"M","?","M","M","$","E","M","R","T","R","T","R","?","?","R","B",null,"M","?","M","?","?","R","$","R","T","R","?","M","E","?","R","B",null],"character_chosen":"DEFECT","items_purchased":["Seek","Compile Driver","Capacitor","DollysMirror","Frozen Egg 2"],"campfire_rested":2,"item_purchase_floors":[5,5,22,22,41],"current_hp_per_floor":[75,75,75,75,75,75,75,54,54,54,54,54,38,32,69,48,75,60,52,52,32,32,9,13,43,43,43,43,43,43,43,43,32,52,45,33,1,1,1,1,1,1,1,1,45,17,27,27,27,43],"gold":88,"neow_bonus":"THREE_ENEMY_KILL","is_prod":false,"is_daily":false,"chose_seed":false,"campfire_upgraded":10,"win_rate":0,"timestamp":1549483038,"path_taken":["M","?","?","M","$","E","R","E","T","R","?","R","?","M","R","BOSS","M","?","M","M","$","E","M","R","T","R","?","R","?","?","R","BOSS","M","?","M","?","?","R","$","R","T","R","?","M","E","?","R","BOSS"],"build_version":"2019-01-23","purchased_purges":1,"victory":true,"max_hp_per_floor":[75,75,75,75,75,75,75,75,75,75,75,75,75,75,75,75,75,75,52,52,52,52,52,52,52,52,52,52,52,52,52,52,52,52,52,52,52,52,52,52,52,52,52,52,45,45,45,43,43,43],"card_choices":[{"not_picked":["Stack","Rebound"],"picked":"Ball Lightning","floor":1},{"not_picked":["Amplify","Streamline"],"picked":"Compile Driver","floor":4},{"not_picked":["Rebound","Darkness"],"picked":"Auto Shields","floor":6},{"not_picked":["Turbo","Double Energy"],"picked":"Echo Form","floor":8},{"not_picked":["Reprogram","Streamline"],"picked":"Coolheaded","floor":11},{"not_picked":["Redo","Coolheaded"],"picked":"Glacier","floor":13},{"not_picked":["Hello World","Compile Driver"],"picked":"Cold Snap","floor":14},{"not_picked":["Creative AI","Fission"],"picked":"Electrodynamics","floor":16},{"not_picked":["BootSequence","Echo Form"],"picked":"Blizzard","floor":17},{"not_picked":["Tempest","Auto Shields"],"picked":"Compile Driver","floor":17},{"not_picked":["Compile Driver","Streamline"],"picked":"Undo","floor":17},{"not_picked":["Gash","Beam Cell"],"picked":"Consume","floor":17},{"not_picked":["Compile Driver","Beam Cell"],"picked":"Coolheaded","floor":17},{"not_picked":["Streamline","Turbo","Ball Lightning"],"picked":"SKIP","floor":18},{"not_picked":["Gash","Auto Shields"],"picked":"Defragment+1","floor":20},{"not_picked":["Genetic Algorithm","Turbo+1","Blizzard"],"picked":"SKIP","floor":21},{"not_picked":["Rebound","Scrape+1"],"picked":"Beam Cell","floor":23},{"not_picked":["Compile Driver","Hologram"],"picked":"FTL","floor":24},{"not_picked":["Meteor Strike","Multi-Cast"],"picked":"Creative AI","floor":33},{"not_picked":["Coolheaded","Undo+1","Barrage"],"picked":"SKIP","floor":35},{"not_picked":["Double Energy+1","Turbo+1"],"picked":"Conserve Battery+1","floor":36},{"not_picked":["Steam+1","Ball Lightning","Conserve Battery"],"picked":"SKIP","floor":37},{"not_picked":["Cold Snap","Stack+1"],"picked":"FTL","floor":46},{"not_picked":["Reboot","Steam","Gash"],"picked":"SKIP","floor":47}],"player_experience":193197,"relics_obtained":[{"floor":6,"key":"Dodecahedron"},{"floor":8,"key":"Regal Pillow"},{"floor":9,"key":"Lantern"},{"floor":13,"key":"Odd Mushroom"},{"floor":23,"key":"Juzu Bracelet"},{"floor":26,"key":"DataDisk"},{"floor":28,"key":"Cables"},{"floor":36,"key":"Gambling Chip"},{"floor":43,"key":"Smiling Mask"},{"floor":47,"key":"The Courier"}],"event_choices":[{"damage_healed":0,"gold_gain":175,"player_choice":"AGREE","damage_taken":0,"max_hp_gain":0,"max_hp_loss":0,"event_name":"Liars Game","floor":2,"gold_loss":0,"cards_obtained":["Doubt"]},{"damage_healed":0,"gold_gain":0,"player_choice":"Paid Gold","damage_taken":0,"relics_obtained":["Happy Flower"],"max_hp_gain":0,"max_hp_loss":0,"event_name":"WeMeetAgain","floor":3,"gold_loss":112},{"damage_healed":0,"gold_gain":0,"player_choice":"Fought Mushrooms","damage_taken":0,"max_hp_gain":0,"max_hp_loss":0,"event_name":"Mushrooms","floor":13,"gold_loss":0},{"damage_healed":0,"gold_gain":0,"player_choice":"Became a vampire","damage_taken":0,"max_hp_gain":0,"max_hp_loss":23,"event_name":"Vampires","floor":19,"gold_loss":0,"cards_obtained":["Bite","Bite","Bite","Bite","Bite"]},{"damage_healed":0,"gold_gain":0,"player_choice":"Obtained Relic","damage_taken":0,"relics_obtained":["Vajra"],"max_hp_gain":0,"max_hp_loss":0,"event_name":"Addict","floor":30,"gold_loss":85},{"damage_healed":0,"gold_gain":0,"player_choice":"Read","damage_taken":0,"max_hp_gain":0,"max_hp_loss":0,"event_name":"The Library","floor":31,"gold_loss":0,"cards_obtained":["Hologram"]},{"damage_healed":0,"gold_gain":0,"player_choice":"Fight","damage_taken":0,"max_hp_gain":0,"max_hp_loss":0,"event_name":"Mysterious Sphere","floor":36,"gold_loss":0},{"cards_removed":["Blizzard"],"damage_healed":0,"gold_gain":0,"player_choice":"Removed Attack","damage_taken":0,"max_hp_gain":0,"max_hp_loss":0,"event_name":"Falling","floor":38,"gold_loss":0},{"damage_healed":0,"gold_gain":0,"player_choice":"Ignored","damage_taken":0,"max_hp_gain":0,"max_hp_loss":0,"event_name":"Tomb of Lord Red Mask","floor":39,"gold_loss":0},{"damage_healed":45,"gold_gain":0,"player_choice":"Heal","damage_taken":0,"max_hp_gain":0,"max_hp_loss":7,"event_name":"The Moai Head","floor":45,"gold_loss":0},{"damage_healed":0,"gold_gain":0,"player_choice":"Max HP","damage_taken":0,"max_hp_gain":0,"max_hp_loss":2,"event_name":"Winding Halls","floor":48,"gold_loss":0}],"is_beta":false,"boss_relics":[{"not_picked":["Lizard Tail","White Beast Statue"],"picked":"Orrery"},{"not_picked":["Snecko Eye","Astrolabe"],"picked":"Coffee Dripper"}],"items_purged_floors":[22],"is_endless":false,"potions_floor_spawned":[8,11,14,16,20,23,24,33,35,47],"ascension_level":2}