{"gold_per_floor":[112,82,31,41,55,55,74,106,106,106,119,135,135,165,165,239,239,239,239,239,239,239,239,189,189,189,189,189,189,189,189,189,189],"floor_reached":33,"playtime":1702,"items_purged":[],"score":640,"play_id":"74f1c8af-d4be-4358-8662-01996b1bc830","local_time":"20190123212659","is_ascension_mode":true,"campfire_choices":[{"data":"Neutralize","floor":6.0,"key":"SMITH"},{"data":"Choke","floor":10.0,"key":"SMITH"},{"data":"Glass Knife","floor":13.0,"key":"SMITH"},{"data":"Burst","floor":15.0,"key":"SMITH"},{"data":"Noxious Fumes","floor":23.0,"key":"SMITH"},{"floor":29,"key":"REST"},{"floor":32,"key":"REST"}],"neow_cost":"NONE","seed_source_timestamp":72486789742500,"circlet_count":0,"master_deck":["AscendersBane","Defend_G","Defend_G","Defend_G","Defend_G","Defend_G","Strike_G","Strike_G","Strike_G","Strike_G","Strike_G","Survivor","Neutralize+1","Backflip","Quick Slash","Choke+1","Dagger Spray","Quick Slash","Burst+1","Glass Knife+1","Backflip","Infinite Blades","Glass Knife","Dagger Spray+1","Noxious Fumes+1","Cloak And Dagger","Escape Plan","Dodge and Roll"],"special_seed":0,"relics":["Cursed Key","Unceasing Top","Blood Vial","Ectoplasm","Red Mask","Meat on the Bone","Strawberry"],"potions_floor_usage":[27,33],"damage_taken":[{"damage":3.0,"enemies":"Cultist","floor":1.0,"turns":5.0},{"damage":0.0,"enemies":"Small Slimes","floor":4.0,"turns":4.0},{"damage":0.0,"enemies":"Jaw Worm","floor":5.0,"turns":3.0},{"damage":10.0,"enemies":"Large Slime","floor":7.0,"turns":5.0},{"damage":0.0,"enemies":"Gremlin Nob","floor":8.0,"turns":3.0},{"damage":1.0,"enemies":"2 Fungi Beasts","floor":11.0,"turns":2.0},{"damage":4.0,"enemies":"Red Slaver","floor":12.0,"turns":3.0},{"damage":10.0,"enemies":"Lagavulin","floor":14.0,"turns":5.0},{"damage":34.0,"enemies":"Slime Boss","floor":16.0,"turns":8.0},{"damage":0.0,"enemies":"3 Byrds","floor":18.0,"turns":5.0},{"damage":10.0,"enemies":"Masked Bandits","floor":19.0,"turns":4.0},{"damage":9.0,"enemies":"Shell Parasite","floor":22.0,"turns":4.0},{"damage":40,"enemies":"Book of Stabbing","floor":25,"turns":5},{"damage":3,"enemies":"3 Cultists","floor":27,"turns":4},{"damage":13,"enemies":"Cultist and Chosen","floor":28,"turns":5},{"damage":7,"enemies":"Slavers","floor":31,"turns":4},{"damage":87,"enemies":"Collector","floor":33,"turns":10}],"seed_played":"-3110457238185460759","potions_obtained":[{"floor":2.0,"key":"Regen Potion"},{"floor":2.0,"key":"Swift Potion"},{"floor":4.0,"key":"EntropicBrew"},{"floor":8.0,"key":"Block Potion"},{"floor":16.0,"key":"FairyPotion"},{"floor":22.0,"key":"Ancient Potion"},{"floor":25,"key":"SpeedPotion"},{"floor":28,"key":"PowerPotion"},{"floor":31,"key":"Strength Potion"}],"is_trial":false,"path_per_floor":["?","M","?","?","?","?","M","?"],"character_chosen":"THE_SILENT","items_purchased":["Quick Slash"],"campfire_rested":2,"item_purchase_floors":[3],"current_hp_per_floor":[56,56,56,56,56,56,46,55,55,55,54,50,50,40,40,8,52,54,46,46,46,39,39,39,1,1,18,19,38,38,52,73,0],"gold":189,"neow_bonus":"BOSS_RELIC","is_prod":false,"is_daily":false,"chose_seed":false,"campfire_upgraded":5,"win_rate":0,"timestamp":1548296819,"path_taken":["M","?","$","M","?","R","M","E","T","R","M","M","R","E","R","BOSS","M","?","?","?","M","R","?","E","T","M","?","R","?","E","R","BOSS"],"build_version":"2019-01-22","purchased_purges":0,"victory":false,"max_hp_per_floor":[66,66,66,66,66,66,66,66,66,66,66,66,66,66,66,66,66,66,66,66,66,66,66,66,66,66,66,66,66,66,73,73,73],"card_choices":[{"not_picked":["Dodge and Roll","All Out Attack"],"picked":"Backflip","floor":1.0},{"not_picked":["Sucker Punch","Escape Plan"],"picked":"Choke","floor":4.0},{"not_picked":["Quick Slash","PiercingWail"],"picked":"Dagger Spray","floor":5.0},{"not_picked":["Poisoned Stab","Slice"],"picked":"Quick Slash","floor":7.0},{"not_picked":["Bane","Eviscerate"],"picked":"Burst","floor":8.0},{"not_picked":["PiercingWail","Acrobatics"],"picked":"Glass Knife","floor":11.0},{"not_picked":["Calculated Gamble","Dodge and Roll"],"picked":"Backflip","floor":12.0},{"not_picked":["Deflect","Prepared"],"picked":"Infinite Blades","floor":14.0},{"not_picked":["Wraith Form v2","Envenom"],"picked":"Glass Knife","floor":16.0},{"not_picked":["Acrobatics+1","Blade Dance"],"picked":"Dagger Spray+1","floor":18.0},{"not_picked":["Sucker Punch","Calculated Gamble"],"picked":"Cloak And Dagger","floor":22.0},{"not_picked":["Expertise","Infinite Blades","Reflex"],"picked":"SKIP","floor":25},{"not_picked":["Bane","Distraction"],"picked":"Escape Plan","floor":27},{"not_picked":["Finisher","Dagger Spray"],"picked":"Dodge and Roll","floor":28},{"not_picked":["Heel Hook","Expertise","Acrobatics"],"picked":"SKIP","floor":31}],"player_experience":1927495,"relics_obtained":[{"floor":8.0,"key":"Unceasing Top"},{"floor":14.0,"key":"Blood Vial"},{"floor":19.0,"key":"Red Mask"},{"floor":25,"key":"Meat on the Bone"},{"floor":31,"key":"Strawberry"}],"event_choices":[{"damage_healed":0.0,"max_hp_gain":0.0,"max_hp_loss":0.0,"gold_gain":0.0,"event_name":"The Woman in Blue","player_choice":"Bought 2 Potions","floor":2.0,"gold_loss":0.0,"damage_taken":0.0},{"damage_healed":0.0,"max_hp_gain":0.0,"max_hp_loss":0.0,"gold_gain":0.0,"event_name":"Masked Bandits","player_choice":"Fought Bandits","floor":19.0,"gold_loss":0.0,"damage_taken":0.0},{"damage_healed":0.0,"max_hp_gain":0.0,"max_hp_loss":0.0,"gold_gain":0.0,"event_name":"Ghosts","player_choice":"Ignored","floor":20.0,"gold_loss":0.0,"damage_taken":0.0},{"damage_healed":0.0,"max_hp_gain":0.0,"max_hp_loss":0.0,"gold_gain":0.0,"event_name":"The Library","player_choice":"Read","floor":21.0,"gold_loss":0.0,"damage_taken":0.0,"cards_obtained":["Noxious Fumes"]},{"damage_healed":0.0,"max_hp_gain":0.0,"max_hp_loss":0.0,"gold_gain":100.0,"event_name":"The Joust","player_choice":"Bet on Murderer","floor":24.0,"gold_loss":50.0,"damage_taken":0.0},{"damage_healed":0,"gold_gain":0,"player_choice":"Ignored","damage_taken":0,"max_hp_gain":0,"max_hp_loss":0,"event_name":"The Mausoleum","floor":30,"gold_loss":0}],"is_beta":true,"boss_relics":[{"not_picked":["Tiny House","Runic Pyramid"],"picked":"Ectoplasm"}],"items_purged_floors":[],"is_endless":false,"potions_floor_spawned":[4,5,8,16,22,25,28,31],"killed_by":"Collector","ascension_level":20}