{"gold_per_floor":[217,237,207,207,207,245,245,261,261,6,6,6,6,24,24,148,148,166,166,265,289,309,309,309,309,309,309,322,322,322,337,337,337],"floor_reached":33,"playtime":1244,"items_purged":["Injury"],"score":245,"play_id":"9c6cdfca-6e57-437c-9fea-e3d876f5a67a","local_time":"20190206075328","is_ascension_mode":false,"campfire_choices":[{"floor":7,"key":"REST"},{"data":"Echo Form","floor":12,"key":"SMITH"},{"floor":15,"key":"REST"},{"floor":23,"key":"REST"},{"floor":25,"key":"REST"},{"data":"Redo","floor":27,"key":"SMITH"},{"floor":32,"key":"REST"}],"neow_cost":"NONE","seed_source_timestamp":517055822682219,"circlet_count":0,"master_deck":["Strike_B","Strike_B","Strike_B","Strike_B+1","Defend_B","Defend_B","Defend_B","Defend_B","Zap","Dualcast","Static Discharge","Rebound+1","Leap","Barrage","Ball Lightning","Echo Form+1","Melter","Redo+1"],"relics":["Cracked Core","Golden Idol","Shuriken","Whetstone","Philosopher\u0027s Stone"],"potions_floor_usage":[21,22,30,33,33],"damage_taken":[{"damage":0,"enemies":"Small Slimes","floor":1,"turns":3},{"damage":8,"enemies":"2 Louse","floor":2,"turns":3},{"damage":64,"enemies":"Gremlin Nob","floor":6,"turns":6},{"damage":1,"enemies":"Jaw Worm","floor":8,"turns":4},{"damage":7,"enemies":"Large Slime","floor":14,"turns":5},{"damage":46,"enemies":"Hexaghost","floor":16,"turns":5},{"damage":11,"enemies":"3 Byrds","floor":18,"turns":3},{"damage":37,"enemies":"2 Thieves","floor":21,"turns":3},{"damage":31,"enemies":"Centurion and Healer","floor":22,"turns":6},{"damage":3,"enemies":"Sentry and Sphere","floor":28,"turns":4},{"damage":0,"enemies":"Snake Plant","floor":30,"turns":1},{"damage":12,"enemies":"Snecko","floor":31,"turns":5},{"damage":76,"enemies":"Champ","floor":33,"turns":6}],"seed_played":"-4403689099175659126","potions_obtained":[{"floor":2,"key":"SpeedPotion"},{"floor":18,"key":"Fire Potion"},{"floor":21,"key":"Regen Potion"},{"floor":29,"key":"SmokeBomb"},{"floor":29,"key":"Fire Potion"},{"floor":31,"key":"SkillPotion"}],"is_trial":false,"path_per_floor":["M","M","?","?","?","E","R","M","T","$","?","R","$","M","R","B",null,"M","?","?","M","M","R","?","R","T","R","M","?","M","M","R","B"],"character_chosen":"DEFECT","items_purchased":["Ball Lightning","Echo Form"],"campfire_rested":5,"item_purchase_floors":[10,10],"current_hp_per_floor":[75,67,67,67,67,3,25,24,24,24,49,49,49,42,64,18,75,64,64,64,27,11,33,33,55,55,55,52,52,52,40,62,0],"gold":337,"neow_bonus":"HUNDRED_GOLD","is_prod":false,"is_daily":false,"chose_seed":false,"campfire_upgraded":2,"win_rate":0,"timestamp":1549457608,"path_taken":["M","M","?","?","?","E","R","M","T","$","?","R","?","M","R","BOSS","M","?","?","M","M","R","?","R","T","R","M","?","M","M","R","BOSS"],"build_version":"2019-01-23","purchased_purges":1,"victory":false,"max_hp_per_floor":[75,75,75,75,75,75,75,75,75,75,75,75,75,75,75,75,75,75,75,75,75,75,75,75,75,75,75,75,75,75,75,75,75],"card_choices":[{"not_picked":["Compile Driver","Turbo"],"picked":"Static Discharge","floor":1},{"not_picked":["Recycle","Double Energy"],"picked":"Rebound","floor":2},{"not_picked":["Gash","Hello World"],"picked":"Leap","floor":6},{"not_picked":["Hologram","Double Energy"],"picked":"Barrage","floor":8},{"not_picked":["Storm","Ball Lightning"],"picked":"Melter","floor":14},{"not_picked":["Steam","Sweeping Beam","Turbo"],"picked":"SKIP","floor":18},{"not_picked":["Hologram","Streamline"],"picked":"Redo","floor":21},{"not_picked":["Storm","Streamline","Multi-Cast"],"picked":"SKIP","floor":22},{"not_picked":["Go for the Eyes","Sweeping Beam","Force Field"],"picked":"SKIP","floor":28},{"not_picked":["Rebound+1","Hologram","Double Energy"],"picked":"SKIP","floor":31}],"player_experience":176730,"relics_obtained":[{"floor":6,"key":"Shuriken"},{"floor":9,"key":"Whetstone"}],"event_choices":[{"damage_healed":0,"gold_gain":0,"player_choice":"Left Gold","damage_taken":0,"max_hp_gain":0,"max_hp_loss":0,"event_name":"World of Goop","floor":3,"gold_loss":30},{"damage_healed":0,"gold_gain":0,"player_choice":"Take Wound","damage_taken":0,"relics_obtained":["Golden Idol"],"max_hp_gain":0,"max_hp_loss":0,"event_name":"Golden Idol","floor":4,"gold_loss":0,"cards_obtained":["Injury"]},{"damage_healed":0,"gold_gain":0,"player_choice":"Ignored","damage_taken":0,"max_hp_gain":0,"max_hp_loss":0,"event_name":"Golden Wing","floor":5,"gold_loss":0},{"damage_healed":25,"gold_gain":0,"player_choice":"Banana","damage_taken":0,"max_hp_gain":0,"max_hp_loss":0,"event_name":"Big Fish","floor":11,"gold_loss":0},{"damage_healed":0,"gold_gain":0,"player_choice":"Ignored","damage_taken":0,"max_hp_gain":0,"max_hp_loss":0,"event_name":"Cursed Tome","floor":19,"gold_loss":0},{"damage_healed":0,"gold_gain":99,"player_choice":"Stole From Cult","damage_taken":0,"max_hp_gain":0,"max_hp_loss":0,"event_name":"Nest","floor":20,"gold_loss":0},{"damage_healed":0,"gold_gain":0,"player_choice":"Ignored","damage_taken":0,"max_hp_gain":0,"max_hp_loss":0,"event_name":"Ghosts","floor":24,"gold_loss":0},{"damage_healed":0,"gold_gain":0,"player_choice":"Got Potions","damage_taken":0,"max_hp_gain":0,"max_hp_loss":0,"event_name":"Lab","floor":29,"gold_loss":0}],"is_beta":false,"boss_relics":[{"not_picked":["Snecko Eye","Pandora\u0027s Box"],"picked":"Philosopher\u0027s Stone"}],"items_purged_floors":[10],"is_endless":false,"potions_floor_spawned":[2,18,21,30,31],"killed_by":"Champ","ascension_level":0}