{"gold_per_floor":[114,84,99,114,129,159,159,159,184,34,64,164,164,194,194,294,294,309,309],"floor_reached":19,"playtime":847,"items_purged":[],"score":185,"play_id":"cc89e43e-f805-4023-bf1f-7a43491319c8","local_time":"20190203142906","daily_mods":["Allstar","Green Cards","Lethality"],"is_ascension_mode":false,"campfire_choices":[{"data":"Metamorphosis","floor":7,"key":"SMITH"},{"floor":13,"key":"REST"},{"floor":15,"key":"REST"}],"neow_cost":"","seed_source_timestamp":0,"circlet_count":0,"master_deck":["Zap","Dualcast","Metamorphosis+1","Bandage Up","PanicButton","Deep Breath","Enlightenment","All Out Attack","Footwork","Hologram","Bullet Time","Slice","Genetic Algorithm","Catalyst","Echo Form","Steam Power","Burst","Multi-Cast","Chill","Fission","Heatsinks","Finisher"],"special_seed":17930,"relics":["Cracked Core","DataDisk","Omamori","War Paint","Bag of Marbles","Mercury Hourglass","Pandora\u0027s Box"],"potions_floor_usage":[11,14,14,16],"damage_taken":[{"damage":0,"enemies":"2 Louse","floor":1,"turns":3},{"damage":4,"enemies":"Cultist","floor":3,"turns":3},{"damage":14,"enemies":"Jaw Worm","floor":4,"turns":2},{"damage":8,"enemies":"Looter","floor":5,"turns":2},{"damage":16,"enemies":"Lagavulin","floor":6,"turns":5},{"damage":28,"enemies":"3 Sentries","floor":11,"turns":5},{"damage":9,"enemies":"Gremlin Nob","floor":14,"turns":3},{"damage":11,"enemies":"The Guardian","floor":16,"turns":7},{"damage":26,"enemies":"Chosen","floor":18,"turns":5},{"damage":49,"enemies":"3 Byrds","floor":19,"turns":1}],"seed_played":"8747077811986150983","potions_obtained":[{"floor":1,"key":"Poison Potion"},{"floor":2,"key":"Fire Potion"},{"floor":2,"key":"Poison Potion"},{"floor":3,"key":"Explosive Potion"},{"floor":11,"key":"FearPotion"}],"is_trial":false,"path_per_floor":["M","?","M","M","M","E","R","?","T","$","E","?","R","E","R","B",null,"M","M"],"character_chosen":"DEFECT","items_purchased":["War Paint"],"campfire_rested":2,"item_purchase_floors":[10],"current_hp_per_floor":[75,75,71,61,57,45,45,45,45,45,21,21,43,38,60,53,75,49,0],"gold":309,"neow_bonus":"","is_prod":false,"is_daily":true,"chose_seed":false,"campfire_upgraded":1,"win_rate":0,"timestamp":1549222146,"path_taken":["M","?","M","M","?","E","R","?","T","?","E","?","R","E","R","BOSS","M","?"],"build_version":"2019-01-23","purchased_purges":0,"victory":false,"max_hp_per_floor":[75,75,75,75,75,75,75,75,75,75,75,75,75,75,75,75,75,75,75],"card_choices":[{"not_picked":["Coolheaded","Steam"],"picked":"All Out Attack","floor":1},{"not_picked":["Streamline","Slice"],"picked":"Footwork","floor":3},{"not_picked":["Reprogram","Turbo","Finisher"],"picked":"SKIP","floor":4},{"not_picked":["Bane","Turbo"],"picked":"Hologram","floor":5},{"not_picked":["Reinforced Body","Calculated Gamble"],"picked":"Bullet Time","floor":6},{"not_picked":["Prepared","Consume"],"picked":"Genetic Algorithm","floor":11},{"not_picked":["Eviscerate","Force Field"],"picked":"Catalyst","floor":14},{"not_picked":["Rainbow","Burst"],"picked":"Echo Form","floor":16},{"not_picked":["Reflex","Conserve Battery","Quick Slash"],"picked":"SKIP","floor":18}],"player_experience":850086,"relics_obtained":[{"floor":6,"key":"DataDisk"},{"floor":9,"key":"Omamori"},{"floor":11,"key":"Bag of Marbles"},{"floor":14,"key":"Mercury Hourglass"}],"event_choices":[{"damage_healed":0,"gold_gain":0,"player_choice":"Bought 2 Potions","damage_taken":0,"max_hp_gain":0,"max_hp_loss":0,"event_name":"The Woman in Blue","floor":2,"gold_loss":0},{"damage_healed":0,"gold_gain":0,"cards_transformed":["Strike_B"],"player_choice":"Change","damage_taken":0,"max_hp_gain":0,"max_hp_loss":0,"event_name":"Living Wall","floor":8,"gold_loss":0,"cards_obtained":["Slice"]},{"damage_healed":0,"gold_gain":100,"player_choice":"Pray","damage_taken":0,"max_hp_gain":0,"max_hp_loss":0,"event_name":"Golden Shrine","floor":12,"gold_loss":0}],"is_beta":false,"boss_relics":[{"not_picked":["Orrery","Calling Bell"],"picked":"Pandora\u0027s Box"}],"items_purged_floors":[],"is_endless":false,"potions_floor_spawned":[1,3,5,11],"killed_by":"3 Byrds","ascension_level":0}