{"gold_per_floor":[144,144,193,242,16,16,65,65,65,65,65,114,163,163,163,488,488,537,586,635,684,9,9,58,58,58,58,107,156,156,205,205,205],"floor_reached":33,"playtime":2279,"items_purged":["Rupture"],"score":293,"play_id":"72734164-fa97-4b21-8f06-ba4b1e03384d","local_time":"20180923044502","daily_mods":["Specialized","Midas","Night Terrors"],"is_ascension_mode":false,"campfire_choices":[{"floor":6,"key":"REST"},{"floor":8,"key":"REST"},{"floor":15,"key":"REST"},{"floor":23,"key":"REST"},{"floor":25,"key":"REST"},{"floor":27,"key":"REST"},{"floor":32,"key":"REST"}],"neow_cost":"","seed_source_timestamp":789399826140976,"circlet_count":0,"master_deck":["Strike_R","Strike_R","Strike_R","Strike_R","Strike_R","Defend_R","Defend_R","Defend_R","Defend_R","Bash","Fiend Fire","Fiend Fire","Fiend Fire+1","Fiend Fire","Fiend Fire","Perfected Strike","Shrug It Off","Flex","Double Tap","Discovery+1","Shrug It Off","Heavy Blade","Anger","Immolate","Flex+1","Hemokinesis+1","Second Wind+1","Body Slam+1","Disarm"],"special_seed":17797,"relics":["Burning Blood","Golden Idol","Omamori","Fusion Hammer","Toolbox","Pen Nib","Art of War","Pantograph"],"potions_floor_usage":[17,21,22],"damage_taken":[{"damage":6,"enemies":"Jaw Worm","floor":1,"turns":2},{"damage":0,"enemies":"Small Slimes","floor":3,"turns":3},{"damage":1,"enemies":"Cultist","floor":4,"turns":3},{"damage":10,"enemies":"Looter","floor":7,"turns":2},{"damage":8,"enemies":"Lots of Slimes","floor":12,"turns":2},{"damage":30,"enemies":"Gremlin Gang","floor":13,"turns":4},{"damage":19,"enemies":"Slime Boss","floor":16,"turns":10},{"damage":10,"enemies":"Spheric Guardian","floor":18,"turns":3},{"damage":20,"enemies":"2 Thieves","floor":19,"turns":3},{"damage":10,"enemies":"Shelled Parasite and Fungi","floor":20,"turns":3},{"damage":32,"enemies":"3 Cultists","floor":21,"turns":5},{"damage":0,"enemies":"Centurion and Healer","floor":24,"turns":4},{"damage":13,"enemies":"Shelled Parasite and Fungi","floor":28,"turns":4},{"damage":13,"enemies":"Snake Plant","floor":29,"turns":2},{"damage":24,"enemies":"Centurion and Healer","floor":31,"turns":4},{"damage":58,"enemies":"Collector","floor":33,"turns":5}],"seed_played":"-3341318107676815907","potions_obtained":[{"floor":1,"key":"SpeedPotion"},{"floor":7,"key":"EssenceOfSteel"},{"floor":16,"key":"Fruit Juice"},{"floor":18,"key":"GamblersBrew"},{"floor":20,"key":"AttackPotion"},{"floor":28,"key":"Dexterity Potion"}],"is_trial":false,"path_per_floor":["M","?","M","M","$","R","M","R","T","?","$","M","M","?","R","B",null,"M","M","M","M","$","R","M","R","T","R","M","M","?","M","R"],"character_chosen":"IRONCLAD","items_purchased":["Double Tap","Discovery","Toolbox","Fruit Juice","Pen Nib","Art of War"],"campfire_rested":7,"item_purchase_floors":[5,5,22,22,22,22],"current_hp_per_floor":[80,60,66,71,71,75,71,70,70,70,70,68,46,46,65,52,70,66,52,48,34,39,70,70,65,65,60,53,46,46,28,55,0],"gold":205,"neow_bonus":"","is_prod":false,"is_daily":true,"chose_seed":false,"campfire_upgraded":0,"win_rate":0.0,"timestamp":1537692302,"path_taken":["M","?","?","M","$","R","M","R","T","?","$","M","?","?","R","BOSS","M","M","M","M","$","R","M","R","T","R","M","M","?","M","R","BOSS"],"build_version":"2018-09-20","purchased_purges":1,"victory":false,"max_hp_per_floor":[80,80,80,80,80,75,75,70,70,70,70,70,70,70,65,65,70,70,70,70,70,75,70,70,65,65,60,60,60,60,60,55,55],"card_choices":[{"not_picked":["Shrug It Off","Body Slam"],"picked":"Perfected Strike","floor":1},{"not_picked":["Bloodletting","Anger"],"picked":"Shrug It Off","floor":3},{"not_picked":["Twin Strike","Burning Pact"],"picked":"Flex","floor":4},{"not_picked":["Second Wind","Wild Strike"],"picked":"Shrug It Off","floor":7},{"not_picked":["True Grit","Clash"],"picked":"Heavy Blade","floor":12},{"not_picked":["Shockwave","Twin Strike"],"picked":"Anger","floor":13},{"not_picked":["Reaper","Dark Embrace"],"picked":"Immolate","floor":16},{"not_picked":["True Grit","Second Wind"],"picked":"Rupture","floor":18},{"not_picked":["Clash","True Grit+1"],"picked":"Flex+1","floor":19},{"not_picked":["Headbutt","Entrench"],"picked":"Hemokinesis+1","floor":20},{"not_picked":["True Grit","Perfected Strike"],"picked":"Second Wind+1","floor":21},{"not_picked":["Sword Boomerang","Shrug It Off","Body Slam"],"picked":"SKIP","floor":24},{"not_picked":["Second Wind","Warcry","Flex"],"picked":"SKIP","floor":28},{"not_picked":["Bloodletting","Flex"],"picked":"Body Slam+1","floor":29},{"not_picked":["Body Slam+1","Bloodletting"],"picked":"Disarm","floor":31}],"player_experience":8463,"relics_obtained":[{"floor":9,"key":"Omamori"},{"floor":26,"key":"Pantograph"}],"event_choices":[{"event_name":"Golden Idol","player_choice":"Take Damage","floor":2,"damage_taken":0},{"event_name":"Upgrade Shrine","player_choice":"Upgraded","floor":10,"damage_taken":0},{"event_name":"Accursed Blacksmith","player_choice":"Forge","floor":14,"damage_taken":0},{"event_name":"Vampires","player_choice":"Ignored","floor":30,"damage_taken":0}],"is_beta":false,"boss_relics":[{"not_picked":["Runic Dome","Philosopher\u0027s Stone"],"picked":"Fusion Hammer"}],"items_purged_floors":[22],"is_endless":false,"potions_floor_spawned":[1,7,16,18,20,28],"killed_by":"Collector","ascension_level":0}