{"gold_per_floor":[114,176,176,191,18,48,48,78,103,118,118,118,118,148,148,248,248,263,263,268,268,283,313,313,328,403,403,3,33,33,63,63,163,163,178,193,208,178,193,223,238,238],"floor_reached":42,"playtime":3630,"items_purged":["Grand Finale","Shame"],"score":652,"play_id":"350e93e4-64c4-4748-be07-c5110d11e329","local_time":"20181126222853","daily_mods":["Shiny","Diverse","Elite Swarm"],"is_ascension_mode":false,"campfire_choices":[{"floor":7,"key":"REST"},{"floor":13,"key":"REST"},{"data":"1","floor":15,"key":"LIFT"},{"floor":24,"key":"DIG"},{"floor":32,"key":"REST"}],"neow_cost":"","seed_source_timestamp":0,"circlet_count":0,"master_deck":["Multi-Cast","Hyperbeam","Thunder Strike","Biased Cognition","Machine Learning","Electrodynamics","Buffer","Rainbow","Seek","Meteor Strike","Echo Form","All For One","Reboot","Amplify","Creative AI","Fission","Core Surge","Venomology","Corpse Explosion","Malaise","Phantasmal Killer","Die Die Die","Adrenaline","Envenom","Doppelganger","Burst","Tools of the Trade","Unload","After Image+1","Bullet Time","Storm of Steel","Glass Knife","A Thousand Cuts","Double Tap","Demon Form","Bludgeon","Feed","Limit Break","Barricade","Fiend Fire","Dark Embrace+1","Berserk","Impervious+1","Juggernaut","Brutality","Reaper","Exhume","Offering","Immolate","Seeing Red+1","Conserve Battery","Panacea","Tools of the Trade","Double Tap","Malaise","Bludgeon","Pain","Capacitor","Immolate","Fiend Fire","Heavy Blade+1","BootSequence","Buffer","Core Surge","Slice+1","Envenom","Armaments+1","Beam Cell","Wild Strike+1"],"special_seed":17862,"relics":["Cracked Core","Girya","Juzu Bracelet","Bronze Scales","Vajra","Calling Bell","Oddly Smooth Stone","Shuriken","Torii","Red Mask","Shovel","Dream Catcher","Pantograph","Cables","Thread and Needle","Bag of Marbles","Omamori","Cursed Key","Pocketwatch"],"potions_floor_usage":[6,10,14,22,23,29,31,33,33,39,39,40,40,40,40,41,42,42],"damage_taken":[{"damage":11,"enemies":"Jaw Worm","floor":1,"turns":2},{"damage":6,"enemies":"Small Slimes","floor":4,"turns":3},{"damage":13,"enemies":"Gremlin Nob","floor":6,"turns":3},{"damage":20,"enemies":"Lagavulin","floor":8,"turns":8},{"damage":0,"enemies":"Cultist","floor":10,"turns":3},{"damage":6,"enemies":"Gremlin Nob","floor":14,"turns":3},{"damage":20,"enemies":"Hexaghost","floor":16,"turns":8},{"damage":0,"enemies":"3 Byrds","floor":18,"turns":2},{"damage":2,"enemies":"Masked Bandits","floor":20,"turns":1},{"damage":2,"enemies":"Chosen","floor":22,"turns":4},{"damage":9,"enemies":"Gremlin Leader","floor":23,"turns":4},{"damage":6,"enemies":"Shelled Parasite and Fungi","floor":25,"turns":3},{"damage":22,"enemies":"Slavers","floor":29,"turns":4},{"damage":0,"enemies":"Gremlin Leader","floor":31,"turns":5},{"damage":22,"enemies":"Champ","floor":33,"turns":8},{"damage":0,"enemies":"3 Shapes","floor":35,"turns":1},{"damage":0,"enemies":"Orb Walker","floor":36,"turns":2},{"damage":29,"enemies":"Spire Growth","floor":37,"turns":5},{"damage":16,"enemies":"Sphere and 2 Shapes","floor":39,"turns":3},{"damage":0,"enemies":"Reptomancer","floor":40,"turns":4},{"damage":17,"enemies":"Maw","floor":41,"turns":6},{"damage":33,"enemies":"Giant Head","floor":42,"turns":7}],"seed_played":"1382297416292303872","potions_obtained":[{"floor":1,"key":"Explosive Potion"},{"floor":4,"key":"FocusPotion"},{"floor":14,"key":"Swift Potion"},{"floor":22,"key":"LiquidBronze"},{"floor":23,"key":"SkillPotion"},{"floor":33,"key":"Dexterity Potion"},{"floor":38,"key":"EntropicBrew"},{"floor":38,"key":"PowerPotion"},{"floor":39,"key":"Energy Potion"},{"floor":40,"key":"Weak Potion"}],"is_trial":false,"path_per_floor":["M","?","?","M","$","E","R","E","T","M","?","?","R","E","R","B",null,"M","?","?","?","M","E","R","M","T","T","$","E","$","E","R","B",null,"M","M","M","?","M","E","M","E"],"character_chosen":"DEFECT","items_purchased":["Panacea","Thread and Needle"],"campfire_rested":3,"item_purchase_floors":[5,28],"current_hp_per_floor":[64,64,64,58,58,48,71,51,51,51,35,35,58,52,52,78,78,78,78,76,76,77,68,68,62,62,62,62,43,43,43,67,59,81,81,81,52,52,36,36,19,0],"gold":238,"neow_bonus":"","is_prod":false,"is_daily":true,"chose_seed":false,"campfire_upgraded":0,"win_rate":0,"timestamp":1543289333,"path_taken":["M","?","?","?","$","E","R","E","T","M","?","?","R","E","R","BOSS","M","?","?","?","M","E","R","M","T","?","?","E","?","E","R","BOSS","M","M","M","?","M","E","M","E"],"build_version":"2018-11-15","purchased_purges":2,"victory":false,"max_hp_per_floor":[75,75,75,75,75,78,78,78,78,78,78,78,78,78,78,78,78,78,78,78,78,78,78,78,78,78,78,78,81,81,81,81,81,81,81,81,81,81,81,81,81,81],"card_choices":[{"not_picked":["Shrug It Off","Infernal Blade"],"picked":"Seeing Red","floor":1},{"not_picked":["Flame Barrier","Tactician"],"picked":"Conserve Battery","floor":4},{"not_picked":["Juggernaut","Creative AI"],"picked":"Tools of the Trade","floor":6},{"not_picked":["Juggernaut","Envenom"],"picked":"Double Tap","floor":8},{"not_picked":["Dagger Throw","Calculated Gamble","PiercingWail"],"picked":"SKIP","floor":10},{"not_picked":["Limit Break","Exhume"],"picked":"Malaise","floor":14},{"not_picked":["Multi-Cast","Malaise"],"picked":"Bludgeon","floor":16},{"not_picked":["Slice","Rampage"],"picked":"Capacitor","floor":18},{"not_picked":["Warcry","Redo"],"picked":"Heavy Blade+1","floor":20},{"not_picked":["Dagger Throw","Slice"],"picked":"BootSequence","floor":22},{"not_picked":["Doppelganger","Die Die Die","All For One"],"picked":"SKIP","floor":23},{"not_picked":["Steam","Perfected Strike+1","Outmaneuver+1"],"picked":"SKIP","floor":25},{"not_picked":["Fiend Fire","Bludgeon"],"picked":"Buffer","floor":29},{"not_picked":["Brutality","Storm of Steel"],"picked":"Core Surge","floor":31},{"not_picked":["Steam","Redo+1"],"picked":"Slice+1","floor":32},{"not_picked":["Barricade","Fiend Fire"],"picked":"Envenom","floor":33},{"not_picked":["Leap","Terror"],"picked":"Armaments+1","floor":35},{"not_picked":["Prepared","Gash+1","Rebound"],"picked":"SKIP","floor":36},{"not_picked":["Pommel Strike","Clash"],"picked":"Beam Cell","floor":37},{"not_picked":["Pommel Strike","Compile Driver+1"],"picked":"Wild Strike+1","floor":39},{"not_picked":["Night Terror","Unload","Biased Cognition"],"picked":"SKIP","floor":40},{"not_picked":["Dash+1","Leg Sweep","Rebound+1"],"picked":"SKIP","floor":41}],"player_experience":648713,"relics_obtained":[{"floor":6,"key":"Girya"},{"floor":8,"key":"Juzu Bracelet"},{"floor":9,"key":"Bronze Scales"},{"floor":14,"key":"Vajra"},{"floor":17,"key":"Oddly Smooth Stone"},{"floor":17,"key":"Shuriken"},{"floor":17,"key":"Torii"},{"floor":20,"key":"Red Mask"},{"floor":23,"key":"Shovel"},{"floor":24,"key":"Dream Catcher"},{"floor":26,"key":"Pantograph"},{"floor":27,"key":"Cables"},{"floor":29,"key":"Bag of Marbles"},{"floor":31,"key":"Omamori"},{"floor":40,"key":"Pocketwatch"}],"event_choices":[{"damage_healed":0,"gold_gain":62,"player_choice":"Gained Gold","damage_taken":0,"max_hp_gain":0,"max_hp_loss":0,"event_name":"Golden Wing","floor":2,"gold_loss":0},{"damage_healed":0,"gold_gain":0,"player_choice":"Upgraded","damage_taken":0,"max_hp_gain":0,"max_hp_loss":0,"event_name":"Upgrade Shrine","floor":3,"gold_loss":0,"cards_upgraded":["After Image"]},{"damage_healed":0,"gold_gain":0,"player_choice":"Entered Light","damage_taken":16,"max_hp_gain":0,"max_hp_loss":0,"event_name":"Shining Light","floor":11,"gold_loss":0,"cards_upgraded":["Dark Embrace","Impervious"]},{"damage_healed":0,"gold_gain":0,"player_choice":"Grow","damage_taken":0,"max_hp_gain":0,"max_hp_loss":0,"event_name":"Living Wall","floor":12,"gold_loss":0,"cards_upgraded":["Seeing Red"]},{"damage_healed":0,"gold_gain":0,"cards_transformed":["Wraith Form v2","Night Terror"],"player_choice":"Became Test Subject","damage_taken":0,"max_hp_gain":0,"max_hp_loss":0,"event_name":"Drug Dealer","floor":19,"gold_loss":0,"cards_obtained":["Immolate","Fiend Fire"]},{"damage_healed":0,"gold_gain":0,"player_choice":"Fought Bandits","damage_taken":0,"max_hp_gain":0,"max_hp_loss":0,"event_name":"Masked Bandits","floor":20,"gold_loss":0},{"cards_removed":["Normality"],"damage_healed":0,"gold_gain":0,"player_choice":"Elegance","damage_taken":0,"max_hp_gain":0,"max_hp_loss":0,"event_name":"Back to Basics","floor":21,"gold_loss":0},{"damage_healed":0,"gold_gain":0,"player_choice":"Bought 2 Potions","damage_taken":0,"max_hp_gain":0,"max_hp_loss":0,"event_name":"The Woman in Blue","floor":38,"gold_loss":0}],"is_beta":false,"boss_relics":[{"not_picked":["White Beast Statue","Runic Pyramid"],"picked":"Calling Bell"},{"not_picked":["Velvet Choker","Fusion Hammer"],"picked":"Cursed Key"}],"items_purged_floors":[5,28],"is_endless":false,"potions_floor_spawned":[1,4,14,16,22,23,33,39,40],"killed_by":"Giant Head","ascension_level":0}