{"gold_per_floor":[117,133,133,148,45,63,73,73,97,97,272,285,285],"floor_reached":13,"playtime":1003,"items_purged":[],"score":77,"play_id":"f95ce9b6-6ac8-4f4d-9e2b-4286b1d8b186","local_time":"20181224180605","is_ascension_mode":false,"campfire_choices":[{"floor":10,"key":"REST"}],"neow_cost":"NONE","seed_source_timestamp":2275952751425398,"circlet_count":0,"master_deck":["Strike_B","Strike_B","Strike_B","Defend_B","Defend_B","Defend_B","Defend_B","Zap","Dualcast","Capacitor","Loop","Buffer","Reprogram","Steam","Storm","Reboot","Regret","Hello World","Doubt","Doom and Gloom"],"relics":["Cracked Core","NeowsBlessing","Orichalcum","Dream Catcher"],"potions_floor_usage":[],"damage_taken":[{"damage":0,"enemies":"Cultist","floor":1,"turns":1},{"damage":0,"enemies":"Small Slimes","floor":2,"turns":1},{"damage":0,"enemies":"2 Louse","floor":4,"turns":1},{"damage":30,"enemies":"Gremlin Gang","floor":6,"turns":7},{"damage":28,"enemies":"Lots of Slimes","floor":7,"turns":5},{"damage":5,"enemies":"Exordium Wildlife","floor":12,"turns":5},{"damage":39,"enemies":"Gremlin Nob","floor":13,"turns":5}],"seed_played":"-3310475778130386152","potions_obtained":[{"floor":1,"key":"SpeedPotion"},{"floor":6,"key":"LiquidBronze"}],"is_trial":false,"path_per_floor":["M","M","?","M","$","M","M","?","T","R","?","M","E"],"character_chosen":"DEFECT","items_purchased":["Steam","Storm"],"campfire_rested":1,"item_purchase_floors":[5,5],"current_hp_per_floor":[75,75,75,75,75,45,17,17,17,39,39,34,0],"gold":285,"neow_bonus":"THREE_ENEMY_KILL","is_prod":false,"is_daily":false,"chose_seed":false,"campfire_upgraded":0,"win_rate":0.0,"timestamp":1545671165,"path_taken":["M","M","?","?","$","M","M","?","T","R","?","M","E"],"build_version":"2018-12-20","purchased_purges":0,"victory":false,"max_hp_per_floor":[75,75,75,75,75,75,75,75,75,75,75,75,75],"card_choices":[{"not_picked":["Skim","Steam"],"picked":"Capacitor","floor":1},{"not_picked":["Conserve Battery","Gash"],"picked":"Loop","floor":2},{"not_picked":["Darkness","Compile Driver"],"picked":"Reprogram","floor":4},{"not_picked":["Hologram","Stack","Barrage"],"picked":"SKIP","floor":6},{"not_picked":["Redo","Ball Lightning"],"picked":"Reboot","floor":7},{"not_picked":["Beam Cell","Storm"],"picked":"Hello World","floor":10},{"not_picked":["Compile Driver","Gash"],"picked":"Doom and Gloom","floor":12}],"player_experience":19362,"relics_obtained":[{"floor":9,"key":"Dream Catcher"}],"event_choices":[{"damage_healed":0,"gold_gain":0,"cards_transformed":["Strike_B"],"player_choice":"Transformed","damage_taken":0,"max_hp_gain":0,"max_hp_loss":0,"event_name":"Transmorgrifier","floor":3,"gold_loss":0,"cards_obtained":["Buffer"]},{"damage_healed":0,"gold_gain":0,"player_choice":"Box","damage_taken":0,"relics_obtained":["Orichalcum"],"max_hp_gain":0,"max_hp_loss":0,"event_name":"Big Fish","floor":8,"gold_loss":0,"cards_obtained":["Regret"]},{"damage_healed":0,"gold_gain":175,"player_choice":"AGREE","damage_taken":0,"max_hp_gain":0,"max_hp_loss":0,"event_name":"Liars Game","floor":11,"gold_loss":0,"cards_obtained":["Doubt"]}],"is_beta":false,"boss_relics":[],"items_purged_floors":[],"is_endless":false,"potions_floor_spawned":[1,6],"killed_by":"Gremlin Nob","ascension_level":0}