{"gold_per_floor":[112,123,123,74,88,88,117,134,134,159,174,192,205,225,225,327,327,342,38,54,54,67,67,67],"floor_reached":24,"playtime":1350,"items_purged":[],"score":254,"play_id":"74bcef9c-6778-490c-9488-ec54aeebaf57","local_time":"20190126152521","is_ascension_mode":true,"campfire_choices":[{"data":"White Noise","floor":6,"key":"SMITH"},{"data":"Consume","floor":15,"key":"SMITH"},{"floor":23,"key":"REST"}],"neow_cost":"CURSE","seed_source_timestamp":2072597980858357,"circlet_count":0,"master_deck":["Strike_B","Strike_B","Strike_B","Defend_B","Defend_B","Defend_B","Defend_B","Zap","Dualcast","Injury","Thunder Strike","Glacier","White Noise+1","Hologram","Coolheaded","Conserve Battery","Hello World","Sweeping Beam+1","Consume+1","Coolheaded","Loop","Creative AI","Loop+1","Loop+1","Static Discharge"],"relics":["FrozenCore","Molten Egg 2","Pantograph","Meat on the Bone","Calipers"],"potions_floor_usage":[20],"damage_taken":[{"damage":7,"enemies":"Jaw Worm","floor":1,"turns":3},{"damage":2,"enemies":"Cultist","floor":2,"turns":4},{"damage":9,"enemies":"2 Louse","floor":5,"turns":2},{"damage":4,"enemies":"Lagavulin","floor":7,"turns":7},{"damage":1,"enemies":"Blue Slaver","floor":8,"turns":5},{"damage":23,"enemies":"Gremlin Nob","floor":10,"turns":4},{"damage":11,"enemies":"Large Slime","floor":11,"turns":3},{"damage":0,"enemies":"2 Fungi Beasts","floor":12,"turns":4},{"damage":13,"enemies":"Looter","floor":13,"turns":4},{"damage":0,"enemies":"Large Slime","floor":14,"turns":6},{"damage":35,"enemies":"The Guardian","floor":16,"turns":14},{"damage":29,"enemies":"3 Byrds","floor":18,"turns":7},{"damage":11,"enemies":"Shell Parasite","floor":20,"turns":11},{"damage":46,"enemies":"Centurion and Healer","floor":22,"turns":13},{"damage":44,"enemies":"Slavers","floor":24,"turns":2}],"seed_played":"-9055200179017141039","potions_obtained":[{"floor":2,"key":"Swift Potion"},{"floor":5,"key":"Explosive Potion"},{"floor":7,"key":"Weak Potion"},{"floor":10,"key":"Regen Potion"}],"is_trial":false,"path_per_floor":["M","M","?","$","M","R","E","M","T","E","M","M","M","M","R","B",null,"M","$","M","$","M","R","E"],"character_chosen":"DEFECT","items_purchased":["Coolheaded","Calipers"],"campfire_rested":1,"item_purchase_floors":[4,19],"current_hp_per_floor":[68,66,66,66,57,57,53,52,52,29,30,42,41,41,41,43,75,46,46,50,50,16,38,0],"gold":67,"neow_bonus":"THREE_RARE_CARDS","is_prod":false,"is_daily":false,"chose_seed":false,"campfire_upgraded":2,"win_rate":0,"timestamp":1548512721,"path_taken":["M","M","?","$","M","R","E","M","T","E","M","M","M","M","R","BOSS","M","$","M","$","M","R","E"],"build_version":"2019-01-23","purchased_purges":0,"victory":false,"max_hp_per_floor":[75,75,75,75,75,75,75,75,75,75,75,75,75,75,75,75,75,75,75,75,75,75,75,75],"card_choices":[{"not_picked":["Hyperbeam","Fission"],"picked":"Thunder Strike","floor":0},{"not_picked":["Steam Power","Redo"],"picked":"Glacier","floor":1},{"not_picked":["Gash","Leap"],"picked":"White Noise","floor":2},{"not_picked":["Leap","Steam"],"picked":"Conserve Battery","floor":5},{"not_picked":["Glacier","Rebound","Beam Cell"],"picked":"SKIP","floor":7},{"not_picked":["Sweeping Beam+1","Turbo"],"picked":"Hello World","floor":8},{"not_picked":["Cold Snap+1","Streamline+1"],"picked":"Sweeping Beam+1","floor":10},{"not_picked":["Beam Cell+1","Fission","Steam"],"picked":"SKIP","floor":11},{"not_picked":["Scrape+1","BootSequence"],"picked":"Consume","floor":12},{"not_picked":["Leap","Redo"],"picked":"Coolheaded","floor":13},{"not_picked":["Reprogram","Steam"],"picked":"Loop","floor":14},{"not_picked":["Thunder Strike+1","Reboot"],"picked":"Creative AI","floor":16},{"not_picked":["Scrape+1","Conserve Battery"],"picked":"Loop+1","floor":18},{"not_picked":["Stack","White Noise"],"picked":"Loop+1","floor":20},{"not_picked":["Chill","Genetic Algorithm"],"picked":"Static Discharge","floor":22}],"player_experience":249551,"relics_obtained":[{"floor":7,"key":"Molten Egg 2"},{"floor":9,"key":"Pantograph"},{"floor":10,"key":"Meat on the Bone"}],"event_choices":[{"damage_healed":0,"gold_gain":0,"cards_transformed":["Strike_B"],"player_choice":"Transformed","damage_taken":0,"max_hp_gain":0,"max_hp_loss":0,"event_name":"Transmorgrifier","floor":3,"gold_loss":0,"cards_obtained":["Hologram"]}],"is_beta":false,"boss_relics":[{"not_picked":["Astrolabe","Sozu"],"picked":"FrozenCore"}],"items_purged_floors":[],"is_endless":false,"potions_floor_spawned":[2,5,7,10,18],"killed_by":"Slavers","ascension_level":4}