{"gold_per_floor":[109,109,109,34,52,52,25,25,48,48,63,89,89,102,102,204,204,220,220,220,238,238],"floor_reached":22,"playtime":648,"items_purged":["Pain"],"score":218,"play_id":"cd1d878d-8ccf-44c9-a2b7-b88cb0345b02","local_time":"20180914151650","is_ascension_mode":true,"campfire_choices":[{"data":"Zap","floor":6,"key":"SMITH"},{"data":"Consume","floor":8,"key":"SMITH"},{"data":"Go for the Eyes","floor":10,"key":"SMITH"},{"data":"Fission","floor":13,"key":"SMITH"},{"data":"Coolheaded","floor":15,"key":"SMITH"}],"neow_cost":"","seed_source_timestamp":65773599979896,"circlet_count":0,"master_deck":["Strike_B","Strike_B","Strike_B","Strike_B","Defend_B","Defend_B","Defend_B","Defend_B","Zap+1","Dualcast","Consume+1","Go for the Eyes+1","Coolheaded+1","Chill","Fission+1","Beam Cell","Machine Learning","Stack","Creative AI","Static Discharge+1"],"relics":["Cracked Core","Happy Flower","WarpedTongs","Bronze Scales","Pen Nib","Velvet Choker"],"potions_floor_usage":[22,22,22],"damage_taken":[{"damage":1,"enemies":"Cultist","floor":1,"turns":4},{"damage":0,"enemies":"2 Louse","floor":5,"turns":2},{"damage":2,"enemies":"Jaw Worm","floor":11,"turns":2},{"damage":25,"enemies":"Gremlin Nob","floor":12,"turns":4},{"damage":2,"enemies":"2 Fungi Beasts","floor":14,"turns":3},{"damage":11,"enemies":"Hexaghost","floor":16,"turns":9},{"damage":2,"enemies":"Chosen","floor":18,"turns":4},{"damage":19,"enemies":"2 Thieves","floor":21,"turns":5},{"damage":24,"enemies":"Colosseum Slavers","floor":22,"turns":4},{"damage":24,"enemies":"Colosseum Nobs","floor":22,"turns":2}],"seed_played":"-3907194188318550135","potions_obtained":[{"floor":14,"key":"FocusPotion"},{"floor":16,"key":"EssenceOfSteel"},{"floor":18,"key":"EssenceOfSteel"}],"is_trial":false,"path_per_floor":["M","?","?","$","M","R","$","R","T","R","M","E","R","M","R","B",null,"M","?","?","M"],"character_chosen":"DEFECT","items_purchased":["Coolheaded"],"campfire_rested":0,"item_purchase_floors":[7],"current_hp_per_floor":[74,62,62,62,62,62,62,62,62,62,60,35,35,33,33,22,75,73,59,59,40,0],"gold":238,"neow_bonus":"","is_prod":false,"is_daily":false,"chose_seed":false,"campfire_upgraded":5,"win_rate":0,"timestamp":1536905810,"path_taken":["M","?","?","$","M","R","$","R","T","R","M","E","R","M","R","BOSS","M","?","?","M","?"],"build_version":"2018-09-12","purchased_purges":1,"victory":false,"max_hp_per_floor":[75,75,75,75,75,75,75,75,75,75,75,75,75,75,75,75,75,75,80,80,80,80],"card_choices":[{"not_picked":["Coolheaded","BootSequence"],"picked":"Consume","floor":1},{"not_picked":["Beam Cell","Steam Power"],"picked":"Go for the Eyes","floor":5},{"not_picked":["White Noise","Leap"],"picked":"Chill","floor":11},{"not_picked":["Undo","Turbo"],"picked":"Fission","floor":12},{"not_picked":["Melter","Stack"],"picked":"Beam Cell","floor":14},{"not_picked":["Hyperbeam","Reboot"],"picked":"Machine Learning","floor":16},{"not_picked":["Gash","Compile Driver+1"],"picked":"Stack","floor":18},{"not_picked":["Streamline","Redo"],"picked":"Static Discharge+1","floor":21}],"player_experience":422390,"relics_obtained":[{"floor":9,"key":"Bronze Scales"},{"floor":12,"key":"Pen Nib"}],"event_choices":[{"event_name":"Scrap Ooze","player_choice":"success","floor":2,"damage_taken":12},{"event_name":"Accursed Blacksmith","player_choice":"Rummage","floor":3,"damage_taken":0},{"event_name":"Forgotten Altar","player_choice":"Shed Blood","floor":19,"damage_taken":0},{"event_name":"The Library","player_choice":"Read","floor":20,"damage_taken":0},{"event_name":"Colosseum","player_choice":"Fight","floor":22,"damage_taken":0},{"event_name":"Colosseum","player_choice":"Fought Nobs","floor":22,"damage_taken":0}],"is_beta":true,"boss_relics":[{"not_picked":["Runic Dome","Calling Bell"],"picked":"Velvet Choker"}],"items_purged_floors":[4],"is_endless":false,"potions_floor_spawned":[14,16,18],"killed_by":"Colosseum Nobs","ascension_level":4}