{"gold_per_floor":[360,360,360,360,374,401,52,52,52,52,2,15,190,204,204,303,303,322,322,322],"floor_reached":20,"playtime":915,"items_purged":[],"score":170,"play_id":"48cf8ddb-bb72-4a91-86e0-3e1d7cf4cc23","local_time":"20190104160040","is_ascension_mode":false,"campfire_choices":[{"floor":8,"key":"REST"},{"data":"Demon Form","floor":15,"key":"SMITH"}],"neow_cost":"CURSE","seed_source_timestamp":304458985818758,"circlet_count":0,"master_deck":["Strike_R","Strike_R","Strike_R","Strike_R","Defend_R","Defend_R","Defend_R","Defend_R","Bash","Iron Wave","Thunderclap+1","Demon Form+1","Doubt","Cleave+1","Barricade"],"relics":["Burning Blood","Molten Egg 2","Thread and Needle","MealTicket","Juzu Bracelet","Pear","Bag of Marbles","Philosopher\u0027s Stone","Enchiridion"],"potions_floor_usage":[],"damage_taken":[{"damage":5,"enemies":"2 Louse","floor":1,"turns":3},{"damage":12,"enemies":"Jaw Worm","floor":5,"turns":6},{"damage":42,"enemies":"3 Sentries","floor":6,"turns":14},{"damage":0,"enemies":"Small Slimes","floor":12,"turns":2},{"damage":0,"enemies":"3 Louse","floor":14,"turns":4},{"damage":26,"enemies":"Slime Boss","floor":16,"turns":6},{"damage":72,"enemies":"3 Byrds","floor":18,"turns":6},{"damage":15,"enemies":"Masked Bandits","floor":20,"turns":2}],"seed_played":"1862518132768501888","potions_obtained":[{"floor":1,"key":"Swift Potion"},{"floor":14,"key":"Weak Potion"},{"floor":18,"key":"Energy Potion"}],"is_trial":false,"path_per_floor":["M","?","?","?","M","E","$","R","T","?","?","M","?","M","R","B",null,"M","?","?"],"character_chosen":"IRONCLAD","items_purchased":["MealTicket","Juzu Bracelet"],"campfire_rested":1,"item_purchase_floors":[7,7],"current_hp_per_floor":[80,73,73,66,60,24,24,48,58,58,58,64,64,70,70,50,90,24,8,0],"gold":322,"neow_bonus":"TWO_FIFTY_GOLD","is_prod":false,"is_daily":false,"chose_seed":false,"campfire_upgraded":1,"win_rate":0.0,"timestamp":1546614040,"path_taken":["M","?","?","?","M","E","$","R","T","?","?","M","?","M","R","BOSS","M","?","?"],"build_version":"2019-01-03v3","purchased_purges":0,"victory":false,"max_hp_per_floor":[80,80,80,80,80,80,80,80,90,90,90,90,90,90,90,90,90,90,90,90],"card_choices":[{"not_picked":["Pommel Strike","Perfected Strike"],"picked":"Iron Wave","floor":1},{"not_picked":["Flex","Battle Trance","Bloodletting"],"picked":"SKIP","floor":5},{"not_picked":["Inflame","Rampage+1"],"picked":"Thunderclap+1","floor":6},{"not_picked":["Warcry","True Grit"],"picked":"Demon Form","floor":12},{"not_picked":["Sentinel","Twin Strike+1"],"picked":"Cleave+1","floor":14},{"not_picked":["Brutality","Offering"],"picked":"Barricade","floor":16},{"not_picked":["Fire Breathing+1","Dual Wield","Sword Boomerang+1"],"picked":"SKIP","floor":18}],"player_experience":92365,"relics_obtained":[{"floor":6,"key":"Thread and Needle"},{"floor":9,"key":"Pear"},{"floor":19,"key":"Enchiridion"}],"event_choices":[{"cards_removed":["Strike_R"],"damage_healed":0,"gold_gain":0,"player_choice":"Card Removal","damage_taken":7,"max_hp_gain":0,"max_hp_loss":0,"event_name":"Golden Wing","floor":2,"gold_loss":0},{"cards_removed":["Doubt"],"damage_healed":0,"gold_gain":0,"player_choice":"Forget","damage_taken":0,"max_hp_gain":0,"max_hp_loss":0,"event_name":"Living Wall","floor":3,"gold_loss":0},{"damage_healed":0,"gold_gain":0,"player_choice":"Success","damage_taken":7,"relics_obtained":["Molten Egg 2"],"max_hp_gain":0,"max_hp_loss":0,"event_name":"Scrap Ooze","floor":4,"gold_loss":0},{"damage_healed":0,"gold_gain":0,"player_choice":"Box","damage_taken":0,"relics_obtained":["Bag of Marbles"],"max_hp_gain":0,"max_hp_loss":0,"event_name":"Big Fish","floor":10,"gold_loss":0,"cards_obtained":["Regret"]},{"cards_removed":["Regret"],"damage_healed":0,"gold_gain":0,"player_choice":"Card Removal","damage_taken":0,"max_hp_gain":0,"max_hp_loss":0,"event_name":"The Cleric","floor":11,"gold_loss":50},{"damage_healed":0,"gold_gain":175,"player_choice":"AGREE","damage_taken":0,"max_hp_gain":0,"max_hp_loss":0,"event_name":"Liars Game","floor":13,"gold_loss":0,"cards_obtained":["Doubt"]},{"damage_healed":0,"gold_gain":0,"player_choice":"Obtained Book","damage_taken":16,"max_hp_gain":0,"max_hp_loss":0,"event_name":"Cursed Tome","floor":19,"gold_loss":0},{"damage_healed":0,"gold_gain":0,"player_choice":"Fought Bandits","damage_taken":0,"max_hp_gain":0,"max_hp_loss":0,"event_name":"Masked Bandits","floor":20,"gold_loss":0}],"is_beta":false,"boss_relics":[{"not_picked":["Lizard Tail","Black Blood"],"picked":"Philosopher\u0027s Stone"}],"items_purged_floors":[],"is_endless":false,"potions_floor_spawned":[1,14,18],"killed_by":"Masked Bandits","ascension_level":0}