{"gold_per_floor":[114,129,304,319,334,364,364,379,379,45,45,45,60,75,75,175,175,190,205,220,4,4,34,34,7,32,44,56,83,110,137,149,261,273,300,412,439,794,821,833,860,872,909,349,379,394,394,409,409,409],"floor_reached":50,"playtime":5830,"items_purged":["Shame"],"score":648,"play_id":"7119be2a-d161-4ccc-b15b-e88f1b2331cb","local_time":"20181103222257","daily_mods":["Cursed Run","Uncertain Future","Terminal"],"is_ascension_mode":false,"campfire_choices":[{"data":"Crippling Poison","floor":7.0,"key":"SMITH"},{"data":"Metamorphosis","floor":12.0,"key":"SMITH"},{"data":"Neutralize","floor":15.0,"key":"SMITH"},{"data":"Catalyst","floor":24,"key":"SMITH"},{"data":"Neutralize","floor":27,"key":"SMITH"},{"floor":32,"key":"REST"},{"floor":40,"key":"REST"},{"floor":47,"key":"DIG"},{"floor":49,"key":"DIG"}],"neow_cost":"","seed_source_timestamp":0,"circlet_count":0,"master_deck":["Survivor","Neutralize+1","Crippling Poison+1","Doubt","Cloak And Dagger","Cloak And Dagger","Dash","Tools of the Trade","Clumsy","Metamorphosis+1","Neutralize+1","Predator","Dagger Throw","Escape Plan","Doubt","Adrenaline","Catalyst+1","A Thousand Cuts","PiercingWail+1","Backflip","Injury","Terror+1","Parasite","Glass Knife","Calculated Gamble","Sucker Punch","Slice","Underhanded Strike","Deadly Poison","Footwork","Poisoned Stab","Eviscerate","Underhanded Strike","Catalyst","Footwork","Cloak And Dagger+1","Tactician","Writhe","Escape Plan","Master of Strategy","Caltrops","Corpse Explosion","Parasite","Caltrops"],"special_seed":17838,"relics":["Cursed Key","Darkstone Periapt","Du-Vu Doll","Strawberry","Bird Faced Urn","Regal Pillow","Sozu","Tingsha","MawBank","Pandora\u0027s Box","Shovel","Old Coin","Bag of Preparation","Juzu Bracelet","Prayer Wheel","Bronze Scales","Toxic Egg 2"],"potions_floor_usage":[29,35],"damage_taken":[{"damage":0.0,"enemies":"2 Louse","floor":1.0,"turns":3.0},{"damage":0.0,"enemies":"Jaw Worm","floor":2.0,"turns":4.0},{"damage":0.0,"enemies":"Cultist","floor":4.0,"turns":4.0},{"damage":0.0,"enemies":"Red Slaver","floor":5.0,"turns":3.0},{"damage":31.0,"enemies":"Gremlin Nob","floor":6.0,"turns":5.0},{"damage":0.0,"enemies":"Exordium Wildlife","floor":8.0,"turns":4.0},{"damage":1.0,"enemies":"Large Slime","floor":13.0,"turns":4.0},{"damage":0.0,"enemies":"3 Louse","floor":14.0,"turns":3.0},{"damage":7.0,"enemies":"Slime Boss","floor":16.0,"turns":7.0},{"damage":2.0,"enemies":"Shell Parasite","floor":18.0,"turns":3.0},{"damage":9,"enemies":"Spheric Guardian","floor":19,"turns":4},{"damage":1,"enemies":"Snecko","floor":20,"turns":5},{"damage":10,"enemies":"Book of Stabbing","floor":23,"turns":5},{"damage":7,"enemies":"Snake Plant","floor":29,"turns":4},{"damage":21,"enemies":"Sentry and Sphere","floor":30,"turns":4},{"damage":0,"enemies":"Cultist and Chosen","floor":31,"turns":4},{"damage":34,"enemies":"Collector","floor":33,"turns":9},{"damage":0,"enemies":"Orb Walker","floor":35,"turns":3},{"damage":13,"enemies":"Mind Bloom Boss Battle","floor":36,"turns":5},{"damage":11,"enemies":"3 Shapes","floor":37,"turns":3},{"damage":38,"enemies":"2 Orb Walkers","floor":38,"turns":5},{"damage":25,"enemies":"Spire Growth","floor":39,"turns":5},{"damage":9,"enemies":"3 Darklings","floor":41,"turns":4},{"damage":5,"enemies":"Reptomancer","floor":45,"turns":5},{"damage":0,"enemies":"Jaw Worm Horde","floor":46,"turns":3},{"damage":10,"enemies":"Writhing Mass","floor":48,"turns":3},{"damage":80,"enemies":"Awakened One","floor":50,"turns":7}],"seed_played":"-2706670259643309342","potions_obtained":[{"floor":4.0,"key":"Strength Potion"},{"floor":8.0,"key":"Weak Potion"},{"floor":14.0,"key":"Energy Potion"}],"is_trial":false,"path_per_floor":["M","M","?","M","M","E","R","M","T","$","?","R","M","M","R","B",null,"M","M","M","M","$","?","E","R","$","T","R","$","M","M","M","R","B",null,"M","?","M","?","M","R","M","?","T","$","E","M","R","M","R","B"],"character_chosen":"THE_SILENT","items_purchased":["Metamorphosis","Regal Pillow","Catalyst","A Thousand Cuts","Backflip","Escape Plan","Master of Strategy","Caltrops","Juzu Bracelet"],"campfire_rested":2,"item_purchase_floors":[10,10,21,21,25,44,44,44,44],"current_hp_per_floor":[68,67,72,71,70,46,46,46,52,52,52,52,53,53,53,54,77,75,67,68,68,68,62,62,62,68,68,68,61,44,48,68,40,72,71,64,57,25,8,43,36,58,64,64,67,69,69,69,69,0],"gold":409,"neow_bonus":"","is_prod":false,"is_daily":true,"chose_seed":false,"campfire_upgraded":5,"win_rate":0,"timestamp":1541298177,"path_taken":["M","M","?","M","M","E","R","M","T","$","?","R","M","?","R","BOSS","M","M","M","?","?","E","R","$","T","R","?","M","M","M","R","BOSS","M","?","M","?","M","R","M","?","T","$","E","M","R","M","R","BOSS"],"build_version":"2018-11-01","purchased_purges":1,"victory":false,"max_hp_per_floor":[68,67,72,71,70,76,75,74,79,78,77,76,75,74,73,78,77,76,75,74,73,72,71,70,69,74,73,72,71,70,69,68,73,72,71,70,69,68,67,66,65,70,75,74,73,72,71,76,75,75],"card_choices":[{"not_picked":["Bane","Distraction","Eviscerate"],"picked":"SKIP","floor":1.0},{"not_picked":["Poisoned Stab","Quick Slash"],"picked":"Crippling Poison","floor":2.0},{"not_picked":["Reflex","Tactician"],"picked":"Cloak And Dagger","floor":4.0},{"not_picked":["Flying Knee","Dagger Throw"],"picked":"Cloak And Dagger","floor":5.0},{"not_picked":["Distraction","Blade Dance"],"picked":"Dash","floor":6.0},{"not_picked":["Outmaneuver","Deflect"],"picked":"Tools of the Trade","floor":8.0},{"not_picked":["Dodge and Roll","Cloak And Dagger"],"picked":"Escape Plan","floor":13.0},{"not_picked":["Finisher","Acrobatics","Slice"],"picked":"SKIP","floor":14.0},{"not_picked":["Phantasmal Killer","Die Die Die"],"picked":"Adrenaline","floor":16.0},{"not_picked":["Dagger Spray","Accuracy","Skewer+1"],"picked":"SKIP","floor":18},{"not_picked":["Outmaneuver","Flying Knee+1","Prepared"],"picked":"SKIP","floor":19},{"not_picked":["Dodge and Roll","Deadly Poison","Blade Dance"],"picked":"SKIP","floor":20},{"not_picked":["Choke","Riddle With Holes+1"],"picked":"PiercingWail+1","floor":23},{"not_picked":["Dodge and Roll+1","Predator"],"picked":"Terror+1","floor":29},{"not_picked":["Slice","Backstab","Well Laid Plans"],"picked":"SKIP","floor":30},{"not_picked":["Grand Finale","Poisoned Stab+1","All Out Attack"],"picked":"SKIP","floor":31},{"not_picked":["Phantasmal Killer","Adrenaline"],"picked":"Glass Knife","floor":33},{"not_picked":["Prepared+1","Setup"],"picked":"Footwork","floor":35},{"not_picked":["Slice","Flying Knee"],"picked":"Cloak And Dagger+1","floor":36},{"not_picked":["Well Laid Plans","Slice+1"],"picked":"Tactician","floor":37},{"not_picked":["Poisoned Stab","Dagger Spray","Acrobatics+1"],"picked":"SKIP","floor":39},{"not_picked":["Quick Slash+1","Setup","Dagger Spray+1"],"picked":"SKIP","floor":41},{"not_picked":["Poisoned Stab","Deadly Poison"],"picked":"Corpse Explosion","floor":45},{"not_picked":["Cloak And Dagger+1","Dagger Spray","Flying Knee+1"],"picked":"SKIP","floor":46},{"not_picked":["Well Laid Plans","Distraction","Poisoned Stab"],"picked":"SKIP","floor":46},{"not_picked":["Accuracy","Quick Slash"],"picked":"Caltrops","floor":48},{"not_picked":["Outmaneuver+1","Accuracy","Tactician"],"picked":"SKIP","floor":48}],"player_experience":454077,"relics_obtained":[{"floor":6.0,"key":"Strawberry"},{"floor":9.0,"key":"Bird Faced Urn"},{"floor":23,"key":"Tingsha"},{"floor":26,"key":"MawBank"},{"floor":36,"key":"Shovel"},{"floor":38,"key":"Old Coin"},{"floor":43,"key":"Bag of Preparation"},{"floor":45,"key":"Prayer Wheel"},{"floor":47,"key":"Bronze Scales"},{"floor":49,"key":"Toxic Egg 2"}],"event_choices":[{"damage_healed":0.0,"max_hp_gain":0.0,"max_hp_loss":0.0,"gold_gain":175.0,"event_name":"Liars Game","player_choice":"AGREE","floor":3.0,"gold_loss":0.0,"damage_taken":0.0,"cards_obtained":["Doubt"]},{"damage_healed":0.0,"max_hp_gain":0.0,"max_hp_loss":0.0,"gold_gain":0.0,"event_name":"Match and Keep!","player_choice":"3 cards matched","floor":11.0,"gold_loss":0.0,"damage_taken":0.0,"cards_obtained":["Neutralize","Predator","Dagger Throw"]},{"damage_healed":0,"gold_gain":0,"player_choice":"Ignored","damage_taken":0,"max_hp_gain":0,"max_hp_loss":0,"event_name":"Beggar","floor":22,"gold_loss":0},{"damage_healed":0,"gold_gain":0,"player_choice":"Fight","damage_taken":0,"max_hp_gain":0,"max_hp_loss":0,"event_name":"MindBloom","floor":36,"gold_loss":0},{"damage_healed":0,"gold_gain":0,"player_choice":"Fight","damage_taken":0,"max_hp_gain":0,"max_hp_loss":0,"event_name":"Mysterious Sphere","floor":38,"gold_loss":0},{"damage_healed":16,"gold_gain":0,"player_choice":"Writhe","damage_taken":0,"max_hp_gain":0,"max_hp_loss":0,"event_name":"Winding Halls","floor":42,"gold_loss":0,"cards_obtained":["Writhe"]}],"is_beta":false,"boss_relics":[{"not_picked":["Philosopher\u0027s Stone","Lizard Tail"],"picked":"Sozu"},{"not_picked":["White Beast Statue","Velvet Choker"],"picked":"Pandora\u0027s Box"}],"items_purged_floors":[44],"is_endless":false,"potions_floor_spawned":[4,8,14,29,30,31,33,37,38,45,48],"killed_by":"Awakened One","ascension_level":0}