{"gold_per_floor":[116,116,291,306,320,320,330,349,349,151,151,101,101,112,112,217,217,227,239,239,239,252,283,283,17,17,17,44,57,57,70,70,171,171,188,241,252,105,105,105,116,136,161,61,61,61,61,75,75,75],"floor_reached":51,"playtime":3166,"items_purged":["Regret","Pain"],"score":682,"play_id":"76c419f1-fc49-4041-b493-7268c6dd8ed9","local_time":"20180822010053","daily_mods":["Draft","Heirloom"],"is_ascension_mode":false,"campfire_choices":[{"data":"Defragment","floor":6,"key":"SMITH"},{"data":"Defragment","floor":11,"key":"SMITH"},{"data":"Capacitor","floor":13,"key":"SMITH"},{"data":"Hologram","floor":15,"key":"SMITH"},{"data":"Buffer","floor":27,"key":"SMITH"},{"data":"Loop","floor":30,"key":"SMITH"},{"floor":32,"key":"REST"},{"data":"Loop","floor":40,"key":"SMITH"},{"data":"White Noise","floor":45,"key":"SMITH"},{"data":"Go for the Eyes","floor":47,"key":"SMITH"},{"data":"Go for the Eyes","floor":49,"key":"SMITH"}],"neow_cost":"","seed_source_timestamp":9616956183963,"circlet_count":0,"master_deck":["Gash","Hologram+1","White Noise+1","Turbo","Coolheaded","Chaos+1","Coolheaded","Loop+1","Gash","FTL","Defragment+1","Capacitor+1","Hologram","Go for the Eyes+1","White Noise+1","Coolheaded","Gash","Conserve Battery+1","Hologram+1","Defragment+1","Steam+1","Buffer+1","Consume+1","Capacitor+1","Self Repair+1","Machine Learning+1","Multi-Cast+1","Reinforced Body+1","Loop+1","Go for the Eyes+1","Electrodynamics","Steam+1","Compile Driver+1","Steam+1","Double Energy+1","White Noise+1","Echo Form","Conserve Battery+1"],"relics":["Cracked Core","Emotion Chip","Toxic Egg 2","Symbiotic Virus","White Beast Statue","Centennial Puzzle","Runic Capacitor","Bottled Lightning","Blood Vial","Cursed Key","Incense Burner","War Paint","Unceasing Top","Orichalcum"],"potions_floor_usage":[19,23,23,31,33,35,36,39,50,50],"damage_taken":[{"damage":0,"enemies":"Small Slimes","floor":1,"turns":2},{"damage":7,"enemies":"2 Louse","floor":4,"turns":3},{"damage":5,"enemies":"Cultist","floor":5,"turns":3},{"damage":5,"enemies":"3 Louse","floor":7,"turns":2},{"damage":6,"enemies":"Exordium Wildlife","floor":8,"turns":4},{"damage":20,"enemies":"Gremlin Gang","floor":14,"turns":4},{"damage":10,"enemies":"Hexaghost","floor":16,"turns":7},{"damage":0,"enemies":"3 Byrds","floor":18,"turns":7},{"damage":18,"enemies":"2 Thieves","floor":19,"turns":3},{"damage":6,"enemies":"Cultist and Chosen","floor":22,"turns":8},{"damage":18,"enemies":"Book of Stabbing","floor":23,"turns":5},{"damage":16,"enemies":"Snake Plant","floor":29,"turns":6},{"damage":7,"enemies":"Snecko","floor":31,"turns":4},{"damage":18,"enemies":"Collector","floor":33,"turns":8},{"damage":9,"enemies":"3 Shapes","floor":35,"turns":3},{"damage":8,"floor":36,"turns":6},{"damage":1,"enemies":"Orb Walker","floor":37,"turns":6},{"damage":20,"floor":39,"turns":8},{"damage":17,"enemies":"Flame Bruiser 2 Orb","floor":41,"turns":5},{"damage":0,"enemies":"Maw","floor":42,"turns":6},{"damage":17,"enemies":"4 Shapes","floor":48,"turns":2},{"damage":9,"enemies":"Donu and Deca","floor":50,"turns":8}],"seed_played":"-5062353911511814996","potions_obtained":[{"floor":4,"key":"SteroidPotion"},{"floor":8,"key":"Swift Potion"},{"floor":16,"key":"Fire Potion"},{"floor":19,"key":"Swift Potion"},{"floor":23,"key":"FairyPotion"},{"floor":29,"key":"Strength Potion"},{"floor":31,"key":"Strength Potion"},{"floor":33,"key":"Explosive Potion"},{"floor":35,"key":"Strength Potion"},{"floor":36,"key":"SteroidPotion"},{"floor":37,"key":"AttackPotion"},{"floor":39,"key":"Dexterity Potion"},{"floor":41,"key":"AttackPotion"},{"floor":48,"key":"PowerPotion"}],"is_trial":true,"path_per_floor":["M","?","?","M","M","R","M","M","T","$","R","?","R","M","R","B",null,"M","M","?","?","M","E","?","$","T","R","T","M","R","M","R","B",null,"M","?","M","$","?","R","M","M","T","$","R","?","R","M","R","B"],"character_chosen":"DEFECT","items_purchased":["Defragment","Gash","Loop","Runic Capacitor","War Paint"],"campfire_rested":1,"item_purchase_floors":[10,10,25,25,38],"current_hp_per_floor":[75,75,75,68,63,63,58,52,52,52,52,52,52,32,32,29,75,75,57,57,57,51,43,43,43,43,43,43,39,39,44,66,60,75,66,70,75,75,65,65,60,72,72,72,72,72,72,67,67,75],"gold":75,"neow_bonus":"","is_prod":false,"is_daily":false,"chose_seed":false,"campfire_upgraded":10,"win_rate":0,"timestamp":1534867253,"path_taken":["M","?","?","M","M","R","M","M","T","$","R","?","R","M","R","BOSS","M","M","?","?","?","E","?","$","T","R","?","M","R","M","R","BOSS","M","?","?","$","?","R","M","?","T","$","R","?","R","M","R","BOSS"],"build_version":"2018-08-20","purchased_purges":2,"victory":true,"max_hp_per_floor":[75,75,75,75,75,75,75,75,75,75,75,75,75,75,75,75,75,75,75,75,75,75,75,75,75,75,75,75,75,75,75,75,75,75,75,75,75,75,75,75,75,75,75,75,75,75,75,75,75,75],"card_choices":[{"not_picked":["Redo","Conserve Battery"],"picked":"Gash","floor":0},{"not_picked":["Sweeping Beam","Cold Snap"],"picked":"Hologram","floor":0},{"not_picked":["Auto Shields","Static Discharge"],"picked":"White Noise","floor":0},{"not_picked":["Barrage","Redo"],"picked":"Turbo","floor":0},{"not_picked":["Skim","Turbo"],"picked":"Coolheaded","floor":0},{"not_picked":["Streamline","Lockon"],"picked":"Chaos","floor":0},{"not_picked":["Streamline","Turbo"],"picked":"Coolheaded","floor":0},{"not_picked":["Sweeping Beam","Force Field"],"picked":"Loop","floor":0},{"not_picked":["Auto Shields","Conserve Battery"],"picked":"Gash","floor":0},{"not_picked":["Blizzard","Leap"],"picked":"FTL","floor":0},{"not_picked":["Cold Snap","Coolheaded"],"picked":"Defragment","floor":0},{"not_picked":["BootSequence","Cold Snap"],"picked":"Capacitor","floor":0},{"not_picked":["Doom and Gloom","Beam Cell"],"picked":"Hologram","floor":0},{"not_picked":["Leap","Force Field"],"picked":"Go for the Eyes","floor":0},{"not_picked":["Conserve Battery","Lockon"],"picked":"White Noise","floor":0},{"not_picked":["Steam","Compile Driver"],"picked":"Coolheaded","floor":1},{"not_picked":["Streamline","Aggregate+1"],"picked":"Loop","floor":4},{"not_picked":["Static Discharge","Blizzard"],"picked":"Gash","floor":5},{"not_picked":["Steam+1","Storm"],"picked":"Conserve Battery+1","floor":7},{"not_picked":["Streamline","Darkness+1"],"picked":"Hologram+1","floor":8},{"not_picked":["Sunder","Leap+1"],"picked":"Steam+1","floor":14},{"not_picked":["Thunder Strike","Hyperbeam"],"picked":"Buffer","floor":16},{"not_picked":["Rebound","Ball Lightning"],"picked":"Consume+1","floor":18},{"not_picked":["Reinforced Body+1","Auto Shields+1"],"picked":"Capacitor+1","floor":19},{"not_picked":["Compile Driver+1","Leap+1"],"picked":"Self Repair+1","floor":22},{"not_picked":["Leap+1","Darkness+1"],"picked":"Redo+1","floor":23},{"not_picked":["Undo+1","Doom and Gloom","Darkness+1"],"picked":"SKIP","floor":29},{"not_picked":["Glacier+1","Leap+1"],"picked":"Go for the Eyes","floor":31},{"not_picked":["Reboot+1","Buffer"],"picked":"Electrodynamics","floor":33},{"not_picked":["Compile Driver+1","Aggregate+1"],"picked":"Steam+1","floor":35},{"not_picked":["Consume+1","Sweeping Beam+1"],"picked":"Compile Driver+1","floor":36},{"not_picked":["Rip and Tear+1","Streamline"],"picked":"Steam+1","floor":37},{"not_picked":["Rebound+1","Leap+1"],"picked":"Double Energy+1","floor":39},{"not_picked":["Go for the Eyes+1","Stack+1"],"picked":"White Noise+1","floor":41},{"not_picked":["Redo+1","Hologram+1"],"picked":"Echo Form","floor":42},{"not_picked":["Genetic Algorithm+1","Compile Driver"],"picked":"Conserve Battery+1","floor":48}],"player_experience":363001,"relics_obtained":[{"floor":9,"key":"Symbiotic Virus"},{"floor":23,"key":"Centennial Puzzle"},{"floor":26,"key":"Bottled Lightning"},{"floor":28,"key":"Blood Vial"},{"floor":36,"key":"Incense Burner"},{"floor":39,"key":"Unceasing Top"},{"floor":43,"key":"Orichalcum"}],"event_choices":[{"event_name":"Big Fish","player_choice":"Box","floor":2,"damage_taken":0},{"event_name":"Liars Game","player_choice":"agreed","floor":3,"damage_taken":0},{"event_name":"The Cleric","player_choice":"Card Removal","floor":12,"damage_taken":0},{"event_name":"Back to Basics","player_choice":"Simplicity","floor":20,"damage_taken":0},{"event_name":"Purifier","player_choice":"Skipped","floor":21,"damage_taken":0},{"event_name":"Mysterious Sphere","player_choice":"Fight","floor":36,"damage_taken":0},{"event_name":"MindBloom","player_choice":"Fight","floor":39,"damage_taken":0},{"event_name":"SecretPortal","player_choice":"Rejected Portal.","floor":46,"damage_taken":0}],"is_beta":true,"boss_relics":[{"not_picked":["Lizard Tail","Calling Bell"],"picked":"White Beast Statue"},{"not_picked":["Tiny House","Eternal Feather"],"picked":"Cursed Key"}],"items_purged_floors":[10,44],"is_endless":false,"potions_floor_spawned":[4,8,16,18,19,22,23,29,31,33,35,36,37,39,41,42,48],"ascension_level":0}