{"gold_per_floor":[117,134,134,149,166,192,82,82,82,32,50,150,169,204,204,301,301,315,315,144,144,163,163,197,197,276,293,293,319,234,234],"floor_reached":31,"playtime":1633,"items_purged":["Pain","Strike_R"],"score":354,"play_id":"7f2eb2b6-072e-4cd8-82d4-5e09f28c1b10","local_time":"20190124184247","is_ascension_mode":true,"campfire_choices":[{"data":"Demon Form","floor":8,"key":"SMITH"},{"floor":15,"key":"REST"},{"floor":23,"key":"REST"},{"floor":25,"key":"REST"}],"neow_cost":"NONE","seed_source_timestamp":1371173816982065,"circlet_count":0,"master_deck":["Strike_R","Strike_R","Strike_R","Defend_R","Defend_R","Defend_R","Defend_R","Bash","Shrug It Off","Thunderclap","Wild Strike","Uppercut","Demon Form+1","Metallicize","Spot Weakness","Heavy Blade","Immolate","Shockwave+1","Inflame","Writhe","Cleave+1"],"relics":["Burning Blood","WarpedTongs","Bottled Flame","Singing Bowl","Blue Candle","Black Star","Frozen Egg 2","Self Forming Clay","Kunai","Vajra","Ancient Tea Set","Dodecahedron","Ornamental Fan"],"potions_floor_usage":[5,6,14,14,14,14,16,16,18,18,24,24],"damage_taken":[{"damage":0,"enemies":"Small Slimes","floor":1,"turns":3},{"damage":6,"enemies":"Cultist","floor":2,"turns":5},{"damage":6,"enemies":"Jaw Worm","floor":4,"turns":3},{"damage":31,"enemies":"Large Slime","floor":5,"turns":9},{"damage":29,"enemies":"Gremlin Nob","floor":6,"turns":4},{"damage":39,"enemies":"Exordium Thugs","floor":11,"turns":5},{"damage":14,"enemies":"Looter","floor":13,"turns":3},{"damage":1,"enemies":"Lagavulin","floor":14,"turns":6},{"damage":9,"enemies":"The Guardian","floor":16,"turns":7},{"damage":34,"enemies":"Shell Parasite","floor":18,"turns":6},{"damage":33,"enemies":"2 Thieves","floor":22,"turns":4},{"damage":32,"enemies":"Slavers","floor":24,"turns":4},{"damage":9,"enemies":"Cultist and Chosen","floor":27,"turns":5},{"damage":37,"enemies":"Gremlin Leader","floor":29,"turns":5},{"damage":37,"enemies":"Snecko","floor":31,"turns":4}],"seed_played":"-4434826894546805584","potions_obtained":[{"floor":0,"key":"Regen Potion"},{"floor":0,"key":"EntropicBrew"},{"floor":0,"key":"Dexterity Potion"},{"floor":5,"key":"Regen Potion"},{"floor":6,"key":"SpeedPotion"},{"floor":14,"key":"SkillPotion"},{"floor":16,"key":"SpeedPotion"},{"floor":18,"key":"AttackPotion"},{"floor":22,"key":"BloodPotion"}],"is_trial":false,"path_per_floor":["M","M","?","M","M","E","$","R","T","?","M","?","M","E","R","B",null,"M","?","$","?","M","R","E","R","T","M","?","E","?","M"],"character_chosen":"IRONCLAD","items_purchased":["Metallicize","Inflame"],"campfire_rested":3,"item_purchase_floors":[7,20],"current_hp_per_floor":[80,80,80,80,67,56,56,56,56,56,23,23,17,22,46,43,72,44,71,71,55,30,56,40,67,67,66,66,35,35,0],"gold":234,"neow_bonus":"THREE_SMALL_POTIONS","is_prod":false,"is_daily":false,"chose_seed":false,"campfire_upgraded":1,"win_rate":0,"timestamp":1548373367,"path_taken":["M","M","?","?","M","E","$","R","T","?","M","?","M","E","R","BOSS","M","?","$","?","M","R","E","R","T","M","?","E","?","M"],"build_version":"2019-01-23","purchased_purges":2,"victory":false,"max_hp_per_floor":[80,80,80,80,80,80,80,80,80,80,80,80,82,82,82,82,82,82,82,82,87,89,89,91,91,91,93,93,93,93,93],"card_choices":[{"not_picked":["Combust","Dropkick"],"picked":"Shrug It Off","floor":1},{"not_picked":["Combust","Twin Strike"],"picked":"Thunderclap","floor":2},{"not_picked":["Heavy Blade","Body Slam"],"picked":"Wild Strike","floor":4},{"not_picked":["Thunderclap","Blood for Blood"],"picked":"Uppercut","floor":5},{"not_picked":["Clash","Twin Strike"],"picked":"Demon Form","floor":6},{"not_picked":["Iron Wave","Entrench"],"picked":"Spot Weakness","floor":11},{"not_picked":["Searing Blow","Fire Breathing","Feel No Pain"],"picked":"Singing Bowl","floor":13},{"not_picked":["Wild Strike","Headbutt"],"picked":"Heavy Blade","floor":14},{"not_picked":["Exhume","Juggernaut"],"picked":"Immolate","floor":16},{"not_picked":["Iron Wave+1","Cleave"],"picked":"Shockwave+1","floor":18},{"not_picked":["Clash+1","Heavy Blade","Pommel Strike+1"],"picked":"Singing Bowl","floor":22},{"not_picked":["Rage","Corruption","Twin Strike"],"picked":"Singing Bowl","floor":24},{"not_picked":["Shockwave+1","Wild Strike+1","Clothesline"],"picked":"Singing Bowl","floor":27},{"not_picked":["Impervious","Hemokinesis"],"picked":"Cleave+1","floor":29}],"player_experience":286145,"relics_obtained":[{"floor":6,"key":"Bottled Flame"},{"floor":9,"key":"Singing Bowl"},{"floor":14,"key":"Blue Candle"},{"floor":24,"key":"Frozen Egg 2"},{"floor":24,"key":"Self Forming Clay"},{"floor":26,"key":"Kunai"},{"floor":29,"key":"Ancient Tea Set"},{"floor":29,"key":"Dodecahedron"}],"event_choices":[{"damage_healed":0,"gold_gain":0,"player_choice":"Rummage","damage_taken":0,"relics_obtained":["WarpedTongs"],"max_hp_gain":0,"max_hp_loss":0,"event_name":"Accursed Blacksmith","floor":3,"gold_loss":0,"cards_obtained":["Pain"]},{"cards_removed":["Strike_R"],"damage_healed":0,"gold_gain":0,"player_choice":"Card Removal","damage_taken":0,"max_hp_gain":0,"max_hp_loss":0,"event_name":"The Cleric","floor":10,"gold_loss":50},{"damage_healed":0,"gold_gain":100,"player_choice":"Pray","damage_taken":0,"max_hp_gain":0,"max_hp_loss":0,"event_name":"Golden Shrine","floor":12,"gold_loss":0},{"damage_healed":27,"gold_gain":0,"player_choice":"Heal","damage_taken":0,"max_hp_gain":0,"max_hp_loss":0,"event_name":"The Library","floor":19,"gold_loss":0},{"damage_healed":0,"gold_gain":0,"player_choice":"Shed Blood","damage_taken":21,"max_hp_gain":5,"max_hp_loss":0,"event_name":"Forgotten Altar","floor":21,"gold_loss":0},{"damage_healed":0,"gold_gain":0,"player_choice":"Opened","damage_taken":0,"relics_obtained":["Vajra"],"max_hp_gain":0,"max_hp_loss":0,"event_name":"The Mausoleum","floor":28,"gold_loss":0,"cards_obtained":["Writhe"]},{"damage_healed":0,"gold_gain":0,"player_choice":"Obtained Relic","damage_taken":0,"relics_obtained":["Ornamental Fan"],"max_hp_gain":0,"max_hp_loss":0,"event_name":"Addict","floor":30,"gold_loss":85}],"is_beta":false,"boss_relics":[{"not_picked":["White Beast Statue","Coffee Dripper"],"picked":"Black Star"}],"items_purged_floors":[7,20],"is_endless":false,"potions_floor_spawned":[1,5,6,14,16,18,22],"killed_by":"Snecko","ascension_level":5}