{"gold_per_floor":[18,18,30,48,59,59,91,91,91,91,103,129,129,146,146,220,220,230,230,230,330,380,380,415,415,441,441,455,53,69,103,103,179,179,189,1,20,31,31,31,66,66,90,90,109,0,100,100,100,100,100],"floor_reached":52,"playtime":4265,"items_purged":["Shame"],"score":1852,"play_id":"2c2e6ea0-0114-4e7e-9b23-3409a03c38ea","local_time":"20190123022702","is_ascension_mode":true,"campfire_choices":[{"data":"Glass Knife","floor":6.0,"key":"SMITH"},{"data":"Neutralize","floor":8.0,"key":"SMITH"},{"floor":10.0,"key":"REST"},{"data":"Reflex","floor":15.0,"key":"SMITH"},{"floor":23.0,"key":"REST"},{"floor":25.0,"key":"REST"},{"data":"Skewer","floor":27.0,"key":"SMITH"},{"floor":32.0,"key":"REST"},{"data":"Dark Shackles","floor":40.0,"key":"SMITH"},{"floor":42.0,"key":"REST"},{"data":"Well Laid Plans","floor":44.0,"key":"SMITH"},{"data":"Noxious Fumes","floor":49.0,"key":"SMITH"}],"neow_cost":"NO_GOLD","seed_source_timestamp":26103245715900,"circlet_count":0,"master_deck":["AscendersBane","Defend_G+1","Defend_G+1","Defend_G+1","Defend_G+1","Strike_G+1","Strike_G+1","Strike_G+1","Strike_G+1","Survivor","Neutralize+1","Glass Knife+1","Prepared","Reflex+1","Cloak And Dagger","Deadly Poison","Bouncing Flask","Backstab","Die Die Die","Skewer+1","Crippling Poison","Backstab","Footwork","Predator","Venomology","Tools of the Trade","Noxious Fumes+1","Footwork","Well Laid Plans+1","Dark Shackles+1","Chrysalis","Dark Shackles+1"],"special_seed":0,"relics":["Ring of the Serpent","FaceOfCleric","Singing Bowl","Mercury Hourglass","Pantograph","The Courier","Velvet Choker","Juzu Bracelet","Du-Vu Doll","Bird Faced Urn","Ancient Tea Set","Dead Branch","Regal Pillow","Frozen Egg 2","Oddly Smooth Stone","Red Mask","FossilizedHelix"],"potions_floor_usage":[50,50],"damage_taken":[{"damage":0.0,"enemies":"2 Louse","floor":1.0,"turns":3.0},{"damage":0.0,"enemies":"Cultist","floor":3.0,"turns":3.0},{"damage":0.0,"enemies":"Small Slimes","floor":4.0,"turns":3.0},{"damage":4.0,"enemies":"Blue Slaver","floor":5.0,"turns":4.0},{"damage":13.0,"enemies":"3 Sentries","floor":7.0,"turns":8.0},{"damage":6.0,"enemies":"3 Louse","floor":11.0,"turns":4.0},{"damage":24.0,"enemies":"Gremlin Nob","floor":12.0,"turns":4.0},{"damage":0.0,"enemies":"Exordium Thugs","floor":14.0,"turns":4.0},{"damage":65.0,"enemies":"Slime Boss","floor":16.0,"turns":11.0},{"damage":6.0,"enemies":"2 Thieves","floor":18.0,"turns":3.0},{"damage":14.0,"enemies":"Colosseum Slavers","floor":21.0,"turns":3.0},{"damage":19.0,"enemies":"Colosseum Nobs","floor":21.0,"turns":3.0},{"damage":31.0,"enemies":"Gremlin Leader","floor":24.0,"turns":5.0},{"damage":0.0,"enemies":"Chosen","floor":28.0,"turns":3.0},{"damage":0.0,"enemies":"3 Cultists","floor":30.0,"turns":2.0},{"damage":15.0,"enemies":"Slavers","floor":31.0,"turns":2.0},{"damage":43.0,"enemies":"Collector","floor":33.0,"turns":7.0},{"damage":1.0,"enemies":"3 Shapes","floor":35.0,"turns":4.0},{"damage":14.0,"enemies":"Orb Walker","floor":37.0,"turns":3.0},{"damage":18.0,"enemies":"Transient","floor":38.0,"turns":6.0},{"damage":38.0,"enemies":"Reptomancer","floor":41.0,"turns":6.0},{"damage":34.0,"enemies":"Spire Growth","floor":45.0,"turns":5.0},{"damage":0.0,"enemies":"Mind Bloom Boss Battle","floor":47.0,"turns":5.0},{"damage":89,"enemies":"Awakened One","floor":50,"turns":14},{"damage":47,"enemies":"Donu and Deca","floor":51,"turns":8}],"seed_played":"5292755664497905307","potions_obtained":[{"floor":1.0,"key":"EntropicBrew"},{"floor":5.0,"key":"PowerPotion"},{"floor":12.0,"key":"Energy Potion"},{"floor":14.0,"key":"SteroidPotion"},{"floor":16.0,"key":"SmokeBomb"},{"floor":24.0,"key":"Strength Potion"},{"floor":31.0,"key":"Regen Potion"},{"floor":35.0,"key":"Strength Potion"},{"floor":37.0,"key":"Fire Potion"},{"floor":47.0,"key":"Dexterity Potion"}],"is_trial":false,"path_per_floor":["M","?","M","M","M","R","E","R","T","R","M","E","?","M","R","B",null,"M","?","?","?","?","R","E","R","T","R","M","$","M","E","R","B",null,"M","$","M","M","?","R","E","R","T","R","M","?","?","?","R","B","B",null],"character_chosen":"THE_SILENT","items_purchased":["Dead Branch","Footwork","Tools of the Trade","Noxious Fumes","Footwork"],"campfire_rested":5,"item_purchase_floors":[29,29,36,36,36],"current_hp_per_floor":[59,59,60,61,58,58,46,46,46,67,62,53,42,43,43,4,57,52,52,52,23,23,46,16,40,40,40,41,41,44,30,70,43,75,79,79,74,69,59,59,32,75,75,75,52,52,84,84,84,20,13],"gold":100,"neow_bonus":"TRANSFORM_TWO_CARDS","is_prod":false,"is_daily":false,"chose_seed":false,"campfire_upgraded":7,"win_rate":0,"timestamp":1548228422,"path_taken":["M","?","M","?","?","R","E","R","T","R","M","E","?","M","R","BOSS","M","?","?","?","?","R","E","R","T","R","M","$","M","E","R","BOSS","M","$","M","M","?","R","E","R","T","R","M","?","?","?","R","BOSS","BOSS"],"build_version":"2019-01-17v2","purchased_purges":1,"victory":true,"max_hp_per_floor":[66,66,67,68,69,69,70,70,70,70,71,72,72,73,73,74,74,75,75,75,79,79,79,80,80,80,80,81,81,84,85,85,86,86,89,89,90,93,93,93,96,96,96,96,99,99,102,102,102,103,104],"card_choices":[{"not_picked":["Escape Plan","Leg Sweep"],"picked":"Reflex","floor":1.0},{"not_picked":["Deadly Poison","Blade Dance","Expertise"],"picked":"SKIP","floor":3.0},{"not_picked":["All Out Attack","Prepared","Tactician"],"picked":"SKIP","floor":4.0},{"not_picked":["All Out Attack","Prepared","Tactician"],"picked":"SKIP","floor":4.0},{"not_picked":["Flying Knee","Dodge and Roll","Tactician"],"picked":"SKIP","floor":5.0},{"not_picked":["Flying Knee","Acrobatics"],"picked":"Cloak And Dagger","floor":7.0},{"not_picked":["Slice","Quick Slash"],"picked":"Deadly Poison","floor":11.0},{"not_picked":["Night Terror","Quick Slash"],"picked":"Bouncing Flask","floor":12.0},{"not_picked":["Blade Dance","Bane"],"picked":"Backstab","floor":14.0},{"not_picked":["Storm of Steel","Doppelganger"],"picked":"Die Die Die","floor":16.0},{"not_picked":["Outmaneuver","Underhanded Strike"],"picked":"Skewer","floor":18.0},{"not_picked":["Concentrate","Prepared","Deflect"],"picked":"Singing Bowl","floor":21.0},{"not_picked":["Prepared","Concentrate"],"picked":"Crippling Poison","floor":24.0},{"not_picked":["Endless Agony","Underhanded Strike+1"],"picked":"Backstab","floor":28.0},{"not_picked":["Finisher","Blur+1","Tactician+1"],"picked":"Singing Bowl","floor":30.0},{"not_picked":["Prepared","Riddle With Holes"],"picked":"Predator","floor":31.0},{"not_picked":["Unload","Night Terror"],"picked":"Venomology","floor":33.0},{"not_picked":["Deflect+1","Slice+1","Dodge and Roll"],"picked":"Singing Bowl","floor":35.0},{"not_picked":["Outmaneuver+1","Endless Agony"],"picked":"Well Laid Plans","floor":37.0},{"not_picked":["Deadly Poison+1","Quick Slash","Blur"],"picked":"Singing Bowl","floor":38.0},{"not_picked":["Apotheosis","Madness"],"picked":"Dark Shackles","floor":39.0},{"not_picked":["Panacea","Trip"],"picked":"Chrysalis","floor":39.0},{"not_picked":["Prepared+1","Acrobatics","Flying Knee"],"picked":"Singing Bowl","floor":41.0},{"not_picked":["Underhanded Strike","Quick Slash","Expertise"],"picked":"Singing Bowl","floor":45.0},{"not_picked":["Dodge and Roll","Prepared","Slice"],"picked":"Singing Bowl","floor":47.0}],"player_experience":514160,"relics_obtained":[{"floor":7.0,"key":"Singing Bowl"},{"floor":9.0,"key":"Mercury Hourglass"},{"floor":12.0,"key":"Pantograph"},{"floor":21.0,"key":"Du-Vu Doll"},{"floor":24.0,"key":"Bird Faced Urn"},{"floor":26.0,"key":"Ancient Tea Set"},{"floor":31.0,"key":"Regal Pillow"},{"floor":41.0,"key":"Frozen Egg 2"},{"floor":43.0,"key":"Oddly Smooth Stone"},{"floor":47.0,"key":"FossilizedHelix"}],"event_choices":[{"damage_healed":0.0,"max_hp_gain":0.0,"max_hp_loss":0.0,"gold_gain":0.0,"event_name":"FaceTrader","player_choice":"Trade","floor":2.0,"gold_loss":0.0,"damage_taken":0.0,"relics_obtained":["FaceOfCleric"]},{"damage_healed":0.0,"max_hp_gain":0.0,"max_hp_loss":0.0,"gold_gain":0.0,"event_name":"Scrap Ooze","player_choice":"Success","floor":13.0,"gold_loss":0.0,"damage_taken":11.0,"relics_obtained":["The Courier"]},{"damage_healed":0.0,"max_hp_gain":0.0,"max_hp_loss":0.0,"gold_gain":0.0,"event_name":"Addict","player_choice":"Stole Relic","floor":19.0,"gold_loss":0.0,"damage_taken":0.0,"relics_obtained":["Juzu Bracelet"],"cards_obtained":["Shame"]},{"damage_healed":0.0,"max_hp_gain":0.0,"max_hp_loss":0.0,"gold_gain":0.0,"event_name":"Back to Basics","player_choice":"Simplicity","floor":20.0,"gold_loss":0.0,"damage_taken":0.0,"cards_upgraded":["Defend_G","Defend_G","Defend_G","Defend_G","Strike_G","Strike_G","Strike_G","Strike_G"]},{"damage_healed":0.0,"max_hp_gain":0.0,"max_hp_loss":0.0,"gold_gain":0.0,"event_name":"Colosseum","player_choice":"Fight","floor":21.0,"gold_loss":0.0,"damage_taken":0.0},{"damage_healed":0.0,"max_hp_gain":0.0,"max_hp_loss":0.0,"gold_gain":0.0,"event_name":"Colosseum","player_choice":"Fought Nobs","floor":21.0,"gold_loss":0.0,"damage_taken":0.0},{"damage_healed":0.0,"max_hp_gain":0.0,"max_hp_loss":0.0,"gold_gain":50.0,"event_name":"Nest","player_choice":"Stole From Cult","floor":22.0,"gold_loss":0.0,"damage_taken":0.0},{"damage_healed":0.0,"max_hp_gain":0.0,"max_hp_loss":0.0,"gold_gain":0.0,"event_name":"SensoryStone","player_choice":"Memory 3","floor":39.0,"gold_loss":0.0,"damage_taken":10.0},{"damage_healed":0.0,"max_hp_gain":0.0,"max_hp_loss":0.0,"gold_gain":0.0,"event_name":"Tomb of Lord Red Mask","player_choice":"Paid","floor":46.0,"gold_loss":109.0,"damage_taken":0.0,"relics_obtained":["Red Mask"]},{"damage_healed":0.0,"max_hp_gain":0.0,"max_hp_loss":0.0,"gold_gain":0.0,"event_name":"MindBloom","player_choice":"Fight","floor":47.0,"gold_loss":0.0,"damage_taken":0.0},{"damage_healed":0.0,"max_hp_gain":0.0,"max_hp_loss":0.0,"gold_gain":0.0,"event_name":"Duplicator","player_choice":"Copied","floor":48.0,"gold_loss":0.0,"damage_taken":0.0,"cards_obtained":["Dark Shackles"]}],"is_beta":false,"boss_relics":[{"not_picked":["Fusion Hammer","Tiny House"],"picked":"Velvet Choker"},{"not_picked":["Busted Crown","Eternal Feather"],"picked":"Ring of the Serpent"}],"items_purged_floors":[29],"is_endless":false,"potions_floor_spawned":[1,5,12,14,16,24,30,31,35,37,47],"ascension_level":20}