{"gold_per_floor":[144,159,174,189,189,189,204,204,254,269,269,69,84,84,84,184,184,199,214,229,244,259,286,313,340,352,364,26,41,41,56,56,156,206,221,236,251,266,266,281,331,346,346,361,376,376,426,441,441,441],"floor_reached":51,"playtime":9005,"items_purged":[],"score":732,"play_id":"35aabd36-7dde-4e05-9f9b-f8b93f947982","local_time":"20180929145239","daily_mods":["Shiny","Vintage","Careless"],"is_ascension_mode":false,"campfire_choices":[{"data":"Limit Break","floor":6.0,"key":"SMITH"},{"data":"Feed","floor":8.0,"key":"SMITH"},{"floor":15.0,"key":"REST"},{"data":"Exhume","floor":27.0,"key":"SMITH"},{"data":"Brutality","floor":32.0,"key":"SMITH"},{"data":"Dark Embrace","floor":49,"key":"SMITH"}],"neow_cost":"","seed_source_timestamp":0,"circlet_count":0,"master_deck":["Double Tap+1","Demon Form","Bludgeon+1","Feed+1","Limit Break+1","Barricade","Fiend Fire","Dark Embrace+1","Berserk","Impervious+1","Juggernaut","Brutality+1","Exhume+1","Offering+1","Immolate+1","Impervious","Bludgeon+1","Rage+1"],"special_seed":17803,"relics":["Burning Blood","Tiny Chest","Incense Burner","Kunai","Centennial Puzzle","Mango","Whetstone","Oddly Smooth Stone","Sling","Paper Frog","Bag of Preparation","Pantograph","Busted Crown","Boot","Meat on the Bone","Red Skull","Mummified Hand","MawBank","Anchor","Matryoshka","Bronze Scales","Vajra","Singing Bowl","DollysMirror","PreservedInsect","Pocketwatch","War Paint","Question Card","Tiny House","Bag of Marbles","Omamori","Juzu Bracelet","FossilizedHelix","Ice Cream","Smiling Mask","Lantern","Nunchaku","Bottled Tornado","Pen Nib","Pear","StoneCalendar","The Courier"],"potions_floor_usage":[],"damage_taken":[{"damage":0.0,"enemies":"Small Slimes","floor":1.0,"turns":1.0},{"damage":8.0,"enemies":"Cultist","floor":2.0,"turns":3.0},{"damage":21.0,"enemies":"Jaw Worm","floor":3.0,"turns":4.0},{"damage":8.0,"enemies":"2 Fungi Beasts","floor":4.0,"turns":3.0},{"damage":3.0,"enemies":"Large Slime","floor":7.0,"turns":6.0},{"damage":10.0,"enemies":"Exordium Thugs","floor":10.0,"turns":2.0},{"damage":10.0,"enemies":"Lots of Slimes","floor":13.0,"turns":2.0},{"damage":74.0,"enemies":"Hexaghost","floor":16.0,"turns":5.0},{"damage":3.0,"enemies":"Spheric Guardian","floor":18.0,"turns":3.0},{"damage":11.0,"enemies":"3 Byrds","floor":19.0,"turns":2.0},{"damage":10.0,"enemies":"Cultist and Chosen","floor":20.0,"turns":2.0},{"damage":2.0,"enemies":"Snake Plant","floor":21.0,"turns":3.0},{"damage":25.0,"enemies":"Centurion and Healer","floor":22.0,"turns":5.0},{"damage":22.0,"enemies":"Snecko","floor":23.0,"turns":3.0},{"damage":5.0,"enemies":"Cultist and Chosen","floor":24.0,"turns":3.0},{"damage":6.0,"enemies":"Shelled Parasite and Fungi","floor":25.0,"turns":2.0},{"damage":1.0,"enemies":"Chosen and Byrds","floor":29.0,"turns":4.0},{"damage":0.0,"enemies":"Snecko","floor":31.0,"turns":1.0},{"damage":22.0,"enemies":"Champ","floor":33.0,"turns":5.0},{"damage":1,"enemies":"Orb Walker","floor":35,"turns":2},{"damage":6,"enemies":"3 Darklings","floor":36,"turns":1},{"damage":3,"enemies":"Spire Growth","floor":37,"turns":2},{"damage":13,"enemies":"4 Shapes","floor":38,"turns":3},{"damage":1,"enemies":"Reptomancer","floor":40,"turns":3},{"damage":8,"enemies":"Maw","floor":42,"turns":4},{"damage":3,"enemies":"Transient","floor":44,"turns":5},{"damage":0,"enemies":"Spire Growth","floor":45,"turns":2},{"damage":1,"enemies":"Mysterious Sphere","floor":47,"turns":3},{"damage":6,"enemies":"Sphere and 2 Shapes","floor":48,"turns":2},{"damage":27,"enemies":"Awakened One","floor":50,"turns":7}],"seed_played":"5914657231768522492","potions_obtained":[{"floor":2.0,"key":"Fire Potion"},{"floor":4.0,"key":"SneckoOil"},{"floor":10.0,"key":"Strength Potion"},{"floor":16.0,"key":"SteroidPotion"},{"floor":19.0,"key":"Explosive Potion"},{"floor":21.0,"key":"SpeedPotion"},{"floor":23.0,"key":"Strength Potion"},{"floor":25.0,"key":"Dexterity Potion"},{"floor":33.0,"key":"LiquidBronze"},{"floor":34,"key":"Strength Potion"},{"floor":37,"key":"SteroidPotion"},{"floor":40,"key":"Strength Potion"},{"floor":48,"key":"PowerPotion"}],"is_trial":false,"path_per_floor":["M","M","M","M","?","R","M","R","T","M","?","$","M","?","R","B",null,"M","M","M","M","M","M","M","M","T","R","$","M","?","M","R","B",null,"M","M","M","M","$","M","T","M","T","M","M","?","?","M","R","B"],"character_chosen":"IRONCLAD","items_purchased":["Sling","DollysMirror","PreservedInsect"],"campfire_rested":1,"item_purchase_floors":[12,28,28],"current_hp_per_floor":[80,78,63,61,61,61,86,86,86,82,82,82,86,74,102,34,102,102,99,99,107,97,86,87,91,91,91,91,96,96,102,102,104,125,129,129,129,130,130,135,135,137,137,140,151,143,145,149,149,128],"gold":441,"neow_bonus":"","is_prod":false,"is_daily":true,"chose_seed":false,"campfire_upgraded":5,"win_rate":0.0,"timestamp":1538247159,"path_taken":["M","M","M","M","?","R","M","R","T","M","?","$","M","?","R","BOSS","M","M","M","M","M","M","M","M","T","R","$","M","?","M","R","BOSS","M","M","M","M","$","M","?","M","T","M","M","?","?","M","R","BOSS"],"build_version":"2018-09-27","purchased_purges":0,"victory":true,"max_hp_per_floor":[80,80,80,80,80,80,94,94,94,94,94,94,102,102,102,102,102,102,102,106,110,114,114,114,118,118,118,118,118,118,118,118,120,125,129,129,129,137,137,137,137,141,141,141,151,143,145,149,149,149],"card_choices":[{"not_picked":["Feed","Dark Embrace"],"picked":"Impervious","floor":16.0},{"not_picked":["Brutality"],"picked":"Singing Bowl","floor":33.0},{"not_picked":["Anger"],"picked":"Rage+1","floor":34},{"not_picked":["Clothesline","True Grit"],"picked":"Singing Bowl","floor":47}],"player_experience":108614,"relics_obtained":[{"floor":1.0,"key":"Tiny Chest"},{"floor":2.0,"key":"Incense Burner"},{"floor":3.0,"key":"Kunai"},{"floor":4.0,"key":"Centennial Puzzle"},{"floor":7.0,"key":"Mango"},{"floor":9.0,"key":"Whetstone"},{"floor":10.0,"key":"Oddly Smooth Stone"},{"floor":13.0,"key":"Paper Frog"},{"floor":16.0,"key":"Pantograph"},{"floor":18.0,"key":"Boot"},{"floor":19.0,"key":"Meat on the Bone"},{"floor":20.0,"key":"Red Skull"},{"floor":21.0,"key":"Mummified Hand"},{"floor":22.0,"key":"MawBank"},{"floor":23.0,"key":"Anchor"},{"floor":24.0,"key":"Matryoshka"},{"floor":25.0,"key":"Bronze Scales"},{"floor":26.0,"key":"Vajra"},{"floor":26.0,"key":"Singing Bowl"},{"floor":29.0,"key":"Pocketwatch"},{"floor":31.0,"key":"War Paint"},{"floor":33.0,"key":"Question Card"},{"floor":35,"key":"Bag of Marbles"},{"floor":36,"key":"Omamori"},{"floor":37,"key":"Juzu Bracelet"},{"floor":38,"key":"FossilizedHelix"},{"floor":40,"key":"Ice Cream"},{"floor":41,"key":"Smiling Mask"},{"floor":41,"key":"Lantern"},{"floor":42,"key":"Nunchaku"},{"floor":43,"key":"Bottled Tornado"},{"floor":44,"key":"Pen Nib"},{"floor":45,"key":"Pear"},{"floor":47,"key":"StoneCalendar"},{"floor":48,"key":"The Courier"}],"event_choices":[{"event_name":"Upgrade Shrine","player_choice":"Upgraded","floor":5.0,"damage_taken":0.0},{"event_name":"Liars Game","player_choice":"disagreed","floor":11.0,"damage_taken":0.0},{"event_name":"Scrap Ooze","player_choice":"success","floor":14.0,"damage_taken":12.0},{"event_name":"Back to Basics","player_choice":"Elegance","floor":30.0,"damage_taken":0.0},{"event_name":"Winding Halls","player_choice":"Max HP","floor":46,"damage_taken":0},{"event_name":"Mysterious Sphere","player_choice":"Fight","floor":47,"damage_taken":0}],"is_beta":false,"boss_relics":[{"not_picked":["Calling Bell","Fusion Hammer"],"picked":"Busted Crown"},{"not_picked":["Black Star","Snecko Eye"],"picked":"Tiny House"}],"items_purged_floors":[],"is_endless":false,"potions_floor_spawned":[2,4,10,16,19,21,23,25,33,37,40,44,47,48],"ascension_level":0}