{"gold_per_floor":[125,87,118,145,157,202,214,226,286,323,353,380,392,419,431,443],"floor_reached":16,"playtime":897,"items_purged":[],"score":118,"play_id":"4e6422bb-d428-48c6-92dc-90a4dc6213cf","local_time":"20181116195439","is_ascension_mode":true,"campfire_choices":[{"data":"Gash","floor":8,"key":"SMITH"},{"floor":15,"key":"REST"}],"neow_cost":"NONE","seed_source_timestamp":186107488895445,"circlet_count":0,"master_deck":["Strike_B","Strike_B+1","Strike_B","Defend_B","Defend_B","Defend_B","Defend_B","Zap","Dualcast","FTL+1","Auto Shields","Gash+1","Stack","Streamline","Steam Power","Hologram"],"relics":["Cracked Core","MawBank","Bag of Marbles","Cables","Vajra","Whetstone"],"potions_floor_usage":[12,12,16,16],"damage_taken":[{"damage":0,"enemies":"Small Slimes","floor":1,"turns":3},{"damage":6,"enemies":"Cultist","floor":3,"turns":3},{"damage":0,"enemies":"2 Louse","floor":4,"turns":2},{"damage":37,"enemies":"Lagavulin","floor":6,"turns":7},{"damage":9,"enemies":"3 Sentries","floor":10,"turns":6},{"damage":1,"enemies":"2 Fungi Beasts","floor":11,"turns":2},{"damage":0,"enemies":"Exordium Thugs","floor":12,"turns":1},{"damage":0,"enemies":"Looter","floor":14,"turns":2},{"damage":29,"enemies":"Slime Boss","floor":16,"turns":10}],"seed_played":"-709072792517352960","potions_obtained":[{"floor":1,"key":"Explosive Potion"},{"floor":4,"key":"LiquidBronze"},{"floor":11,"key":"Fire Potion"},{"floor":13,"key":"Block Potion"},{"floor":13,"key":"FearPotion"}],"is_trial":false,"path_per_floor":["M","?","M","M","?","E","$","R","T","E","M","M","?","M","R","B"],"character_chosen":"DEFECT","items_purchased":[],"campfire_rested":1,"item_purchase_floors":[],"current_hp_per_floor":[75,75,69,69,57,20,20,20,20,11,10,10,10,10,32,3],"gold":443,"neow_bonus":"RANDOM_COMMON_RELIC","is_prod":false,"is_daily":false,"chose_seed":false,"campfire_upgraded":1,"win_rate":0,"timestamp":1542416079,"path_taken":["M","?","M","M","?","E","$","R","T","E","M","M","?","?","R","BOSS"],"build_version":"2018-11-15","purchased_purges":0,"victory":false,"max_hp_per_floor":[75,75,75,75,75,75,75,75,75,75,75,75,75,75,75,75],"card_choices":[{"not_picked":["Steam Power","Barrage"],"picked":"FTL","floor":1},{"not_picked":["Fusion","Sunder"],"picked":"Auto Shields","floor":3},{"not_picked":["Conserve Battery","Leap"],"picked":"Gash","floor":4},{"not_picked":["Sweeping Beam","Cold Snap"],"picked":"Stack","floor":6},{"not_picked":["Rip and Tear","Steam"],"picked":"Streamline","floor":10},{"not_picked":["Cold Snap","White Noise"],"picked":"Steam Power","floor":11},{"not_picked":["Rebound","Turbo"],"picked":"Hologram","floor":12},{"not_picked":["Redo","Cold Snap","Sweeping Beam"],"picked":"SKIP","floor":14}],"player_experience":117670,"relics_obtained":[{"floor":6,"key":"Cables"},{"floor":9,"key":"Vajra"},{"floor":10,"key":"Whetstone"}],"event_choices":[{"cards_removed":["Strike_B"],"damage_healed":0,"gold_gain":0,"player_choice":"Card Removal","damage_taken":0,"max_hp_gain":0,"max_hp_loss":0,"event_name":"The Cleric","floor":2,"gold_loss":50},{"damage_healed":0,"gold_gain":0,"player_choice":"Success","damage_taken":12,"relics_obtained":["Bag of Marbles"],"max_hp_gain":0,"max_hp_loss":0,"event_name":"Scrap Ooze","floor":5,"gold_loss":0},{"damage_healed":0,"gold_gain":0,"player_choice":"Got Potions","damage_taken":0,"max_hp_gain":0,"max_hp_loss":0,"event_name":"Lab","floor":13,"gold_loss":0}],"is_beta":false,"boss_relics":[],"items_purged_floors":[],"is_endless":false,"potions_floor_spawned":[1,4,11,14],"killed_by":"Slime Boss","ascension_level":1}