{"gold_per_floor":[116,136,149,249,264,264,299,15,41,69,87,100,100,100,100,198,198,210,33,33,43,43],"floor_reached":22,"playtime":2346,"items_purged":["Hyperbeam"],"score":196,"play_id":"2f8b1938-137b-4af7-ae61-f329da37170c","local_time":"20190122105034","is_ascension_mode":false,"campfire_choices":[{"data":"Go for the Eyes","floor":6,"key":"SMITH"},{"floor":13,"key":"REST"},{"floor":15,"key":"REST"}],"neow_cost":"NONE","seed_source_timestamp":729620533529275,"circlet_count":0,"master_deck":["Zap+1","Dualcast","Go for the Eyes+1","Self Repair","Darkness","Consume","Capacitor","Rainbow+1","Clothesline","Backflip","Armaments","Chrysalis","Electrodynamics","Hyperbeam","Capacitor","Thunder Strike","Rebound","Rip and Tear","Lockon","Coolheaded","Defragment","Redo","Pommel Strike+1"],"relics":["Cracked Core","Boot","PrismaticShard","Strawberry","Art of War","Pandora\u0027s Box"],"potions_floor_usage":[7,7,12,22],"damage_taken":[{"damage":0,"enemies":"Jaw Worm","floor":1,"turns":3},{"damage":0,"enemies":"Cultist","floor":2,"turns":3},{"damage":2,"enemies":"2 Louse","floor":3,"turns":3},{"damage":6,"enemies":"Blue Slaver","floor":5,"turns":3},{"damage":28,"enemies":"3 Sentries","floor":7,"turns":8},{"damage":12,"enemies":"Lagavulin","floor":10,"turns":7},{"damage":39,"enemies":"Gremlin Gang","floor":11,"turns":4},{"damage":17,"enemies":"Exordium Thugs","floor":12,"turns":4},{"damage":26,"enemies":"The Guardian","floor":16,"turns":9},{"damage":57,"enemies":"Shell Parasite","floor":18,"turns":6},{"damage":22,"enemies":"Spheric Guardian","floor":21,"turns":4},{"damage":22,"enemies":"Centurion and Healer","floor":22,"turns":3}],"seed_played":"1542930131930872470","potions_obtained":[{"floor":1,"key":"Fire Potion"},{"floor":5,"key":"Poison Potion"},{"floor":10,"key":"SpeedPotion"},{"floor":11,"key":"Ancient Potion"},{"floor":21,"key":"SkillPotion"}],"is_trial":false,"path_per_floor":["M","M","M","?","M","R","E","$","T","E","M","M","R","?","R","B",null,"M","$","?","M","M"],"character_chosen":"DEFECT","items_purchased":["Rainbow","PrismaticShard","Defragment","Redo"],"campfire_rested":2,"item_purchase_floors":[8,8,19,19],"current_hp_per_floor":[75,75,75,75,75,75,54,54,61,56,24,14,38,38,62,43,82,32,32,32,17,0],"gold":43,"neow_bonus":"UPGRADE_CARD","is_prod":false,"is_daily":false,"chose_seed":false,"campfire_upgraded":1,"win_rate":0,"timestamp":1548172234,"path_taken":["M","M","M","?","M","R","E","?","T","E","M","M","R","?","R","BOSS","M","$","?","M","M"],"build_version":"2019-01-17v2","purchased_purges":1,"victory":false,"max_hp_per_floor":[75,75,75,75,75,75,75,75,82,82,82,82,82,82,82,82,82,82,82,82,82,82],"card_choices":[{"not_picked":["Melter","Loop"],"picked":"Go for the Eyes","floor":1},{"not_picked":["Consume","Go for the Eyes"],"picked":"Self Repair","floor":2},{"not_picked":["Scrape","Redo"],"picked":"Darkness","floor":3},{"not_picked":["Turbo","Sweeping Beam"],"picked":"Consume","floor":5},{"not_picked":["Scrape","Rip and Tear"],"picked":"Capacitor","floor":7},{"not_picked":["Beam Cell","Anger"],"picked":"Clothesline","floor":10},{"not_picked":["Deadly Poison","Rebound"],"picked":"Backflip","floor":11},{"not_picked":["Stack","Accuracy"],"picked":"Armaments","floor":12},{"not_picked":["Biased Cognition","Impervious"],"picked":"Chrysalis","floor":16},{"not_picked":["Outmaneuver","Consume"],"picked":"Coolheaded","floor":18},{"not_picked":["Warcry","Thunderclap"],"picked":"Pommel Strike+1","floor":21}],"player_experience":135878,"relics_obtained":[{"floor":7,"key":"Boot"},{"floor":9,"key":"Strawberry"},{"floor":10,"key":"Art of War"}],"event_choices":[{"damage_healed":0,"gold_gain":100,"player_choice":"Gold","damage_taken":0,"max_hp_gain":0,"max_hp_loss":0,"event_name":"Wheel of Change","floor":4,"gold_loss":0},{"damage_healed":0,"gold_gain":0,"player_choice":"Ignored","damage_taken":0,"max_hp_gain":0,"max_hp_loss":0,"event_name":"Shining Light","floor":14,"gold_loss":0},{"damage_healed":0,"gold_gain":0,"player_choice":"Forge","damage_taken":0,"max_hp_gain":0,"max_hp_loss":0,"event_name":"Accursed Blacksmith","floor":20,"gold_loss":0,"cards_upgraded":["Rainbow"]}],"is_beta":false,"boss_relics":[{"not_picked":["Fusion Hammer","Philosopher\u0027s Stone"],"picked":"Pandora\u0027s Box"}],"items_purged_floors":[19],"is_endless":false,"potions_floor_spawned":[1,5,10,11,21],"killed_by":"Centurion and Healer","ascension_level":0}