{"path_per_floor":["M","?","M","?","M","R","$","R","T","R","?","M","M","?","R"],"character_chosen":"DEFECT","items_purchased":[],"gold_per_floor":[111,186,206,381,397,397,322,322,345,345,345,365,378,378,378,378],"floor_reached":16,"campfire_rested":0,"playtime":443,"item_purchase_floors":[],"current_hp_per_floor":[67,56,56,56,56,56,56,56,56,56,44,37,37,23,23,0],"items_purged":["Doubt"],"gold":378,"score":90,"play_id":"95b70dde-53a3-46e5-aa58-f6386695a503","local_time":"20180601113012","is_prod":false,"is_daily":false,"chose_seed":false,"is_ascension_mode":false,"campfire_upgraded":4,"win_rate":0,"timestamp":1527820212,"campfire_choices":[{"data":"Hyperbeam","floor":6,"key":"SMITH"},{"data":"Double Energy","floor":8,"key":"SMITH"},{"data":"Core Surge","floor":10,"key":"SMITH"},{"data":"Ball Lightning","floor":15,"key":"SMITH"}],"path_taken":["M","?","M","?","M","R","$","R","T","R","?","?","M","?","R","BOSS"],"build_version":"2018-05-30v2","seed_source_timestamp":6231089686709,"purchased_purges":1,"victory":false,"master_deck":["Strike_B","Strike_B","Defend_B+1","Defend_B","Defend_B","Defend_B+1","Zap","Dualcast","Hyperbeam+1","Double Energy+1","White Noise","Ball Lightning+1","Core Surge+1","Capacitor","Ball Lightning"],"max_hp_per_floor":[68,68,68,68,68,68,68,68,68,68,68,68,68,68,68,68],"relics":["Cracked Core","Singing Bowl","Mummified Hand"],"card_choices":[{"not_picked":["Heatsinks","Steam"],"picked":"White Noise","floor":1},{"not_picked":["Compile Driver","Barrage"],"picked":"Ball Lightning","floor":3},{"not_picked":["Streamline","Hologram"],"picked":"Core Surge","floor":5},{"not_picked":["Static Discharge","Heatsinks"],"picked":"Capacitor","floor":12},{"not_picked":["Rebound","Rip and Tear"],"picked":"Ball Lightning","floor":13}],"player_experience":220879,"potions_floor_usage":[16],"damage_taken":[{"damage":1,"enemies":"Jaw Worm","floor":1,"turns":2},{"damage":0,"enemies":"2 Louse","floor":3,"turns":2},{"damage":0,"enemies":"Small Slimes","floor":5,"turns":1},{"damage":7,"enemies":"Blue Slaver","floor":12,"turns":2},{"damage":0,"enemies":"Large Slime","floor":13,"turns":2},{"damage":25,"enemies":"The Guardian","floor":16,"turns":8}],"relics_obtained":[{"floor":9,"key":"Singing Bowl"}],"event_choices":[{"event_name":"World of Goop","player_choice":"Gather Gold","floor":2,"damage_taken":0},{"event_name":"Liars Game","player_choice":"agreed","floor":4,"damage_taken":0},{"event_name":"Scrap Ooze","player_choice":"success","floor":11,"damage_taken":12},{"event_name":"Shining Light","player_choice":"Entered Light","floor":14,"damage_taken":0}],"boss_relics":[],"items_purged_floors":[7],"potions_floor_spawned":[1,3,5,12],"seed_played":"-4868667515748411202","killed_by":"The Guardian","ascension_level":0,"potions_obtained":[{"floor":1,"key":"SteroidPotion"},{"floor":3,"key":"SteroidPotion"},{"floor":5,"key":"Fire Potion"}],"is_trial":false}