{"gold_per_floor":[112,43,118,118,150,187,212,224,283,295,307,319,331,357,369,476,488,515,538,568,597,60,60],"floor_reached":23,"playtime":985,"items_purged":["Regret"],"score":191,"play_id":"d54e6419-7c98-4698-9edb-39522eb70934","local_time":"20181114170542","is_ascension_mode":false,"campfire_choices":[{"data":"Hello World","floor":8,"key":"SMITH"},{"data":"Static Discharge","floor":10,"key":"SMITH"},{"data":"Loop","floor":13,"key":"SMITH"},{"floor":15,"key":"REST"}],"neow_cost":"NONE","seed_source_timestamp":3081321763186,"circlet_count":0,"master_deck":["Strike_B","Strike_B","Strike_B","Strike_B","Defend_B","Defend_B","Defend_B","Defend_B","Zap","Dualcast","Sweeping Beam","Loop+1","Hello World+1","Ball Lightning","Static Discharge+1","Thunder Strike","Electrodynamics","Shame","Decay","Normality","Steam","Skim","Stack","Steam","Storm","Bandage Up"],"relics":["Cracked Core","Bronze Scales","MawBank","Pear","Oddly Smooth Stone","WingedGreaves","Calling Bell","Dream Catcher","Kunai","Nunchaku","Shovel"],"potions_floor_usage":[16,16,23],"damage_taken":[{"damage":2,"enemies":"Small Slimes","floor":1,"turns":4},{"damage":1,"enemies":"2 Louse","floor":5,"turns":2},{"damage":34,"enemies":"Gremlin Nob","floor":6,"turns":5},{"damage":11,"enemies":"Jaw Worm","floor":7,"turns":2},{"damage":16,"enemies":"Gremlin Gang","floor":14,"turns":3},{"damage":18,"enemies":"Hexaghost","floor":16,"turns":3},{"damage":17,"enemies":"2 Thieves","floor":18,"turns":2},{"damage":11,"enemies":"3 Byrds","floor":19,"turns":3},{"damage":17,"enemies":"Cultist and Chosen","floor":20,"turns":5},{"damage":32,"enemies":"Snake Plant","floor":21,"turns":3},{"damage":15,"enemies":"Slavers","floor":23,"turns":1}],"seed_played":"5362279277552880442","potions_obtained":[{"floor":6,"key":"Block Potion"},{"floor":7,"key":"PowerPotion"},{"floor":14,"key":"Energy Potion"},{"floor":18,"key":"Energy Potion"}],"is_trial":false,"path_per_floor":["M","$","?","?","M","E","M","R","T","R","$","?","R","M","R","B",null,"M","M","M","M","$","E"],"character_chosen":"DEFECT","items_purchased":["Loop","Storm","Bandage Up","Shovel"],"campfire_rested":1,"item_purchase_floors":[2,22,22,22],"current_hp_per_floor":[73,73,62,62,61,37,26,26,26,26,26,26,26,10,35,17,85,68,57,40,8,8,0],"gold":60,"neow_bonus":"RANDOM_COMMON_RELIC","is_prod":false,"is_daily":false,"chose_seed":false,"campfire_upgraded":3,"win_rate":0.0,"timestamp":1542233142,"path_taken":["M","$","?","?","M","E","M","R","T","R","$","?","R","M","R","BOSS","M","M","M","?","?","E"],"build_version":"2018-11-08","purchased_purges":1,"victory":false,"max_hp_per_floor":[75,75,75,75,75,85,85,85,85,85,85,85,85,85,85,85,85,85,85,85,85,85,85],"card_choices":[{"not_picked":["Gash","Rebound"],"picked":"Sweeping Beam","floor":1},{"not_picked":["Sweeping Beam","Cold Snap"],"picked":"Hello World","floor":5},{"not_picked":["FTL","Blizzard"],"picked":"Ball Lightning","floor":6},{"not_picked":["Defragment","Barrage"],"picked":"Static Discharge","floor":7},{"not_picked":["Ball Lightning","Coolheaded"],"picked":"Thunder Strike","floor":14},{"not_picked":["Biased Cognition","Machine Learning"],"picked":"Electrodynamics","floor":16},{"not_picked":["Darkness","Scrape"],"picked":"Steam","floor":18},{"not_picked":["Consume","Coolheaded"],"picked":"Skim","floor":19},{"not_picked":["Streamline","Steam"],"picked":"Stack","floor":20},{"not_picked":["Coolheaded","Cold Snap"],"picked":"Steam","floor":21}],"player_experience":81719,"relics_obtained":[{"floor":6,"key":"Pear"},{"floor":9,"key":"Oddly Smooth Stone"},{"floor":12,"key":"WingedGreaves"},{"floor":17,"key":"Dream Catcher"},{"floor":17,"key":"Kunai"},{"floor":17,"key":"Nunchaku"}],"event_choices":[{"damage_healed":0,"gold_gain":75,"player_choice":"Gather Gold","damage_taken":11,"max_hp_gain":0,"max_hp_loss":0,"event_name":"World of Goop","floor":3,"gold_loss":0},{"damage_healed":0,"gold_gain":0,"player_choice":"Box","damage_taken":0,"relics_obtained":["MawBank"],"max_hp_gain":0,"max_hp_loss":0,"event_name":"Big Fish","floor":4,"gold_loss":0,"cards_obtained":["Regret"]},{"damage_healed":0,"gold_gain":0,"player_choice":"Relic","damage_taken":0,"max_hp_gain":0,"max_hp_loss":0,"event_name":"Wheel of Change","floor":12,"gold_loss":0}],"is_beta":false,"boss_relics":[{"not_picked":["Coffee Dripper","Busted Crown"],"picked":"Calling Bell"}],"items_purged_floors":[22],"is_endless":false,"potions_floor_spawned":[6,7,14,18],"killed_by":"Slavers","ascension_level":0}