{"gold_per_floor":[109,109,259,272,19,44,44,79,154,182,182,215,233,253,253,328,328,344,52,69,69,79,79,98,98,98,98,8,8,34,34,34,109,109,128,128,228,246,260,260,42,72,72,87,87,99,127,127,127,127,127],"floor_reached":52,"playtime":4078,"items_purged":["Doubt","Strike_G"],"score":2041,"play_id":"0f1a7fd0-1975-41bc-a207-d0de7bb04415","local_time":"20190130175919","is_ascension_mode":true,"campfire_choices":[{"floor":7,"key":"REST"},{"floor":11,"key":"REST"},{"data":"Deadly Poison","floor":15,"key":"SMITH"},{"data":"Skewer","floor":23,"key":"SMITH"},{"data":"Footwork","floor":27,"key":"SMITH"},{"floor":29,"key":"REST"},{"data":"Well Laid Plans","floor":32,"key":"SMITH"},{"floor":40,"key":"REST"},{"data":"Noxious Fumes","floor":45,"key":"SMITH"},{"floor":49,"key":"REST"}],"neow_cost":"NONE","seed_source_timestamp":432448760276200,"circlet_count":0,"master_deck":["AscendersBane","Defend_G","Defend_G","Defend_G","Defend_G","Strike_G","Strike_G","Survivor","Neutralize","Backflip","Blade Dance","Deadly Poison+1","Backstab","Sucker Punch","Dagger Spray","Footwork+1","Dash","Footwork","Adrenaline","Escape Plan","Skewer+1","Crippling Poison","Footwork","PiercingWail","Backflip+1","Well Laid Plans+1","PiercingWail","Backflip","Corpse Explosion","Expertise","PiercingWail","Acrobatics+1","Blur+1","Backflip","Noxious Fumes+1","PiercingWail+1","Deflect+1","Flash of Steel"],"relics":["Empty Cage","PreservedInsect","Regal Pillow","Bronze Scales","Pear","Oddly Smooth Stone","Pen Nib","Cursed Key","Gambling Chip","Enchiridion","Philosopher\u0027s Stone","Girya","Lantern","Omamori"],"potions_floor_usage":[6,8,12,25,33,37,42,44],"damage_taken":[{"damage":0,"enemies":"2 Louse","floor":1,"turns":4},{"damage":13,"enemies":"Jaw Worm","floor":4,"turns":8},{"damage":20,"enemies":"3 Sentries","floor":6,"turns":8},{"damage":18,"enemies":"Lagavulin","floor":8,"turns":6},{"damage":15,"enemies":"3 Sentries","floor":10,"turns":6},{"damage":9,"enemies":"Lagavulin","floor":12,"turns":5},{"damage":0,"enemies":"Cultist","floor":13,"turns":3},{"damage":1,"enemies":"Red Slaver","floor":14,"turns":3},{"damage":2,"enemies":"The Guardian","floor":16,"turns":12},{"damage":7,"enemies":"Spheric Guardian","floor":18,"turns":5},{"damage":12,"enemies":"Chosen","floor":20,"turns":4},{"damage":13,"enemies":"Shelled Parasite and Fungi","floor":22,"turns":6},{"damage":5,"enemies":"Snecko","floor":24,"turns":5},{"damage":0,"enemies":"Chosen and Byrds","floor":25,"turns":3},{"damage":0,"enemies":"Gremlin Leader","floor":30,"turns":6},{"damage":17,"enemies":"Champ","floor":33,"turns":16},{"damage":26,"enemies":"Orb Walker","floor":35,"turns":4},{"damage":0,"enemies":"Mind Bloom Boss Battle","floor":37,"turns":7},{"damage":0,"enemies":"3 Shapes","floor":38,"turns":6},{"damage":0,"enemies":"Maw","floor":39,"turns":10},{"damage":1,"enemies":"Reptomancer","floor":42,"turns":4},{"damage":8,"enemies":"Transient","floor":44,"turns":6},{"damage":1,"enemies":"Writhing Mass","floor":46,"turns":7},{"damage":0,"enemies":"Nemesis","floor":47,"turns":5},{"damage":24,"enemies":"Donu and Deca","floor":50,"turns":9},{"damage":7,"enemies":"Awakened One","floor":51,"turns":28}],"seed_played":"-8877827655182401372","potions_obtained":[{"floor":6,"key":"SkillPotion"},{"floor":8,"key":"SmokeBomb"},{"floor":10,"key":"SteroidPotion"},{"floor":14,"key":"PowerPotion"},{"floor":20,"key":"Dexterity Potion"},{"floor":30,"key":"Fire Potion"},{"floor":39,"key":"GamblersBrew"},{"floor":42,"key":"Energy Potion"},{"floor":44,"key":"GhostInAJar"},{"floor":47,"key":"GamblersBrew"}],"is_trial":false,"path_per_floor":["M","?","?","M","$","E","R","E","T","E","R","E","M","M","R","B",null,"M","$","M","?","M","R","M","M","T","R","$","R","E","?","R","B",null,"M","?","?","M","M","R","$","E","T","M","R","M","E","?","R","B","B",null],"character_chosen":"THE_SILENT","items_purchased":["PreservedInsect","Deadly Poison","SteroidPotion","Skewer","Crippling Poison","Footwork","Well Laid Plans","PiercingWail","Backflip","Noxious Fumes"],"campfire_rested":5,"item_purchase_floors":[5,5,5,19,19,19,28,28,41,41],"current_hp_per_floor":[59,52,52,39,39,19,53,35,45,30,67,58,58,57,57,55,71,64,64,52,52,39,39,34,34,34,34,34,71,71,50,50,33,65,39,39,39,39,39,76,76,75,75,67,67,66,66,56,76,52,45],"gold":127,"neow_bonus":"BOSS_RELIC","is_prod":false,"is_daily":false,"chose_seed":false,"campfire_upgraded":5,"win_rate":0,"timestamp":1548889159,"path_taken":["M","?","?","M","$","E","R","E","T","E","R","E","M","M","R","BOSS","M","$","M","?","M","R","M","?","T","R","?","R","E","?","R","BOSS","M","?","?","M","M","R","$","E","T","M","R","M","E","?","R","BOSS","BOSS"],"build_version":"2019-01-23","purchased_purges":2,"victory":true,"max_hp_per_floor":[66,66,66,66,66,66,66,66,76,76,76,76,76,76,76,76,76,76,76,76,76,76,76,76,76,76,76,76,76,76,76,76,76,76,76,76,76,76,76,76,76,76,76,76,76,76,76,76,76,76,76],"card_choices":[{"not_picked":["Prepared","Eviscerate"],"picked":"Backflip","floor":1},{"not_picked":["Deflect","Accuracy"],"picked":"Blade Dance","floor":4},{"not_picked":["Backflip","Phantasmal Killer"],"picked":"Backstab","floor":6},{"not_picked":["Tactician","Prepared"],"picked":"Sucker Punch","floor":8},{"not_picked":["Backflip","All Out Attack"],"picked":"Dagger Spray","floor":10},{"not_picked":["Tactician","Quick Slash"],"picked":"Footwork","floor":12},{"not_picked":["Prepared","Leg Sweep"],"picked":"Dash","floor":13},{"not_picked":["Backstab","Slice"],"picked":"Footwork","floor":14},{"not_picked":["Glass Knife","Night Terror"],"picked":"Adrenaline","floor":16},{"not_picked":["Deadly Poison","Predator"],"picked":"Escape Plan","floor":18},{"not_picked":["Flechettes","Sucker Punch"],"picked":"PiercingWail","floor":20},{"not_picked":["Flying Knee","Deadly Poison","Distraction"],"picked":"SKIP","floor":22},{"not_picked":["Calculated Gamble","Storm of Steel"],"picked":"Backflip+1","floor":24},{"not_picked":["Tactician","Caltrops"],"picked":"Backflip","floor":30},{"not_picked":["Malaise","Bullet Time"],"picked":"Corpse Explosion","floor":33},{"not_picked":["Distraction","PiercingWail"],"picked":"Expertise","floor":35},{"not_picked":["Deadly Poison","Masterful Stab+1"],"picked":"PiercingWail","floor":37},{"not_picked":["Deflect","Slice+1"],"picked":"Acrobatics+1","floor":38},{"not_picked":["Dagger Spray","Flying Knee"],"picked":"Blur+1","floor":39},{"not_picked":["Quick Slash+1","Eviscerate"],"picked":"PiercingWail+1","floor":42},{"not_picked":["Prepared","Dagger Spray","Slice+1"],"picked":"SKIP","floor":44},{"not_picked":["Deadly Poison","Bane","Blade Dance"],"picked":"SKIP","floor":46},{"not_picked":["Choke","Tools of the Trade"],"picked":"Deflect+1","floor":47},{"not_picked":["Panacea","Metamorphosis"],"picked":"Flash of Steel","floor":48}],"player_experience":1974341,"relics_obtained":[{"floor":6,"key":"Regal Pillow"},{"floor":8,"key":"Bronze Scales"},{"floor":9,"key":"Pear"},{"floor":10,"key":"Oddly Smooth Stone"},{"floor":12,"key":"Pen Nib"},{"floor":30,"key":"Gambling Chip"},{"floor":31,"key":"Enchiridion"},{"floor":37,"key":"Girya"},{"floor":42,"key":"Lantern"},{"floor":47,"key":"Omamori"}],"event_choices":[{"cards_removed":["Defend_G"],"damage_healed":0,"gold_gain":0,"player_choice":"Card Removal","damage_taken":7,"max_hp_gain":0,"max_hp_loss":0,"event_name":"Golden Wing","floor":2,"gold_loss":0},{"damage_healed":0,"gold_gain":150,"player_choice":"AGREE","damage_taken":0,"max_hp_gain":0,"max_hp_loss":0,"event_name":"Liars Game","floor":3,"gold_loss":0,"cards_obtained":["Doubt"]},{"damage_healed":0,"gold_gain":0,"player_choice":"Got Potions","damage_taken":0,"max_hp_gain":0,"max_hp_loss":0,"event_name":"Lab","floor":21,"gold_loss":0},{"damage_healed":0,"gold_gain":0,"player_choice":"Obtained Book","damage_taken":21,"max_hp_gain":0,"max_hp_loss":0,"event_name":"Cursed Tome","floor":31,"gold_loss":0},{"damage_healed":0,"gold_gain":0,"player_choice":"Ignored","damage_taken":0,"max_hp_gain":0,"max_hp_loss":0,"event_name":"Tomb of Lord Red Mask","floor":36,"gold_loss":0},{"damage_healed":0,"gold_gain":0,"player_choice":"Fight","damage_taken":0,"max_hp_gain":0,"max_hp_loss":0,"event_name":"MindBloom","floor":37,"gold_loss":0},{"damage_healed":0,"gold_gain":0,"player_choice":"Memory 3","damage_taken":10,"max_hp_gain":0,"max_hp_loss":0,"event_name":"SensoryStone","floor":48,"gold_loss":0}],"is_beta":true,"boss_relics":[{"not_picked":["Black Star","Velvet Choker"],"picked":"Cursed Key"},{"not_picked":["Lizard Tail","Pandora\u0027s Box"],"picked":"Philosopher\u0027s Stone"}],"items_purged_floors":[19,41],"is_endless":false,"potions_floor_spawned":[6,8,10,14,16,18,20,24,30,39,42,44,47],"ascension_level":20}