{"gold_per_floor":[117,135,100,114,62,92,92,123,146,170,182,206,233,256,268,383,395,419,356,278,307,332,370,382,394],"floor_reached":25,"playtime":2577,"items_purged":[],"score":270,"play_id":"3f7966ec-6e7d-4ad9-8393-b942ab4b8636","local_time":"20190115223427","is_ascension_mode":true,"campfire_choices":[{"floor":11,"key":"REST"},{"data":"Neutralize","floor":15,"key":"SMITH"},{"floor":24,"key":"REST"}],"neow_cost":"PERCENT_DAMAGE","seed_source_timestamp":605142180993477,"circlet_count":0,"master_deck":["Defend_G+1","Defend_G+1","Defend_G","Defend_G","Defend_G","Strike_G","Strike_G","Survivor","Neutralize+1","Dagger Throw","Dagger Throw","Well Laid Plans","Dodge and Roll","Dash","Leg Sweep+1","Deadly Poison","Flying Knee","Dagger Spray","Venomology","After Image","All Out Attack+1","Footwork","Blur","Heel Hook"],"relics":["Ring of the Snake","Incense Burner","Lantern","Strawberry","MawBank","WristBlade","War Paint"],"potions_floor_usage":[6,8,18,21,22,22,23,23,23,23,25],"damage_taken":[{"damage":2,"enemies":"Small Slimes","floor":1,"turns":5},{"damage":0,"enemies":"Cultist","floor":2,"turns":3},{"damage":7,"enemies":"2 Louse","floor":4,"turns":2},{"damage":2,"enemies":"3 Sentries","floor":6,"turns":9},{"damage":13,"enemies":"Lagavulin","floor":8,"turns":9},{"damage":0,"enemies":"Large Slime","floor":10,"turns":5},{"damage":0,"enemies":"Exordium Thugs","floor":12,"turns":6},{"damage":0,"enemies":"3 Louse","floor":13,"turns":4},{"damage":0,"enemies":"Red Slaver","floor":14,"turns":3},{"damage":44,"enemies":"Slime Boss","floor":16,"turns":13},{"damage":20,"enemies":"Spheric Guardian","floor":18,"turns":5},{"damage":8,"enemies":"Shell Parasite","floor":21,"turns":5},{"damage":19,"enemies":"Snake Plant","floor":22,"turns":5},{"damage":29,"enemies":"Book of Stabbing","floor":23,"turns":10},{"damage":28,"enemies":"Gremlin Leader","floor":25,"turns":2}],"seed_played":"4796008110183424086","potions_obtained":[{"floor":1,"key":"Weak Potion"},{"floor":2,"key":"EssenceOfSteel"},{"floor":10,"key":"FearPotion"},{"floor":14,"key":"Dexterity Potion"},{"floor":18,"key":"Fire Potion"},{"floor":21,"key":"Energy Potion"},{"floor":22,"key":"EssenceOfSteel"}],"is_trial":false,"path_per_floor":["M","M","$","M","$","E","?","E","T","M","R","M","M","M","R","B",null,"M","?","?","M","M","E","R","E"],"character_chosen":"THE_SILENT","items_purchased":["Well Laid Plans","Dodge and Roll"],"campfire_rested":2,"item_purchase_floors":[3,5],"current_hp_per_floor":[47,47,47,40,40,38,38,32,32,32,55,55,55,55,55,11,77,57,57,57,49,30,1,24,0],"gold":394,"neow_bonus":"ONE_RARE_RELIC","is_prod":false,"is_daily":false,"chose_seed":false,"campfire_upgraded":1,"win_rate":0,"timestamp":1547609667,"path_taken":["M","M","$","M","$","E","?","E","T","M","R","?","M","M","R","BOSS","M","?","?","?","M","E","R","E"],"build_version":"2019-01-10","purchased_purges":0,"victory":false,"max_hp_per_floor":[70,70,70,70,70,70,70,77,77,77,77,77,77,77,77,77,77,77,77,77,77,77,77,77,77],"card_choices":[{"not_picked":["Infinite Blades","Underhanded Strike"],"picked":"Dagger Throw","floor":1},{"not_picked":["Choke","Concentrate"],"picked":"Dagger Throw","floor":2},{"not_picked":["Underhanded Strike","Sucker Punch","Masterful Stab"],"picked":"SKIP","floor":4},{"not_picked":["Deadly Poison","Flying Knee"],"picked":"Dash","floor":6},{"not_picked":["Unload","Cloak And Dagger"],"picked":"Leg Sweep","floor":8},{"not_picked":["Underhanded Strike","Acrobatics"],"picked":"Deadly Poison","floor":10},{"not_picked":["Catalyst","Underhanded Strike"],"picked":"Flying Knee","floor":12},{"not_picked":["Acrobatics","Deflect"],"picked":"Dagger Spray","floor":13},{"not_picked":["Quick Slash","Cloak And Dagger"],"picked":"Venomology","floor":14},{"not_picked":["A Thousand Cuts","Die Die Die"],"picked":"After Image","floor":16},{"not_picked":["Quick Slash+1","Deflect+1"],"picked":"All Out Attack+1","floor":18},{"not_picked":["Dodge and Roll","All Out Attack"],"picked":"Footwork","floor":21},{"not_picked":["Bane","Underhanded Strike"],"picked":"Blur","floor":22},{"not_picked":["Flechettes","Acrobatics"],"picked":"Heel Hook","floor":23}],"player_experience":232390,"relics_obtained":[{"floor":6,"key":"Lantern"},{"floor":8,"key":"Strawberry"},{"floor":9,"key":"MawBank"},{"floor":23,"key":"War Paint"}],"event_choices":[{"cards_removed":["Strike_G"],"damage_healed":0,"gold_gain":0,"player_choice":"Offered Basic","damage_taken":0,"max_hp_gain":0,"max_hp_loss":0,"event_name":"Bonfire Elementals","floor":7,"gold_loss":0},{"cards_removed":["Strike_G"],"damage_healed":0,"gold_gain":0,"player_choice":"Gave Gold","damage_taken":0,"max_hp_gain":0,"max_hp_loss":0,"event_name":"Beggar","floor":19,"gold_loss":75},{"cards_removed":["Strike_G"],"damage_healed":0,"gold_gain":0,"player_choice":"Upgrade and Remove","damage_taken":0,"max_hp_gain":0,"max_hp_loss":0,"event_name":"Designer","floor":20,"gold_loss":90,"cards_upgraded":["Leg Sweep"]}],"is_beta":false,"boss_relics":[{"not_picked":["White Beast Statue","Sozu"],"picked":"WristBlade"}],"items_purged_floors":[],"is_endless":false,"potions_floor_spawned":[1,2,10,14,18,21,22],"killed_by":"Gremlin Leader","ascension_level":3}