{"gold_per_floor":[144,189,234,279,229,229,274,364,439,614,659,704,69,114,114,114],"floor_reached":16,"playtime":821,"items_purged":[],"score":406,"play_id":"eef42435-14ca-497e-a7a4-9e654c6d2940","local_time":"20190131201636","daily_mods":["Insanity","Hoarder","Midas"],"is_ascension_mode":false,"campfire_choices":[{"floor":6,"key":"REST"},{"floor":15,"key":"REST"}],"neow_cost":"","seed_source_timestamp":0,"circlet_count":0,"master_deck":["Dagger Spray","Outmaneuver","Poisoned Stab","Flying Knee","Crippling Poison","Underhanded Strike","Distraction","Underhanded Strike","Flying Knee","Dodge and Roll","Deadly Poison","Flechettes","Outmaneuver","Dodge and Roll","Accuracy","Bouncing Flask","Dagger Spray","Underhanded Strike","Poisoned Stab","Sucker Punch","Flying Knee","Outmaneuver","Terror","Crippling Poison","Slice","Deflect","Dodge and Roll","Underhanded Strike","Deadly Poison","Prepared","Slice","Flying Knee","Acrobatics","Underhanded Strike","Quick Slash","Blade Dance","Endless Agony","Flechettes","Escape Plan","Bane","Cloak And Dagger","Accuracy","Acrobatics","Dodge and Roll","Backflip","Prepared","Outmaneuver","Endless Agony","Sucker Punch","Backflip","Backflip","Backflip","Flying Knee","Flying Knee","Flying Knee","Catalyst","Catalyst","Catalyst","Terror","Terror","Terror","Dagger Throw","Dagger Throw","Dagger Throw","Poisoned Stab","Poisoned Stab","Poisoned Stab","Doubt","Doubt","Doubt","Dagger Spray","Dagger Spray","Dagger Spray","Quick Slash","Quick Slash","Quick Slash","Tactician","Tactician","Tactician","Glass Knife","Glass Knife","Glass Knife","Die Die Die","Die Die Die","Die Die Die","Deflect","Deflect","Deflect"],"special_seed":17928,"relics":["Ring of the Snake","Paper Crane","Bottled Tornado","Question Card"],"potions_floor_usage":[7,8,14,16],"damage_taken":[{"damage":6,"enemies":"2 Louse","floor":1,"turns":3},{"damage":4,"enemies":"Small Slimes","floor":2,"turns":3},{"damage":0,"enemies":"Cultist","floor":3,"turns":2},{"damage":7,"enemies":"2 Fungi Beasts","floor":4,"turns":2},{"damage":7,"enemies":"Large Slime","floor":7,"turns":4},{"damage":19,"enemies":"3 Sentries","floor":8,"turns":5},{"damage":16,"enemies":"Lots of Slimes","floor":11,"turns":5},{"damage":2,"enemies":"Gremlin Gang","floor":12,"turns":3},{"damage":20,"enemies":"Exordium Thugs","floor":14,"turns":3},{"damage":28,"enemies":"The Guardian","floor":16,"turns":2}],"seed_played":"4077721088213470918","potions_obtained":[{"floor":2,"key":"LiquidBronze"},{"floor":3,"key":"EssenceOfSteel"},{"floor":7,"key":"Ancient Potion"},{"floor":14,"key":"LiquidBronze"}],"is_trial":false,"path_per_floor":["M","M","M","M","?","R","M","E","T","?","M","M","$","M","R","B"],"character_chosen":"THE_SILENT","items_purchased":["Question Card","Tactician","Glass Knife","Die Die Die"],"campfire_rested":2,"item_purchase_floors":[13,13,13,13],"current_hp_per_floor":[64,60,60,53,53,70,63,44,44,44,28,26,26,6,27,0],"gold":114,"neow_bonus":"","is_prod":false,"is_daily":true,"chose_seed":false,"campfire_upgraded":0,"win_rate":0,"timestamp":1548983796,"path_taken":["M","M","M","M","?","R","M","E","T","?","M","M","$","M","R","BOSS"],"build_version":"2019-01-23","purchased_purges":0,"victory":false,"max_hp_per_floor":[70,70,70,70,70,70,70,70,70,70,70,70,70,70,70,70],"card_choices":[{"not_picked":["Leg Sweep","Sucker Punch"],"picked":"Backflip","floor":1},{"not_picked":["Blade Dance","Riddle With Holes"],"picked":"Flying Knee","floor":2},{"not_picked":["Deflect","Bane"],"picked":"Catalyst","floor":3},{"not_picked":["Deadly Poison","Eviscerate"],"picked":"Terror","floor":4},{"not_picked":["Prepared","Acrobatics"],"picked":"Dagger Throw","floor":7},{"not_picked":["Bane","Dodge and Roll"],"picked":"Poisoned Stab","floor":8},{"not_picked":["Calculated Gamble","Blade Dance"],"picked":"Dagger Spray","floor":11},{"not_picked":["Backflip","Slice"],"picked":"Quick Slash","floor":12},{"not_picked":["Doppelganger","Bane","Poisoned Stab"],"picked":"Deflect","floor":14}],"player_experience":844372,"relics_obtained":[{"floor":8,"key":"Paper Crane"},{"floor":9,"key":"Bottled Tornado"}],"event_choices":[{"cards_removed":["Prepared"],"damage_healed":0,"gold_gain":0,"player_choice":"Card Removal","damage_taken":0,"max_hp_gain":0,"max_hp_loss":0,"event_name":"The Cleric","floor":5,"gold_loss":50},{"damage_healed":0,"gold_gain":175,"player_choice":"AGREE","damage_taken":0,"max_hp_gain":0,"max_hp_loss":0,"event_name":"Liars Game","floor":10,"gold_loss":0,"cards_obtained":["Doubt"]}],"is_beta":false,"boss_relics":[],"items_purged_floors":[],"is_endless":false,"potions_floor_spawned":[2,3,7,14],"killed_by":"The Guardian","ascension_level":0}