{"gold_per_floor":[114,39,53,68,68,68,101,101,101,112,112,124,158,175,175,246,246,216,235,248,77,77,77,52,52],"floor_reached":25,"playtime":1272,"items_purged":["Strike_G"],"score":426,"play_id":"72f7a0ab-4cdd-4143-9c45-f48e403337e9","local_time":"20190122235019","is_ascension_mode":true,"campfire_choices":[{"floor":6,"key":"REST"},{"data":"Neutralize","floor":8,"key":"SMITH"},{"floor":11,"key":"REST"},{"floor":15,"key":"REST"},{"floor":23,"key":"REST"}],"neow_cost":"NONE","seed_source_timestamp":201054967557000,"circlet_count":0,"master_deck":["AscendersBane","Defend_G","Defend_G","Defend_G+1","Defend_G","Defend_G","Strike_G+1","Strike_G","Strike_G","Strike_G","Survivor","Neutralize+1","Poisoned Stab","Noxious Fumes","Flechettes","Backstab","Dagger Throw","Doppelganger","Endless Agony","Blade Dance","After Image","Underhanded Strike","Dash","Infinite Blades","PiercingWail"],"relics":["White Beast Statue","Unceasing Top","Shovel","Shuriken","Snecko Eye","Regal Pillow"],"potions_floor_usage":[4,7,10,12,13,13,16,18,20,25,25],"damage_taken":[{"damage":6,"enemies":"Cultist","floor":1,"turns":5},{"damage":1,"enemies":"2 Louse","floor":3,"turns":2},{"damage":7,"enemies":"Jaw Worm","floor":4,"turns":4},{"damage":26,"enemies":"Gremlin Nob","floor":7,"turns":4},{"damage":0,"enemies":"Exordium Wildlife","floor":10,"turns":2},{"damage":1,"enemies":"Blue Slaver","floor":12,"turns":4},{"damage":22,"enemies":"Lagavulin","floor":13,"turns":5},{"damage":11,"enemies":"Large Slime","floor":14,"turns":5},{"damage":16,"enemies":"Slime Boss","floor":16,"turns":9},{"damage":2,"enemies":"2 Thieves","floor":18,"turns":4},{"damage":23,"enemies":"Spheric Guardian","floor":19,"turns":4},{"damage":22,"enemies":"Chosen and Byrds","floor":20,"turns":7},{"damage":39,"enemies":"Cultist and Chosen","floor":25,"turns":4}],"seed_played":"2966014515386464552","potions_obtained":[{"floor":1,"key":"Block Potion"},{"floor":3,"key":"SpeedPotion"},{"floor":4,"key":"SkillPotion"},{"floor":7,"key":"Poison Potion"},{"floor":10,"key":"PowerPotion"},{"floor":12,"key":"AttackPotion"},{"floor":13,"key":"EssenceOfSteel"},{"floor":14,"key":"SpeedPotion"},{"floor":16,"key":"FearPotion"},{"floor":18,"key":"Fire Potion"},{"floor":19,"key":"Strength Potion"},{"floor":20,"key":"FearPotion"}],"is_trial":false,"path_per_floor":["M","$","M","M","?","R","E","R","T","M","R","M","E","M","R","B",null,"M","M","M","$","?","R","$","M"],"character_chosen":"THE_SILENT","items_purchased":["Regal Pillow","PiercingWail"],"campfire_rested":4,"item_purchase_floors":[21,24],"current_hp_per_floor":[53,53,52,45,25,44,18,18,18,18,37,36,14,3,22,6,51,49,26,4,4,4,38,38,0],"gold":52,"neow_bonus":"BOSS_RELIC","is_prod":false,"is_daily":false,"chose_seed":false,"campfire_upgraded":1,"win_rate":0,"timestamp":1548219019,"path_taken":["M","?","M","M","?","R","E","R","T","M","R","M","E","M","R","BOSS","M","M","M","$","?","R","$","M"],"build_version":"2019-01-16","purchased_purges":1,"victory":false,"max_hp_per_floor":[66,66,66,66,66,66,66,66,66,66,66,66,66,66,66,66,66,66,66,66,66,66,66,66,66],"card_choices":[{"not_picked":["Acrobatics","Cloak And Dagger"],"picked":"Poisoned Stab","floor":1},{"not_picked":["Slice","Quick Slash"],"picked":"Noxious Fumes","floor":3},{"not_picked":["Acrobatics","Calculated Gamble"],"picked":"Flechettes","floor":4},{"not_picked":["Eviscerate","Cloak And Dagger"],"picked":"Backstab","floor":7},{"not_picked":["Quick Slash","Distraction"],"picked":"Dagger Throw","floor":10},{"not_picked":["Outmaneuver","Poisoned Stab"],"picked":"Doppelganger","floor":12},{"not_picked":["Calculated Gamble","Outmaneuver"],"picked":"Endless Agony","floor":13},{"not_picked":["Escape Plan","Crippling Poison"],"picked":"Blade Dance","floor":14},{"not_picked":["Unload","Grand Finale"],"picked":"After Image","floor":16},{"not_picked":["Deflect","Distraction"],"picked":"Underhanded Strike","floor":18},{"not_picked":["Slice","Outmaneuver"],"picked":"Dash","floor":19},{"not_picked":["Slice","Blade Dance"],"picked":"Infinite Blades","floor":20}],"player_experience":1922954,"relics_obtained":[{"floor":7,"key":"Unceasing Top"},{"floor":9,"key":"Shovel"},{"floor":13,"key":"Shuriken"}],"event_choices":[{"damage_healed":0,"gold_gain":0,"player_choice":"Entered Light","damage_taken":20,"max_hp_gain":0,"max_hp_loss":0,"event_name":"Shining Light","floor":5,"gold_loss":0,"cards_upgraded":["Defend_G","Strike_G"]}],"is_beta":true,"boss_relics":[{"not_picked":["Runic Dome","Coffee Dripper"],"picked":"Snecko Eye"}],"items_purged_floors":[2],"is_endless":false,"potions_floor_spawned":[1,3,4,7,10,12,13,14,16,18,19,20],"killed_by":"Cultist and Chosen","ascension_level":20}