{"gold_per_floor":[114,36,36,50,70,70,100,100,100,100,116,151,167,179,179,274,274,286,486,502,502],"floor_reached":21,"playtime":1023,"items_purged":[],"score":259,"play_id":"c3619b7a-8bc3-475c-b67a-c61fda0639a1","local_time":"20190108010950","is_ascension_mode":true,"campfire_choices":[{"data":"Infernal Blade","floor":6,"key":"SMITH"},{"floor":8,"key":"REST"},{"data":"Bash","floor":10,"key":"SMITH"},{"data":"Shockwave","floor":15,"key":"SMITH"}],"neow_cost":"CURSE","seed_source_timestamp":91762424705758,"circlet_count":0,"master_deck":["Strike_R+1","Strike_R","Strike_R","Strike_R","Strike_R+1","Defend_R","Defend_R","Defend_R","Defend_R","Bash+1","Normality","Infernal Blade+1","Shrug It Off","Thunderclap","Flex","Shockwave+1","Juggernaut","Ghostly Armor"],"relics":["Burning Blood","Dead Branch","Whetstone","Matryoshka","Strawberry","Eternal Feather"],"potions_floor_usage":[7,7,7,11,12,12,12,12,14,16,16,18],"damage_taken":[{"damage":6,"enemies":"Cultist","floor":1,"turns":4},{"damage":0,"enemies":"2 Louse","floor":4,"turns":1},{"damage":0,"enemies":"Small Slimes","floor":5,"turns":3},{"damage":24,"enemies":"3 Sentries","floor":7,"turns":6},{"damage":22,"enemies":"Exordium Wildlife","floor":11,"turns":4},{"damage":0,"enemies":"Gremlin Nob","floor":12,"turns":2},{"damage":8,"enemies":"Blue Slaver","floor":13,"turns":4},{"damage":0,"enemies":"Looter","floor":14,"turns":1},{"damage":56,"enemies":"Hexaghost","floor":16,"turns":8},{"damage":32,"enemies":"2 Thieves","floor":18,"turns":3},{"damage":47,"enemies":"Spheric Guardian","floor":20,"turns":6},{"damage":27,"enemies":"Shelled Parasite and Fungi","floor":21,"turns":3}],"seed_played":"5552150305188778514","potions_obtained":[{"floor":3,"key":"Fire Potion"},{"floor":3,"key":"Regen Potion"},{"floor":3,"key":"Block Potion"},{"floor":4,"key":"EntropicBrew"},{"floor":11,"key":"Poison Potion"},{"floor":12,"key":"Weak Potion"},{"floor":16,"key":"PowerPotion"}],"is_trial":false,"path_per_floor":["M","$","?","M","M","R","E","R","T","R","M","E","M","M","R","B",null,"M","?","M","M"],"character_chosen":"IRONCLAD","items_purchased":["Infernal Blade"],"campfire_rested":1,"item_purchase_floors":[2],"current_hp_per_floor":[80,80,80,80,80,80,62,80,80,80,72,85,83,87,87,37,87,61,61,20,0],"gold":502,"neow_bonus":"ONE_RARE_RELIC","is_prod":false,"is_daily":false,"chose_seed":false,"campfire_upgraded":3,"win_rate":0,"timestamp":1546931390,"path_taken":["M","$","?","M","?","R","E","R","T","R","M","E","M","M","R","BOSS","M","?","?","M"],"build_version":"2019-01-03v4","purchased_purges":0,"victory":false,"max_hp_per_floor":[80,80,80,80,80,80,80,80,80,80,80,87,87,87,87,87,87,87,87,87,87],"card_choices":[{"not_picked":["Pommel Strike","Perfected Strike","Headbutt"],"picked":"SKIP","floor":1},{"not_picked":["Thunderclap","Body Slam"],"picked":"Shrug It Off","floor":4},{"not_picked":["Wild Strike","Power Through","Clash"],"picked":"SKIP","floor":5},{"not_picked":["Armaments","Uppercut","Reaper"],"picked":"SKIP","floor":7},{"not_picked":["Perfected Strike","Rampage"],"picked":"Thunderclap","floor":11},{"not_picked":["Shrug It Off","Reckless Charge"],"picked":"Flex","floor":12},{"not_picked":["Armaments","Twin Strike","Reckless Charge"],"picked":"SKIP","floor":13},{"not_picked":["Inflame","Infernal Blade"],"picked":"Shockwave","floor":14},{"not_picked":["Offering","Brutality"],"picked":"Juggernaut","floor":16},{"not_picked":["Shockwave","Pommel Strike+1"],"picked":"Ghostly Armor","floor":18},{"not_picked":["True Grit","Perfected Strike","Clothesline+1"],"picked":"SKIP","floor":20}],"player_experience":283078,"relics_obtained":[{"floor":7,"key":"Whetstone"},{"floor":9,"key":"Matryoshka"},{"floor":12,"key":"Strawberry"}],"event_choices":[{"damage_healed":0,"gold_gain":0,"player_choice":"Got Potions","damage_taken":0,"max_hp_gain":0,"max_hp_loss":0,"event_name":"Lab","floor":3,"gold_loss":0},{"damage_healed":0,"gold_gain":200,"player_choice":"Gold","damage_taken":0,"max_hp_gain":0,"max_hp_loss":0,"event_name":"Wheel of Change","floor":19,"gold_loss":0}],"is_beta":false,"boss_relics":[{"not_picked":["Lizard Tail","Runic Dome"],"picked":"Eternal Feather"}],"items_purged_floors":[],"is_endless":false,"potions_floor_spawned":[4,11,12,16],"killed_by":"Shelled Parasite and Fungi","ascension_level":4}