{"gold_per_floor":[99,99,99,99,99,99,99,99,99,99,99,99,59,59,59,59,59,59,59,59,0,0,0,0,0,0,0,0,0,0],"floor_reached":30,"playtime":1231,"items_purged":[],"score":560,"play_id":"719161fb-902e-4e12-b7dd-7d13ace73ff9","local_time":"20181215001548","is_ascension_mode":true,"campfire_choices":[{"floor":6,"key":"REST"},{"data":"Neutralize","floor":8,"key":"SMITH"},{"floor":10,"key":"REST"},{"data":"Corpse Explosion","floor":15,"key":"SMITH"},{"data":"Corpse Explosion","floor":23,"key":"SMITH"},{"data":"Well Laid Plans","floor":25,"key":"SMITH"},{"floor":27,"key":"REST"}],"neow_cost":"NONE","seed_source_timestamp":91097695505200,"circlet_count":0,"master_deck":["AscendersBane","Defend_G","Defend_G","Defend_G","Defend_G","Defend_G","Strike_G","Strike_G","Strike_G+1","Strike_G","Strike_G","Survivor","Neutralize+1","Underhanded Strike+1","Cloak And Dagger","Dagger Throw","Leg Sweep","Deadly Poison","Poisoned Stab","Acrobatics","Corpse Explosion+1","Corpse Explosion+1","Cloak And Dagger","PiercingWail","Well Laid Plans+1","Blur"],"relics":["Ectoplasm","Mercury Hourglass","Omamori","Gremlin Horn","Whetstone","Busted Crown","Molten Egg 2","Happy Flower","PreservedInsect"],"potions_floor_usage":[7,24,29,29],"damage_taken":[{"damage":0,"enemies":"Cultist","floor":1,"turns":4},{"damage":2,"enemies":"Jaw Worm","floor":2,"turns":4},{"damage":0,"enemies":"2 Louse","floor":5,"turns":2},{"damage":17,"enemies":"3 Sentries","floor":7,"turns":6},{"damage":0,"enemies":"Gremlin Gang","floor":11,"turns":3},{"damage":0,"enemies":"3 Louse","floor":12,"turns":3},{"damage":3,"enemies":"Looter","floor":13,"turns":3},{"damage":4,"enemies":"Lagavulin","floor":14,"turns":6},{"damage":12,"enemies":"The Guardian","floor":16,"turns":9},{"damage":0,"enemies":"3 Byrds","floor":18,"turns":2},{"damage":6,"enemies":"2 Thieves","floor":21,"turns":3},{"damage":0,"enemies":"Sentry and Sphere","floor":22,"turns":2},{"damage":24,"enemies":"Slavers","floor":24,"turns":3},{"damage":9,"enemies":"Snecko","floor":28,"turns":5},{"damage":26,"enemies":"Book of Stabbing","floor":29,"turns":6},{"damage":8,"enemies":"Colosseum Slavers","floor":30,"turns":1}],"seed_played":"3301830451839288219","potions_obtained":[{"floor":2,"key":"SteroidPotion"},{"floor":11,"key":"Block Potion"},{"floor":13,"key":"SteroidPotion"},{"floor":16,"key":"GhostInAJar"},{"floor":24,"key":"GamblersBrew"},{"floor":29,"key":"LiquidBronze"}],"is_trial":false,"path_per_floor":["M","M","?","?","M","R","E","R","T","R","M","M","M","E","R","B",null,"M","$","?","M","M","R","E","R","T","R","M","E","?"],"character_chosen":"THE_SILENT","items_purchased":[],"campfire_rested":3,"item_purchase_floors":[],"current_hp_per_floor":[59,57,57,22,22,41,24,24,24,43,43,43,40,36,36,24,56,56,56,52,46,46,46,22,22,22,41,32,6,0],"gold":0,"neow_bonus":"BOSS_RELIC","is_prod":false,"is_daily":false,"chose_seed":false,"campfire_upgraded":4,"win_rate":0,"timestamp":1544850948,"path_taken":["M","M","?","?","M","R","E","R","T","R","M","M","M","E","R","BOSS","M","$","?","M","M","R","E","R","T","R","?","E","?"],"build_version":"2018-11-15","purchased_purges":0,"victory":false,"max_hp_per_floor":[66,66,66,66,66,66,66,66,66,66,66,66,66,66,66,66,66,66,66,66,66,66,66,66,66,66,66,66,66,66],"card_choices":[{"not_picked":["Acrobatics","Blade Dance"],"picked":"Underhanded Strike","floor":1},{"not_picked":["Escape Plan","Deflect"],"picked":"Cloak And Dagger","floor":2},{"not_picked":["Leg Sweep","Dodge and Roll"],"picked":"Dagger Throw","floor":5},{"not_picked":["Blade Dance","Poisoned Stab"],"picked":"Leg Sweep","floor":7},{"not_picked":["Eviscerate","Flying Knee"],"picked":"Deadly Poison","floor":11},{"not_picked":["Concentrate","Bane"],"picked":"Poisoned Stab","floor":12},{"not_picked":["Blade Dance","All Out Attack"],"picked":"Acrobatics","floor":13},{"not_picked":["Calculated Gamble","Poisoned Stab"],"picked":"Corpse Explosion","floor":14},{"not_picked":["Tools of the Trade","Doppelganger"],"picked":"Corpse Explosion","floor":16},{"not_picked":[],"picked":"Cloak And Dagger","floor":18},{"not_picked":[],"picked":"PiercingWail","floor":21},{"not_picked":["Endless Agony"],"picked":"SKIP","floor":22},{"not_picked":[],"picked":"Well Laid Plans","floor":24},{"not_picked":[],"picked":"Blur","floor":28},{"not_picked":["Outmaneuver"],"picked":"SKIP","floor":29}],"player_experience":1821547,"relics_obtained":[{"floor":7,"key":"Omamori"},{"floor":9,"key":"Gremlin Horn"},{"floor":14,"key":"Whetstone"},{"floor":24,"key":"Molten Egg 2"},{"floor":26,"key":"Happy Flower"},{"floor":29,"key":"PreservedInsect"}],"event_choices":[{"damage_healed":0,"gold_gain":0,"player_choice":"Leave","damage_taken":0,"max_hp_gain":0,"max_hp_loss":0,"event_name":"The Cleric","floor":3,"gold_loss":0},{"damage_healed":0,"gold_gain":0,"player_choice":"Success","damage_taken":35,"relics_obtained":["Mercury Hourglass"],"max_hp_gain":0,"max_hp_loss":0,"event_name":"Scrap Ooze","floor":4,"gold_loss":0},{"damage_healed":0,"gold_gain":0,"player_choice":"Bought 0 Potions","damage_taken":0,"max_hp_gain":0,"max_hp_loss":0,"event_name":"The Woman in Blue","floor":20,"gold_loss":0},{"damage_healed":0,"gold_gain":0,"player_choice":"Fight","damage_taken":0,"max_hp_gain":0,"max_hp_loss":0,"event_name":"Colosseum","floor":30,"gold_loss":0}],"is_beta":true,"boss_relics":[{"not_picked":["White Beast Statue","WristBlade"],"picked":"Busted Crown"}],"items_purged_floors":[],"is_endless":false,"potions_floor_spawned":[2,11,13,16,18,22,24,29],"killed_by":"Colosseum Slavers","ascension_level":20}