{"gold_per_floor":[118,134,46,66,66,66,82,101,154,171,190,205,205,216,216,314,314,324,324,313,62,62,62,62,94,94,109,109,109,109,126,126,126],"floor_reached":33,"playtime":3769,"items_purged":["Defend_R"],"score":311,"play_id":"085c3ca9-1893-44ca-ab5e-08a0d8a9556c","local_time":"20180923153929","is_ascension_mode":false,"campfire_choices":[{"data":"Seeing Red","floor":6,"key":"SMITH"},{"floor":13,"key":"REST"},{"data":"Body Slam","floor":15,"key":"SMITH"},{"floor":23,"key":"REST"},{"floor":28,"key":"REST"},{"data":"Infernal Blade","floor":30,"key":"SMITH"},{"floor":32,"key":"REST"}],"neow_cost":"PERCENT_DAMAGE","seed_source_timestamp":830000650979041,"circlet_count":0,"master_deck":["Strike_R","Strike_R","Strike_R","Strike_R","Strike_R","Defend_R","Defend_R","Defend_R","Bash","Body Slam+1","Anger","Jack Of All Trades+1","Seeing Red+1","Shrug It Off","Warcry","Perfected Strike","Iron Wave","Battle Trance","Feed","Dropkick","Headbutt+1","The Bomb","Thunderclap","Infernal Blade+1","Carnage","Rage+1"],"relics":["Burning Blood","Red Skull","Eternal Feather","FaceOfCleric","Pear","Meat on the Bone"],"potions_floor_usage":[10,16,16,33,33,33],"damage_taken":[{"damage":6,"enemies":"Jaw Worm","floor":1,"turns":3},{"damage":6,"enemies":"2 Louse","floor":2,"turns":3},{"damage":0,"enemies":"Cultist","floor":4,"turns":3},{"damage":10,"enemies":"Looter","floor":7,"turns":3},{"damage":15,"enemies":"Gremlin Gang","floor":8,"turns":6},{"damage":10,"enemies":"Large Slime","floor":10,"turns":6},{"damage":14,"enemies":"3 Louse","floor":11,"turns":3},{"damage":3,"enemies":"Gremlin Gang","floor":12,"turns":4},{"damage":8,"enemies":"2 Fungi Beasts","floor":14,"turns":3},{"damage":48,"enemies":"Hexaghost","floor":16,"turns":9},{"damage":13,"enemies":"Shell Parasite","floor":18,"turns":5},{"damage":20,"enemies":"2 Thieves","floor":20,"turns":4},{"damage":67,"enemies":"Gremlin Leader","floor":25,"turns":6},{"damage":20,"enemies":"3 Cultists","floor":27,"turns":5},{"damage":34,"enemies":"Snecko","floor":31,"turns":5},{"damage":121,"enemies":"Automaton","floor":33,"turns":8}],"seed_played":"-7909247207276107136","potions_obtained":[{"floor":1,"key":"SpeedPotion"},{"floor":11,"key":"Energy Potion"},{"floor":12,"key":"BloodPotion"},{"floor":14,"key":"Ancient Potion"},{"floor":25,"key":"AttackPotion"},{"floor":31,"key":"SteroidPotion"}],"is_trial":false,"path_per_floor":["M","M","$","M","?","R","M","M","T","M","M","M","R","M","R","B",null,"M","?","M","$","?","R","?","E","T","M","R","?","R","M","R"],"character_chosen":"IRONCLAD","items_purchased":["Jack Of All Trades","The Bomb"],"campfire_rested":4,"item_purchase_floors":[3,21],"current_hp_per_floor":[69,69,69,75,75,75,71,62,62,58,50,53,81,79,79,46,96,89,89,79,79,59,102,102,52,52,54,105,105,120,93,121,0],"gold":126,"neow_bonus":"TWENTY_PERCENT_HP_BONUS","is_prod":false,"is_daily":false,"chose_seed":false,"campfire_upgraded":3,"win_rate":0.0,"timestamp":1537731569,"path_taken":["M","M","$","M","?","R","M","M","T","M","?","M","R","M","R","BOSS","M","?","M","$","?","R","?","E","T","M","R","?","R","M","R","BOSS"],"build_version":"2018-09-20","purchased_purges":1,"victory":false,"max_hp_per_floor":[96,96,96,96,96,96,96,96,96,96,96,96,96,96,96,96,96,96,96,100,100,105,105,105,116,116,120,120,120,120,121,121,121],"card_choices":[{"not_picked":["Flame Barrier","True Grit"],"picked":"Body Slam","floor":1},{"not_picked":["Corruption","Thunderclap"],"picked":"Anger","floor":2},{"not_picked":["Clash","Anger"],"picked":"Seeing Red","floor":4},{"not_picked":["Entrench","Twin Strike"],"picked":"Shrug It Off","floor":7},{"not_picked":["Hemokinesis","True Grit"],"picked":"Warcry","floor":8},{"not_picked":["Flex","Shockwave"],"picked":"Perfected Strike","floor":10},{"not_picked":["True Grit","Corruption","Hemokinesis"],"picked":"SKIP","floor":11},{"not_picked":["Bloodletting","Armaments"],"picked":"Iron Wave","floor":12},{"not_picked":["Clash","Seeing Red"],"picked":"Battle Trance","floor":14},{"not_picked":["Bludgeon","Dark Embrace"],"picked":"Feed","floor":16},{"not_picked":["Sever Soul","Twin Strike"],"picked":"Dropkick","floor":18},{"not_picked":["Shockwave","Body Slam"],"picked":"Headbutt+1","floor":20},{"not_picked":["Perfected Strike","Shrug It Off"],"picked":"Infernal Blade","floor":25},{"not_picked":["Rupture","Body Slam"],"picked":"Carnage","floor":27},{"not_picked":["Dual Wield+1","Bloodletting+1"],"picked":"Rage+1","floor":31}],"player_experience":22043,"relics_obtained":[{"floor":9,"key":"Red Skull"},{"floor":25,"key":"Pear"},{"floor":26,"key":"Meat on the Bone"}],"event_choices":[{"event_name":"Living Wall","player_choice":"Grow","floor":5,"damage_taken":0},{"event_name":"FaceTrader","player_choice":"Trade","floor":19,"damage_taken":0},{"event_name":"Forgotten Altar","player_choice":"Shed Blood","floor":22,"damage_taken":0},{"event_name":"The Library","player_choice":"Read","floor":24,"damage_taken":0},{"event_name":"Vampires","player_choice":"Ignored","floor":29,"damage_taken":0}],"is_beta":false,"boss_relics":[{"not_picked":["Velvet Choker","Calling Bell"],"picked":"Eternal Feather"}],"items_purged_floors":[21],"is_endless":false,"potions_floor_spawned":[1,11,12,14,25,31],"killed_by":"Automaton","ascension_level":0}