{"gold_per_floor":[109,120,295,295,4,4,38,50,62,74,99,111,137,164,176,293,305,306,318,345,17,17,17,30,30,30,30,40,40],"floor_reached":29,"playtime":1042,"items_purged":["Doubt"],"score":279,"play_id":"7932b0a2-781f-40e1-b923-489c453b6057","local_time":"20190127170444","is_ascension_mode":true,"campfire_choices":[{"floor":6.0,"key":"REST"},{"floor":8.0,"key":"REST"},{"data":"Metallicize","floor":10.0,"key":"SMITH"},{"floor":15.0,"key":"REST"},{"floor":23.0,"key":"REST"},{"floor":25.0,"key":"REST"}],"neow_cost":"PERCENT_DAMAGE","seed_source_timestamp":0,"circlet_count":0,"master_deck":["Strike_R+1","Strike_R","Strike_R+1","Defend_R","Defend_R","Defend_R+1","Defend_R","Bash+1","Cleave","Metallicize+1","Double Tap","Flex+1","Thunderclap","Wild Strike","Bludgeon","Perfected Strike","Shrug It Off+1","Combust+1","Carnage","Intimidate","Flex","True Grit"],"special_seed":0,"relics":["Burning Blood","Whetstone","MawBank","Kunai","Frozen Egg 2","White Beast Statue","Dodecahedron","War Paint","Letter Opener"],"potions_floor_usage":[29],"damage_taken":[{"damage":5.0,"enemies":"2 Louse","floor":1.0,"turns":3.0},{"damage":0.0,"enemies":"Small Slimes","floor":2.0,"turns":3.0},{"damage":28.0,"enemies":"3 Sentries","floor":7.0,"turns":9.0},{"damage":7.0,"enemies":"Jaw Worm","floor":11.0,"turns":3.0},{"damage":11.0,"enemies":"Exordium Wildlife","floor":13.0,"turns":5.0},{"damage":8.0,"enemies":"Blue Slaver","floor":14.0,"turns":5.0},{"damage":4.0,"enemies":"Slime Boss","floor":16.0,"turns":7.0},{"damage":28.0,"enemies":"2 Thieves","floor":18.0,"turns":4.0},{"damage":18.0,"enemies":"Spheric Guardian","floor":20.0,"turns":4.0},{"damage":16.0,"enemies":"Chosen and Byrds","floor":24.0,"turns":4.0},{"damage":25.0,"enemies":"Cultist and Chosen","floor":28.0,"turns":5.0},{"damage":74,"enemies":"Gremlin Leader","floor":29,"turns":6}],"seed_played":"2118663218259327668","potions_obtained":[{"floor":2.0,"key":"SpeedPotion"},{"floor":11.0,"key":"PowerPotion"},{"floor":13.0,"key":"Poison Potion"},{"floor":16.0,"key":"Ancient Potion"},{"floor":18.0,"key":"PowerPotion"},{"floor":20.0,"key":"Fire Potion"},{"floor":24.0,"key":"FearPotion"},{"floor":28.0,"key":"SpeedPotion"}],"is_trial":false,"path_per_floor":["M","M","?","?","$","R","E","R","T","R","M","?","M","M","R","B",null,"M","?","M","$","?","R","M","R","T","?","M","E"],"character_chosen":"IRONCLAD","items_purchased":["Whetstone","Double Tap","War Paint","Combust+1","Carnage"],"campfire_rested":5,"item_purchase_floors":[5,5,21,21,21],"current_hp_per_floor":[57,63,63,47,47,71,49,73,73,73,72,65,60,58,80,80,80,58,58,46,46,46,70,60,80,80,80,61,0],"gold":40,"neow_bonus":"REMOVE_TWO","is_prod":false,"is_daily":false,"chose_seed":false,"campfire_upgraded":1,"win_rate":0,"timestamp":1548630284,"path_taken":["M","M","?","?","?","R","E","R","T","R","?","?","M","M","R","BOSS","M","?","M","$","?","R","M","R","T","?","M","E"],"build_version":"2019-01-23","purchased_purges":1,"victory":false,"max_hp_per_floor":[80,80,80,80,80,80,80,80,80,80,80,80,80,80,80,80,80,80,80,80,80,80,80,80,80,80,80,80,80],"card_choices":[{"not_picked":["Clothesline","Intimidate"],"picked":"Cleave","floor":1.0},{"not_picked":["Pummel","Disarm"],"picked":"Metallicize","floor":2.0},{"not_picked":["Heavy Blade","Clothesline"],"picked":"Flex","floor":7.0},{"not_picked":["Disarm","Feel No Pain"],"picked":"Dark Embrace","floor":11.0},{"not_picked":["Perfected Strike","Armaments"],"picked":"Thunderclap","floor":13.0},{"not_picked":["Pummel","Heavy Blade"],"picked":"Wild Strike","floor":14.0},{"not_picked":["Juggernaut+1","Fiend Fire"],"picked":"Bludgeon","floor":16.0},{"not_picked":["Havoc","Pummel"],"picked":"Perfected Strike","floor":18.0},{"not_picked":["Iron Wave","Entrench"],"picked":"Shrug It Off","floor":20.0},{"not_picked":["Cleave+1","Twin Strike"],"picked":"Thunderclap","floor":24.0},{"not_picked":["Warcry","Armaments"],"picked":"True Grit","floor":28.0}],"player_experience":297938,"relics_obtained":[{"floor":7.0,"key":"MawBank"},{"floor":9.0,"key":"Kunai"},{"floor":26.0,"key":"Letter Opener"}],"event_choices":[{"damage_healed":0.0,"max_hp_gain":0.0,"max_hp_loss":0.0,"gold_gain":175.0,"event_name":"Liars Game","player_choice":"AGREE","floor":3.0,"gold_loss":0.0,"damage_taken":0.0,"cards_obtained":["Doubt"]},{"damage_healed":0.0,"max_hp_gain":0.0,"max_hp_loss":0.0,"gold_gain":0.0,"event_name":"Shining Light","player_choice":"Entered Light","floor":4.0,"gold_loss":0.0,"damage_taken":16.0,"cards_upgraded":["Strike_R","Defend_R"]},{"damage_healed":0.0,"max_hp_gain":0.0,"max_hp_loss":0.0,"gold_gain":0.0,"event_name":"Scrap Ooze","player_choice":"Success","floor":12.0,"gold_loss":0.0,"damage_taken":7.0,"relics_obtained":["Frozen Egg 2"]},{"damage_healed":0.0,"max_hp_gain":0.0,"max_hp_loss":0.0,"gold_gain":0.0,"event_name":"The Mausoleum","player_choice":"Opened","floor":19.0,"gold_loss":0.0,"damage_taken":0.0,"relics_obtained":["Dodecahedron"]},{"damage_healed":0.0,"max_hp_gain":0.0,"max_hp_loss":0.0,"gold_gain":0.0,"event_name":"Vampires","player_choice":"Ignored","floor":22.0,"gold_loss":0.0,"damage_taken":0.0},{"damage_healed":0.0,"max_hp_gain":0.0,"max_hp_loss":0.0,"gold_gain":0.0,"cards_transformed":["Dark Embrace","Thunderclap"],"event_name":"Drug Dealer","player_choice":"Became Test Subject","floor":27.0,"gold_loss":0.0,"damage_taken":0.0,"cards_obtained":["Intimidate","Flex"]}],"is_beta":false,"boss_relics":[{"not_picked":["Lizard Tail","Fusion Hammer"],"picked":"White Beast Statue"}],"items_purged_floors":[21],"is_endless":false,"potions_floor_spawned":[2,11,13,16,18,20,24,28],"killed_by":"Gremlin Leader","ascension_level":5}