{"gold_per_floor":[110,185,110,285,297,297,323,339,362,393,410,445,457,469,481,493],"floor_reached":16,"playtime":854,"items_purged":["Strike_G"],"score":164,"play_id":"7f886171-98ba-4647-8b7e-c7a3cbf2cdaa","local_time":"20181021175824","is_ascension_mode":true,"campfire_choices":[{"data":"Neutralize","floor":6,"key":"SMITH"},{"floor":15,"key":"REST"}],"neow_cost":"NONE","seed_source_timestamp":1010167820313071,"circlet_count":0,"master_deck":["Defend_G","Defend_G","Defend_G","Defend_G","Defend_G","Strike_G","Strike_G","Strike_G","Strike_G","Survivor","Neutralize+1","Doubt","Dagger Throw","After Image","Poisoned Stab","A Thousand Cuts"],"relics":["Ring of the Snake","NeowsBlessing","Omamori","Centennial Puzzle","Potion Belt","MawBank"],"potions_floor_usage":[10,10,12,16],"damage_taken":[{"damage":0,"enemies":"Jaw Worm","floor":1,"turns":1},{"damage":0,"enemies":"2 Louse","floor":5,"turns":1},{"damage":0,"enemies":"Gremlin Nob","floor":7,"turns":1},{"damage":0,"enemies":"Cultist","floor":8,"turns":3},{"damage":34,"enemies":"3 Sentries","floor":10,"turns":15},{"damage":3,"enemies":"3 Louse","floor":11,"turns":3},{"damage":8,"enemies":"Gremlin Nob","floor":12,"turns":6},{"damage":43,"enemies":"The Guardian","floor":16,"turns":8}],"seed_played":"-8980503462089890121","potions_obtained":[{"floor":5,"key":"Weak Potion"},{"floor":7,"key":"SpeedPotion"},{"floor":10,"key":"GhostInAJar"},{"floor":12,"key":"Regen Potion"}],"is_trial":false,"path_per_floor":["M","?","$","?","M","R","E","M","T","E","M","E","?","?","R"],"character_chosen":"THE_SILENT","items_purchased":[],"campfire_rested":1,"item_purchase_floors":[],"current_hp_per_floor":[70,59,59,59,59,59,59,59,59,25,22,14,14,2,23,0],"gold":493,"neow_bonus":"THREE_ENEMY_KILL","is_prod":false,"is_daily":false,"chose_seed":false,"campfire_upgraded":1,"win_rate":0,"timestamp":1540159104,"path_taken":["M","?","?","?","M","R","E","M","T","E","?","E","?","?","R","BOSS"],"build_version":"2018-10-18","purchased_purges":1,"victory":false,"max_hp_per_floor":[70,70,70,70,70,70,70,70,70,70,70,70,70,70,70,70],"card_choices":[{"not_picked":["Cloak And Dagger","PiercingWail","Well Laid Plans"],"picked":"SKIP","floor":1},{"not_picked":["Leg Sweep","Dagger Spray","Bane"],"picked":"SKIP","floor":5},{"not_picked":["Slice","Deflect"],"picked":"Dagger Throw","floor":7},{"not_picked":["Sucker Punch","Dash"],"picked":"After Image","floor":8},{"not_picked":["Slice","Deflect","Bane"],"picked":"SKIP","floor":10},{"not_picked":["Distraction","Prepared"],"picked":"Poisoned Stab","floor":11},{"not_picked":["All Out Attack","Quick Slash"],"picked":"A Thousand Cuts","floor":12}],"player_experience":353714,"relics_obtained":[{"floor":7,"key":"Omamori"},{"floor":9,"key":"Centennial Puzzle"},{"floor":10,"key":"Potion Belt"},{"floor":12,"key":"MawBank"}],"event_choices":[{"damage_healed":0,"gold_gain":75,"player_choice":"Gather Gold","damage_taken":11,"max_hp_gain":0,"max_hp_loss":0,"event_name":"World of Goop","floor":2,"gold_loss":0},{"damage_healed":0,"gold_gain":175,"player_choice":"AGREE","damage_taken":0,"max_hp_gain":0,"max_hp_loss":0,"event_name":"Liars Game","floor":4,"gold_loss":0,"cards_obtained":["Doubt"]},{"damage_healed":0,"gold_gain":0,"player_choice":"Ignored","damage_taken":0,"max_hp_gain":0,"max_hp_loss":0,"event_name":"Golden Wing","floor":13,"gold_loss":0},{"damage_healed":0,"gold_gain":0,"player_choice":"Fled","damage_taken":12,"max_hp_gain":0,"max_hp_loss":0,"event_name":"Scrap Ooze","floor":14,"gold_loss":0}],"is_beta":false,"boss_relics":[],"items_purged_floors":[3],"is_endless":false,"potions_floor_spawned":[5,7,10,12],"killed_by":"The Guardian","ascension_level":3}