{"gold_per_floor":[109,109,126,126,145,145,171,6,6,6,6,35,35,35],"floor_reached":14,"playtime":400,"items_purged":[],"score":115,"play_id":"a559ec53-681b-4405-b2f4-cbc06d8e23b0","local_time":"20181204124840","is_ascension_mode":true,"campfire_choices":[{"data":"Capacitor","floor":6,"key":"SMITH"},{"data":"Defend_B","floor":13,"key":"PURGE"}],"neow_cost":"NONE","seed_source_timestamp":316261785574451,"circlet_count":0,"master_deck":["Strike_B","Strike_B","Strike_B","Defend_B","Defend_B","Defend_B","Zap","Dualcast","Capacitor+1","Ball Lightning","Lockon","Barrage","Chill","Self Repair","Chaos"],"relics":["Cracked Core","NeowsBlessing","Girya","Sundial","Darkstone Periapt","Peace Pipe"],"potions_floor_usage":[],"damage_taken":[{"damage":0,"enemies":"2 Louse","floor":1,"turns":1},{"damage":0,"enemies":"Jaw Worm","floor":3,"turns":1},{"damage":0,"enemies":"Cultist","floor":5,"turns":1},{"damage":34,"enemies":"Gremlin Nob","floor":7,"turns":4},{"damage":29,"enemies":"3 Sentries","floor":12,"turns":8},{"damage":12,"enemies":"Lots of Slimes","floor":14,"turns":2}],"seed_played":"-934796994839901417","potions_obtained":[{"floor":1,"key":"FearPotion"}],"is_trial":false,"path_per_floor":["M","?","M","?","M","R","E","$","T","T","$","E","R","M"],"character_chosen":"DEFECT","items_purchased":["Barrage","Chill","Self Repair"],"campfire_rested":0,"item_purchase_floors":[8,8,8],"current_hp_per_floor":[75,68,68,73,73,73,39,39,39,39,39,17,17,5],"gold":35,"neow_bonus":"THREE_ENEMY_KILL","is_prod":false,"is_daily":false,"chose_seed":false,"campfire_upgraded":1,"win_rate":0,"timestamp":1543945720,"path_taken":["M","?","M","?","M","R","E","?","T","?","$","E","R","M"],"build_version":"2018-11-15","purchased_purges":0,"victory":false,"max_hp_per_floor":[75,75,75,80,80,80,80,80,80,80,80,80,80,80],"card_choices":[{"not_picked":["Aggregate","Go for the Eyes"],"picked":"Capacitor","floor":1},{"not_picked":["Chaos","Streamline"],"picked":"Ball Lightning","floor":3},{"not_picked":["Steam","Compile Driver","Stack"],"picked":"SKIP","floor":5},{"not_picked":["Hologram","Loop"],"picked":"Lockon","floor":7},{"not_picked":["Rip and Tear","Fission"],"picked":"Chaos","floor":12}],"player_experience":273697,"relics_obtained":[{"floor":7,"key":"Girya"},{"floor":9,"key":"Sundial"},{"floor":10,"key":"Darkstone Periapt"},{"floor":12,"key":"Peace Pipe"}],"event_choices":[{"cards_removed":["Strike_B"],"damage_healed":0,"gold_gain":0,"player_choice":"Card Removal","damage_taken":7,"max_hp_gain":0,"max_hp_loss":0,"event_name":"Golden Wing","floor":2,"gold_loss":0},{"damage_healed":0,"gold_gain":0,"player_choice":"Donut","damage_taken":0,"max_hp_gain":5,"max_hp_loss":0,"event_name":"Big Fish","floor":4,"gold_loss":0}],"is_beta":false,"boss_relics":[],"items_purged_floors":[],"is_endless":false,"potions_floor_spawned":[1],"killed_by":"Lots of Slimes","ascension_level":4}