{"gold_per_floor":[16,16,36,48,48,48,82,82,82,98,98,114,114,133,133,235,235,249,262,262,262,262],"floor_reached":22,"playtime":883,"items_purged":[],"score":186,"play_id":"c56c5d81-44c0-4e9b-a054-260fbe719a3f","local_time":"20190201042459","is_ascension_mode":false,"campfire_choices":[{"data":"Decay","floor":6,"key":"PURGE"},{"floor":8,"key":"REST"},{"data":"Metallicize","floor":11,"key":"SMITH"},{"data":"Parasite","floor":15,"key":"PURGE"}],"neow_cost":"NO_GOLD","seed_source_timestamp":72896156508076,"circlet_count":0,"master_deck":["Bash","Cleave","Dropkick","Twin Strike","Metallicize+1","Inflame","Limit Break","Burning Pact","True Grit","Whirlwind","Pummel","Warcry","Warcry","Berserk","Clash","Bludgeon","Anger","Sentinel","Decay"],"relics":["Burning Blood","Peace Pipe","Strawberry","Pandora\u0027s Box"],"potions_floor_usage":[7,16],"damage_taken":[{"damage":3,"enemies":"Jaw Worm","floor":1,"turns":4},{"damage":4,"enemies":"Cultist","floor":3,"turns":4},{"damage":5,"enemies":"Small Slimes","floor":4,"turns":3},{"damage":53,"enemies":"3 Sentries","floor":7,"turns":9},{"damage":5,"enemies":"2 Fungi Beasts","floor":10,"turns":3},{"damage":9,"enemies":"3 Louse","floor":12,"turns":3},{"damage":22,"enemies":"Exordium Thugs","floor":14,"turns":5},{"damage":62,"enemies":"The Guardian","floor":16,"turns":13},{"damage":15,"enemies":"Spheric Guardian","floor":18,"turns":3},{"damage":23,"enemies":"2 Thieves","floor":19,"turns":3},{"damage":41,"enemies":"Colosseum Slavers","floor":20,"turns":5}],"seed_played":"3097928969365341884","potions_obtained":[{"floor":1,"key":"SpeedPotion"},{"floor":7,"key":"Energy Potion"},{"floor":16,"key":"AttackPotion"},{"floor":18,"key":"BloodPotion"}],"is_trial":false,"path_per_floor":["M","?","M","M","$","R","E","R","T","M","R","M","?","M","R","B",null,"M","M","?","?","$"],"character_chosen":"IRONCLAD","items_purchased":[],"campfire_rested":1,"item_purchase_floors":[],"current_hp_per_floor":[80,80,80,80,80,80,40,66,66,67,67,64,85,69,69,13,84,75,58,23,23,23],"gold":262,"neow_bonus":"ONE_RARE_RELIC","is_prod":false,"is_daily":false,"chose_seed":false,"campfire_upgraded":1,"win_rate":0,"timestamp":1549013099,"path_taken":["M","?","?","M","$","R","E","R","T","M","R","M","?","M","R","BOSS","M","M","?","?","$"],"build_version":"2019-01-23","purchased_purges":0,"victory":false,"max_hp_per_floor":[80,80,80,80,80,80,87,87,87,87,87,87,87,87,84,84,84,84,84,84,84,84],"card_choices":[{"not_picked":["Sentinel","Disarm"],"picked":"Cleave","floor":1},{"not_picked":["Perfected Strike","Havoc"],"picked":"Dropkick","floor":3},{"not_picked":["Flex","Havoc","Disarm"],"picked":"SKIP","floor":4},{"not_picked":["Dark Embrace","Iron Wave"],"picked":"Twin Strike","floor":7},{"not_picked":["Heavy Blade","Ghostly Armor"],"picked":"Metallicize","floor":10},{"not_picked":["Whirlwind","Headbutt"],"picked":"Inflame","floor":12},{"not_picked":["Rupture","True Grit","Thunderclap"],"picked":"SKIP","floor":14},{"not_picked":["Juggernaut","Offering"],"picked":"Limit Break","floor":16},{"not_picked":["True Grit","Flex"],"picked":"Anger","floor":18},{"not_picked":["Disarm","Cleave+1"],"picked":"Sentinel","floor":19}],"player_experience":134645,"relics_obtained":[{"floor":7,"key":"Strawberry"}],"event_choices":[{"damage_healed":0,"gold_gain":0,"player_choice":"Cursed","damage_taken":0,"max_hp_gain":0,"max_hp_loss":0,"event_name":"Wheel of Change","floor":2,"gold_loss":0,"cards_obtained":["Decay"]},{"damage_healed":21,"gold_gain":0,"player_choice":"Healed and dodged fight","damage_taken":0,"max_hp_gain":0,"max_hp_loss":0,"event_name":"Mushrooms","floor":13,"gold_loss":0,"cards_obtained":["Parasite"]},{"damage_healed":0,"gold_gain":0,"player_choice":"Fight","damage_taken":0,"max_hp_gain":0,"max_hp_loss":0,"event_name":"Colosseum","floor":20,"gold_loss":0},{"damage_healed":0,"gold_gain":0,"player_choice":"Fled From Nobs","damage_taken":0,"max_hp_gain":0,"max_hp_loss":0,"event_name":"Colosseum","floor":20,"gold_loss":0},{"damage_healed":0,"gold_gain":0,"player_choice":"Smashed Altar","damage_taken":0,"max_hp_gain":0,"max_hp_loss":0,"event_name":"Forgotten Altar","floor":21,"gold_loss":0,"cards_obtained":["Decay"]}],"is_beta":false,"boss_relics":[{"not_picked":["Eternal Feather","Runic Cube"],"picked":"Pandora\u0027s Box"}],"items_purged_floors":[],"is_endless":false,"potions_floor_spawned":[1,7,16,18],"ascension_level":0}