{"gold_per_floor":[109,28,43,57,7,41,116,116,185,185,196,228,251,269,269,269],"floor_reached":16,"playtime":847,"items_purged":[],"score":116,"play_id":"72c653e5-dfa3-40b4-87c8-f76683afa6df","local_time":"20190110103027","is_ascension_mode":true,"campfire_choices":[{"floor":10,"key":"REST"},{"data":"Bash","floor":15,"key":"SMITH"}],"neow_cost":"NONE","seed_source_timestamp":803113526681741,"circlet_count":0,"master_deck":["Strike_R","Strike_R","Strike_R","Strike_R","Defend_R","Defend_R","Defend_R","Defend_R","Bash+1","Iron Wave","Bludgeon","True Grit+1","Reaper","Spot Weakness","Iron Wave"],"relics":["Burning Blood","Juzu Bracelet","Omamori","Darkstone Periapt","Centennial Puzzle","Odd Mushroom"],"potions_floor_usage":[],"damage_taken":[{"damage":2,"enemies":"Small Slimes","floor":1,"turns":4},{"damage":0,"enemies":"2 Louse","floor":3,"turns":3},{"damage":11,"enemies":"Jaw Worm","floor":4,"turns":3},{"damage":31,"enemies":"Lagavulin","floor":6,"turns":7},{"damage":16,"enemies":"Red Slaver","floor":11,"turns":6},{"damage":17,"enemies":"3 Sentries","floor":12,"turns":8},{"damage":32,"enemies":"The Mushroom Lair","floor":13,"turns":5},{"damage":6,"enemies":"Blue Slaver","floor":14,"turns":6},{"damage":90,"enemies":"Slime Boss","floor":16,"turns":12}],"seed_played":"-3049202022034786261","potions_obtained":[{"floor":3,"key":"Swift Potion"},{"floor":4,"key":"PowerPotion"},{"floor":14,"key":"EssenceOfSteel"}],"is_trial":false,"path_per_floor":["M","$","M","M","?","E","?","?","T","R","M","E","?","M","R","B"],"character_chosen":"IRONCLAD","items_purchased":["Bludgeon"],"campfire_rested":1,"item_purchase_floors":[2],"current_hp_per_floor":[80,80,80,75,75,50,39,39,39,63,57,67,61,69,69,0],"gold":269,"neow_bonus":"RANDOM_COMMON_RELIC","is_prod":false,"is_daily":false,"chose_seed":false,"campfire_upgraded":1,"win_rate":0,"timestamp":1547112627,"path_taken":["M","$","M","M","?","E","?","?","T","R","M","E","?","M","R","BOSS"],"build_version":"2019-01-03v4","purchased_purges":0,"victory":false,"max_hp_per_floor":[80,80,80,80,80,80,80,80,80,80,80,80,80,80,80,80],"card_choices":[{"not_picked":["Twin Strike","Cleave"],"picked":"Iron Wave","floor":1},{"not_picked":["Iron Wave","Wild Strike"],"picked":"True Grit","floor":3},{"not_picked":["Fire Breathing","Heavy Blade","Burning Pact"],"picked":"SKIP","floor":4},{"not_picked":["Headbutt","Carnage"],"picked":"Reaper","floor":6},{"not_picked":["Havoc","Clash"],"picked":"Spot Weakness","floor":11},{"not_picked":["Flex","Perfected Strike","Heavy Blade"],"picked":"SKIP","floor":12},{"not_picked":["Perfected Strike","Sever Soul"],"picked":"Iron Wave","floor":13},{"not_picked":["Clash","Battle Trance","Flex"],"picked":"SKIP","floor":14}],"player_experience":142173,"relics_obtained":[{"floor":6,"key":"Omamori"},{"floor":9,"key":"Darkstone Periapt"},{"floor":12,"key":"Centennial Puzzle"},{"floor":13,"key":"Odd Mushroom"}],"event_choices":[{"cards_removed":["Strike_R"],"damage_healed":0,"gold_gain":0,"player_choice":"Card Removal","damage_taken":0,"max_hp_gain":0,"max_hp_loss":0,"event_name":"The Cleric","floor":5,"gold_loss":50},{"damage_healed":0,"gold_gain":75,"player_choice":"Gather Gold","damage_taken":11,"max_hp_gain":0,"max_hp_loss":0,"event_name":"World of Goop","floor":7,"gold_loss":0},{"damage_healed":0,"gold_gain":0,"player_choice":"Grow","damage_taken":0,"max_hp_gain":0,"max_hp_loss":0,"event_name":"Living Wall","floor":8,"gold_loss":0,"cards_upgraded":["True Grit"]},{"damage_healed":0,"gold_gain":0,"player_choice":"Fought Mushrooms","damage_taken":0,"max_hp_gain":0,"max_hp_loss":0,"event_name":"Mushrooms","floor":13,"gold_loss":0}],"is_beta":false,"boss_relics":[],"items_purged_floors":[],"is_endless":false,"potions_floor_spawned":[3,4,14],"killed_by":"Slime Boss","ascension_level":1}