{"gold_per_floor":[114,114,39,39,189,189,262,262,262,303,324,6,45,65,65,163,163,187,112,156,156,156],"floor_reached":22,"playtime":539,"items_purged":[],"score":446,"play_id":"f4e1a6b2-4897-4485-ae21-036793fbcb06","local_time":"20181230005013","is_ascension_mode":true,"campfire_choices":[{"data":"Zap","floor":6,"key":"SMITH"},{"data":"Ball Lightning","floor":8,"key":"SMITH"},{"floor":15,"key":"REST"}],"neow_cost":"NONE","seed_source_timestamp":198281839546270,"circlet_count":0,"master_deck":["AscendersBane","Strike_B","Strike_B","Defend_B","Defend_B","Defend_B","Defend_B","Zap+1","Dualcast","Sweeping Beam+1","Doubt","Ball Lightning+1","Glacier","Blizzard+1","Capacitor","Ball Lightning+1","Core Surge+1","Rebound+1","Conserve Battery","Writhe"],"relics":["Cracked Core","NeowsBlessing","Golden Idol","Tiny Chest","Molten Egg 2","Sundial","Calipers","Pear","Velvet Choker","Red Mask","Meat on the Bone"],"potions_floor_usage":[16,22],"damage_taken":[{"damage":0,"enemies":"2 Louse","floor":1,"turns":1},{"damage":0,"enemies":"3 Sentries","floor":7,"turns":1},{"damage":0,"enemies":"Gremlin Nob","floor":10,"turns":1},{"damage":1,"enemies":"Small Slimes","floor":11,"turns":3},{"damage":14,"enemies":"3 Sentries","floor":13,"turns":6},{"damage":12,"enemies":"Jaw Worm","floor":14,"turns":2},{"damage":51,"enemies":"Slime Boss","floor":16,"turns":9},{"damage":19,"enemies":"3 Byrds","floor":18,"turns":5},{"damage":26,"enemies":"Masked Bandits","floor":20,"turns":4},{"damage":17,"enemies":"Colosseum Slavers","floor":22,"turns":3}],"seed_played":"4816727400597542982","potions_obtained":[{"floor":7,"key":"GamblersBrew"},{"floor":11,"key":"Swift Potion"},{"floor":13,"key":"SpeedPotion"}],"is_trial":false,"path_per_floor":["M","?","?","?","?","R","E","R","T","E","M","$","E","M","R","B",null,"M","?","?","?","?"],"character_chosen":"DEFECT","items_purchased":["Calipers"],"campfire_rested":1,"item_purchase_floors":[12],"current_hp_per_floor":[64,64,64,64,64,64,64,64,64,64,63,63,59,47,69,18,60,41,41,15,15,0],"gold":156,"neow_bonus":"THREE_ENEMY_KILL","is_prod":false,"is_daily":false,"chose_seed":false,"campfire_upgraded":2,"win_rate":0,"timestamp":1546149013,"path_taken":["M","?","?","?","?","R","E","R","T","E","M","$","E","M","R","BOSS","M","?","?","?","?"],"build_version":"2018-12-20","purchased_purges":0,"victory":false,"max_hp_per_floor":[71,64,64,64,64,64,64,64,64,64,64,64,74,74,74,74,74,74,74,74,74,74],"card_choices":[{"not_picked":["Barrage","Coolheaded"],"picked":"Sweeping Beam","floor":1},{"not_picked":["Stack","Amplify"],"picked":"Ball Lightning","floor":7},{"not_picked":["Chill","Hologram"],"picked":"Glacier","floor":10},{"not_picked":["Undo","Cold Snap+1"],"picked":"Blizzard+1","floor":11},{"not_picked":["Hologram","Creative AI"],"picked":"Capacitor","floor":13},{"not_picked":["Streamline+1","FTL+1"],"picked":"Ball Lightning+1","floor":14},{"not_picked":["Multi-Cast","Reboot"],"picked":"Core Surge+1","floor":16},{"not_picked":["Redo","Ball Lightning+1"],"picked":"Rebound+1","floor":18},{"not_picked":["Leap","Gash+1"],"picked":"Conserve Battery","floor":20}],"player_experience":444528,"relics_obtained":[{"floor":7,"key":"Tiny Chest"},{"floor":9,"key":"Molten Egg 2"},{"floor":10,"key":"Sundial"},{"floor":13,"key":"Pear"},{"floor":20,"key":"Red Mask"}],"event_choices":[{"damage_healed":0,"gold_gain":0,"player_choice":"Lose Max HP","damage_taken":0,"relics_obtained":["Golden Idol"],"max_hp_gain":0,"max_hp_loss":7,"event_name":"Golden Idol","floor":2,"gold_loss":0},{"cards_removed":["Strike_B"],"damage_healed":0,"gold_gain":0,"player_choice":"Card Removal","damage_taken":0,"max_hp_gain":0,"max_hp_loss":0,"event_name":"The Cleric","floor":3,"gold_loss":75},{"damage_healed":0,"gold_gain":0,"player_choice":"Grow","damage_taken":0,"max_hp_gain":0,"max_hp_loss":0,"event_name":"Living Wall","floor":4,"gold_loss":0,"cards_upgraded":["Sweeping Beam"]},{"damage_healed":0,"gold_gain":150,"player_choice":"AGREE","damage_taken":0,"max_hp_gain":0,"max_hp_loss":0,"event_name":"Liars Game","floor":5,"gold_loss":0,"cards_obtained":["Doubt"]},{"cards_removed":["Strike_B"],"damage_healed":0,"gold_gain":0,"player_choice":"Gave Gold","damage_taken":0,"max_hp_gain":0,"max_hp_loss":0,"event_name":"Beggar","floor":19,"gold_loss":75},{"damage_healed":0,"gold_gain":0,"player_choice":"Fought Bandits","damage_taken":0,"max_hp_gain":0,"max_hp_loss":0,"event_name":"Masked Bandits","floor":20,"gold_loss":0},{"damage_healed":0,"gold_gain":0,"player_choice":"Opened","damage_taken":0,"relics_obtained":["Meat on the Bone"],"max_hp_gain":0,"max_hp_loss":0,"event_name":"The Mausoleum","floor":21,"gold_loss":0,"cards_obtained":["Writhe"]},{"damage_healed":0,"gold_gain":0,"player_choice":"Fight","damage_taken":0,"max_hp_gain":0,"max_hp_loss":0,"event_name":"Colosseum","floor":22,"gold_loss":0}],"is_beta":false,"boss_relics":[{"not_picked":["Coffee Dripper","Ectoplasm"],"picked":"Velvet Choker"}],"items_purged_floors":[],"is_endless":false,"potions_floor_spawned":[7,11,13],"killed_by":"Colosseum Slavers","ascension_level":16}