{"gold_per_floor":[99,99,19,19,19,19,19,19,19,19,19,19,19,19,19,19,19,19,19,19,19,19,19,19,19,19,19,19,19,19,19,19,19,19,19,19,0,0,0,0,0,0,0,0,0,0,0,0,0,0,0],"floor_reached":51,"playtime":3288,"items_purged":[],"score":1471,"play_id":"26a91382-d9d3-4559-a106-019809d0aafa","local_time":"20181218060609","is_ascension_mode":true,"campfire_choices":[{"data":"Neutralize","floor":6.0,"key":"SMITH"},{"data":"Footwork","floor":8.0,"key":"SMITH"},{"data":"Caltrops","floor":11.0,"key":"SMITH"},{"data":"Deadly Poison","floor":13.0,"key":"SMITH"},{"floor":15.0,"key":"REST"},{"floor":24.0,"key":"REST"},{"data":"Noxious Fumes","floor":28,"key":"SMITH"},{"floor":32,"key":"REST"},{"floor":40,"key":"REST"},{"data":"Acrobatics","floor":44,"key":"SMITH"},{"data":"Apotheosis","floor":49,"key":"SMITH"}],"neow_cost":"NONE","seed_source_timestamp":159827728997000,"circlet_count":0,"master_deck":["AscendersBane","Defend_G","Defend_G","Defend_G","Defend_G","Defend_G","Strike_G","Strike_G+1","Strike_G+1","Survivor","Neutralize+1","Acrobatics+1","Flying Knee","Deadly Poison+1","Caltrops+1","Footwork+1","Backflip","Night Terror","Noxious Fumes+1","Cloak And Dagger","Escape Plan","Crippling Poison","Doppelganger","Wraith Form v2","Backflip","Apotheosis+1","Corpse Explosion","PiercingWail","Backflip"],"special_seed":0,"relics":["Ectoplasm","Lantern","PreservedInsect","Meat on the Bone","Runic Pyramid","Matryoshka","StoneCalendar","Happy Flower","Bird Faced Urn","Mango","Sozu","Red Mask","Tough Bandages","Darkstone Periapt","Whetstone","Ornamental Fan","MawBank","Bottled Lightning"],"potions_floor_usage":[27,51],"damage_taken":[{"damage":4.0,"enemies":"Jaw Worm","floor":1.0,"turns":4.0},{"damage":7.0,"enemies":"Small Slimes","floor":2.0,"turns":4.0},{"damage":0.0,"enemies":"2 Louse","floor":4.0,"turns":2.0},{"damage":14.0,"enemies":"3 Sentries","floor":7.0,"turns":11.0},{"damage":16.0,"enemies":"Lagavulin","floor":10.0,"turns":6.0},{"damage":1.0,"enemies":"The Guardian","floor":16.0,"turns":10.0},{"damage":4.0,"enemies":"Chosen","floor":18.0,"turns":7.0},{"damage":3.0,"enemies":"Spheric Guardian","floor":21.0,"turns":6.0},{"damage":20.0,"enemies":"3 Cultists","floor":22.0,"turns":6.0},{"damage":38.0,"enemies":"Book of Stabbing","floor":23.0,"turns":5.0},{"damage":34,"enemies":"Slavers","floor":27,"turns":7},{"damage":8,"enemies":"Snake Plant","floor":30,"turns":4},{"damage":2,"enemies":"Automaton","floor":33,"turns":12},{"damage":35,"enemies":"3 Darklings","floor":35,"turns":7},{"damage":14,"enemies":"3 Shapes","floor":39,"turns":5},{"damage":0,"enemies":"Mind Bloom Boss Battle","floor":41,"turns":7},{"damage":1,"enemies":"Reptomancer","floor":42,"turns":7},{"damage":6,"enemies":"Nemesis","floor":45,"turns":7},{"damage":1,"enemies":"Giant Head","floor":48,"turns":9},{"damage":2,"enemies":"Time Eater","floor":50,"turns":16},{"damage":52,"enemies":"Awakened One","floor":51,"turns":19}],"seed_played":"977201189351733134","potions_obtained":[{"floor":2.0,"key":"Energy Potion"},{"floor":4.0,"key":"SkillPotion"},{"floor":10.0,"key":"Ancient Potion"},{"floor":21.0,"key":"SkillPotion"},{"floor":23.0,"key":"Ancient Potion"},{"floor":30,"key":"Regen Potion"}],"is_trial":false,"path_per_floor":["M","M","$","M","?","R","E","R","T","E","R","$","R","?","R","B",null,"M","?","T","M","M","E","R","$","T","E","R","?","M","?","R","B",null,"M","?","?","?","M","R","?","E","T","R","E","$","?","E","R","B","B"],"character_chosen":"THE_SILENT","items_purchased":["Quick Slash","Deadly Poison"],"campfire_rested":4,"item_purchase_floors":[3,3],"current_hp_per_floor":[55,48,48,48,48,48,34,34,34,18,18,18,18,18,37,36,59,55,55,55,52,44,18,37,37,37,35,35,35,45,45,69,79,80,59,49,49,49,51,75,80,80,80,80,80,80,76,76,76,76,51],"gold":0,"neow_bonus":"BOSS_RELIC","is_prod":false,"is_daily":false,"chose_seed":false,"campfire_upgraded":7,"win_rate":0,"timestamp":1545131169,"path_taken":["M","M","$","M","?","R","E","R","T","E","R","?","R","?","R","BOSS","M","?","?","?","M","E","R","$","T","E","R","?","M","?","R","BOSS","M","?","?","?","?","R","?","E","T","R","E","?","?","E","R","BOSS","BOSS"],"build_version":"2018-11-15","purchased_purges":0,"victory":false,"max_hp_per_floor":[66,66,66,66,66,66,66,66,66,66,66,66,66,66,66,66,66,66,66,66,66,66,66,66,66,66,80,80,80,80,80,80,80,80,80,80,80,80,80,80,80,80,80,80,80,80,76,76,76,76,76],"card_choices":[{"not_picked":["Slice","Concentrate"],"picked":"Acrobatics","floor":1.0},{"not_picked":["Prepared","Deflect"],"picked":"Flying Knee","floor":2.0},{"not_picked":["Sucker Punch","Distraction"],"picked":"Caltrops","floor":4.0},{"not_picked":["Flying Knee","Infinite Blades"],"picked":"Footwork","floor":7.0},{"not_picked":["Cloak And Dagger","Blur"],"picked":"Backflip","floor":10.0},{"not_picked":["Burst","Phantasmal Killer"],"picked":"Night Terror","floor":16.0},{"not_picked":["Blade Dance","Heel Hook"],"picked":"Noxious Fumes","floor":18.0},{"not_picked":["Dagger Spray","Masterful Stab"],"picked":"Cloak And Dagger","floor":21.0},{"not_picked":["Quick Slash","Deadly Poison"],"picked":"Escape Plan","floor":22.0},{"not_picked":["Bouncing Flask","Caltrops","Flying Knee"],"picked":"SKIP","floor":23.0},{"not_picked":["Slice","Endless Agony","Tactician"],"picked":"SKIP","floor":27},{"not_picked":["Heel Hook","Deadly Poison","Bane"],"picked":"SKIP","floor":30},{"not_picked":["Unload","Doppelganger"],"picked":"Wraith Form v2","floor":33},{"not_picked":["Sucker Punch+1","Prepared"],"picked":"Backflip","floor":35},{"not_picked":["Enlightenment","Violence"],"picked":"Apotheosis","floor":36},{"not_picked":["Underhanded Strike","Escape Plan","Poisoned Stab"],"picked":"SKIP","floor":39},{"not_picked":["PiercingWail","Endless Agony"],"picked":"Corpse Explosion","floor":42},{"not_picked":["Prepared","Underhanded Strike"],"picked":"PiercingWail","floor":45},{"not_picked":["Backstab","Choke"],"picked":"Backflip","floor":48}],"player_experience":1851208,"relics_obtained":[{"floor":7.0,"key":"Lantern"},{"floor":9.0,"key":"PreservedInsect"},{"floor":10.0,"key":"Meat on the Bone"},{"floor":20.0,"key":"Matryoshka"},{"floor":23.0,"key":"StoneCalendar"},{"floor":26.0,"key":"Happy Flower"},{"floor":26.0,"key":"Bird Faced Urn"},{"floor":27,"key":"Mango"},{"floor":41,"key":"Tough Bandages"},{"floor":42,"key":"Darkstone Periapt"},{"floor":43,"key":"Whetstone"},{"floor":43,"key":"Ornamental Fan"},{"floor":45,"key":"MawBank"},{"floor":48,"key":"Bottled Lightning"}],"event_choices":[{"damage_healed":0.0,"max_hp_gain":0.0,"max_hp_loss":0.0,"gold_gain":0.0,"event_name":"The Cleric","player_choice":"Leave","floor":5.0,"gold_loss":0.0,"damage_taken":0.0},{"damage_healed":0.0,"max_hp_gain":0.0,"max_hp_loss":0.0,"gold_gain":0.0,"event_name":"Golden Idol","player_choice":"Ignored","floor":14.0,"gold_loss":0.0,"damage_taken":0.0},{"damage_healed":0,"gold_gain":0,"cards_transformed":["Strike_G","Strike_G"],"player_choice":"Became Test Subject","damage_taken":0,"max_hp_gain":0,"max_hp_loss":0,"event_name":"Drug Dealer","floor":29,"gold_loss":0,"cards_obtained":["Crippling Poison","Doppelganger"]},{"damage_healed":0,"gold_gain":0,"player_choice":"Ignored","damage_taken":0,"max_hp_gain":0,"max_hp_loss":0,"event_name":"The Mausoleum","floor":31,"gold_loss":0},{"damage_healed":0,"gold_gain":0,"player_choice":"Memory 3","damage_taken":10,"max_hp_gain":0,"max_hp_loss":0,"event_name":"SensoryStone","floor":36,"gold_loss":0},{"damage_healed":0,"gold_gain":0,"player_choice":"Paid","damage_taken":0,"relics_obtained":["Red Mask"],"max_hp_gain":0,"max_hp_loss":0,"event_name":"Tomb of Lord Red Mask","floor":37,"gold_loss":19},{"cards_removed":["Quick Slash"],"damage_healed":0,"gold_gain":0,"player_choice":"Removed Attack","damage_taken":0,"max_hp_gain":0,"max_hp_loss":0,"event_name":"Falling","floor":38,"gold_loss":0},{"damage_healed":0,"gold_gain":0,"player_choice":"Fight","damage_taken":0,"max_hp_gain":0,"max_hp_loss":0,"event_name":"MindBloom","floor":41,"gold_loss":0},{"damage_healed":0,"gold_gain":0,"player_choice":"Max HP","damage_taken":0,"max_hp_gain":0,"max_hp_loss":4,"event_name":"Winding Halls","floor":47,"gold_loss":0}],"is_beta":true,"boss_relics":[{"not_picked":["Velvet Choker","Tiny House"],"picked":"Runic Pyramid"},{"not_picked":["Empty Cage","Philosopher\u0027s Stone"],"picked":"Sozu"}],"items_purged_floors":[],"is_endless":false,"potions_floor_spawned":[2,4,10,21,23,30,39,41,48],"killed_by":"Awakened One","ascension_level":20}