{"gold_per_floor":[114,114,127,127,137,137,154,154,154,154,167,167,201,40,40,171,171,185,185,1,19,19,19,55,55,55,55,78,78,91,6,6,125,125,146,146,161,181,196,196,231,231,231,564,11,45,45,73,85,97],"floor_reached":51,"playtime":4934,"items_purged":["Strike_B"],"score":1005,"play_id":"3279fc70-5335-402c-9750-c7cf0d86a86e","local_time":"20190127225247","is_ascension_mode":true,"campfire_choices":[{"data":"Beam Cell","floor":6,"key":"SMITH"},{"data":"Reinforced Body","floor":10,"key":"SMITH"},{"data":"Coolheaded","floor":12,"key":"SMITH"},{"data":"Conserve Battery","floor":15,"key":"SMITH"},{"data":"Buffer","floor":23,"key":"SMITH"},{"data":"Dualcast","floor":27,"key":"SMITH"},{"data":"Panache","floor":29,"key":"SMITH"},{"floor":32,"key":"REST"},{"floor":40,"key":"REST"},{"floor":42,"key":"RECALL"},{"floor":49,"key":"REST"}],"neow_cost":"NONE","seed_source_timestamp":854546125015206,"circlet_count":0,"master_deck":["Strike_B+1","Strike_B+1","Defend_B+1","Defend_B+1","Defend_B+1","Defend_B+1","Zap+1","Dualcast+1","FTL+1","Conserve Battery+1","Beam Cell+1","Reinforced Body+1","Coolheaded+1","Darkness+1","Bandage Up+1","Buffer+1","Genetic Algorithm+1","Panache+1","Ball Lightning+1","Cold Snap+1","Leap+1","Consume+1","Echo Form+1","Turbo+1","Chill+1","Steam+1","Steam+1","Recycle+1","Defragment+1","Glacier+1","Fusion+1","Hologram+1"],"relics":["Cracked Core","Potion Belt","Toxic Egg 2","Runic Pyramid","Gambling Chip","Frozen Egg 2","Incense Burner","Inserter","Bag of Marbles","Torii","Nunchaku","Anchor","Pantograph","MawBank"],"potions_floor_usage":[11,24,33,33,41,50,50],"damage_taken":[{"damage":1,"enemies":"Small Slimes","floor":1,"turns":3},{"damage":2,"enemies":"Jaw Worm","floor":3,"turns":3},{"damage":1,"enemies":"2 Louse","floor":5,"turns":2},{"damage":9,"enemies":"Exordium Wildlife","floor":7,"turns":3},{"damage":0,"enemies":"Lots of Slimes","floor":11,"turns":1},{"damage":13,"enemies":"Lagavulin","floor":13,"turns":6},{"damage":44,"enemies":"Slime Boss","floor":16,"turns":14},{"damage":0,"enemies":"Chosen","floor":18,"turns":5},{"damage":22,"enemies":"2 Thieves","floor":21,"turns":4},{"damage":0,"enemies":"Book of Stabbing","floor":24,"turns":4},{"damage":0,"enemies":"Snake Plant","floor":28,"turns":3},{"damage":8,"enemies":"Shelled Parasite and Fungi","floor":30,"turns":5},{"damage":3,"enemies":"Collector","floor":33,"turns":14},{"damage":30,"enemies":"3 Shapes","floor":35,"turns":6},{"damage":0,"enemies":"Orb Walker","floor":37,"turns":5},{"damage":0,"enemies":"Maw","floor":38,"turns":7},{"damage":13,"enemies":"Writhing Mass","floor":39,"turns":8},{"damage":0,"enemies":"Reptomancer","floor":41,"turns":10},{"damage":0,"enemies":"Nemesis","floor":46,"turns":9},{"damage":0,"enemies":"Transient","floor":48,"turns":5},{"damage":47,"enemies":"Awakened One","floor":50,"turns":14}],"seed_played":"4298895490680651588","potions_obtained":[{"floor":5,"key":"Explosive Potion"},{"floor":16,"key":"Ancient Potion"},{"floor":21,"key":"Energy Potion"},{"floor":24,"key":"AttackPotion"},{"floor":35,"key":"Swift Potion"},{"floor":38,"key":"SpeedPotion"},{"floor":41,"key":"EssenceOfSteel"},{"floor":48,"key":"SkillPotion"}],"is_trial":false,"path_per_floor":["M","?","M","?","M","R","M","?","T","R","M","R","E","$","R","B",null,"M","?","$","M","$","R","E","?","T","R","M","R","M","?","R","B",null,"M","?","M","M","M","R","E","R","T","?","$","E","T","M","R","B",null],"character_chosen":"DEFECT","items_purchased":["Bandage Up+1","Panache","Defragment+1","Nunchaku","Anchor","Glacier+1"],"campfire_rested":3,"item_purchase_floors":[14,20,45,45,45,45],"current_hp_per_floor":[74,74,72,72,71,71,62,62,62,62,62,62,49,49,49,11,60,66,66,66,50,50,50,56,56,56,56,62,62,60,60,76,73,75,45,45,51,57,50,72,76,76,76,76,76,76,76,76,76,35],"gold":109,"neow_bonus":"TEN_PERCENT_HP_BONUS","is_prod":false,"is_daily":false,"chose_seed":false,"campfire_upgraded":7,"win_rate":0,"timestamp":1548658367,"path_taken":["M","?","M","?","M","R","M","?","T","R","M","R","E","$","R","BOSS","M","?","$","?","$","R","E","?","T","R","M","R","M","?","R","BOSS","M","?","M","M","?","R","E","R","T","?","$","E","?","M","R","BOSS"],"build_version":"2019-01-23","purchased_purges":1,"victory":true,"max_hp_per_floor":[82,82,82,82,82,82,82,76,76,76,76,76,76,76,76,76,76,76,76,76,76,76,76,76,76,76,76,76,76,76,76,76,76,76,76,76,76,76,76,76,76,76,76,76,76,76,76,76,76,76],"card_choices":[{"not_picked":["Gash","Steam"],"picked":"FTL","floor":1},{"not_picked":["Barrage","Gash"],"picked":"Conserve Battery","floor":3},{"not_picked":["Barrage","Sweeping Beam"],"picked":"Beam Cell","floor":5},{"not_picked":["Rebound","Redo"],"picked":"Reinforced Body","floor":7},{"not_picked":["Steam","Leap"],"picked":"Coolheaded","floor":11},{"not_picked":["Auto Shields","Conserve Battery"],"picked":"Darkness","floor":13},{"not_picked":["Hyperbeam","Rainbow+1"],"picked":"Buffer","floor":16},{"not_picked":["Compile Driver","Redo+1"],"picked":"Genetic Algorithm+1","floor":18},{"not_picked":["Reprogram+1","Compile Driver"],"picked":"Ball Lightning+1","floor":21},{"not_picked":["Aggregate+1","Sweeping Beam"],"picked":"Cold Snap+1","floor":24},{"not_picked":["Rebound","Stack+1"],"picked":"Leap+1","floor":28},{"not_picked":["Leap+1","Reprogram+1"],"picked":"Consume+1","floor":30},{"not_picked":["Fission+1","Machine Learning+1"],"picked":"Echo Form+1","floor":33},{"not_picked":["Barrage+1","Go for the Eyes"],"picked":"Turbo+1","floor":35},{"not_picked":["Lockon","Leap+1"],"picked":"Chill+1","floor":37},{"not_picked":["Leap+1","Barrage"],"picked":"Steam+1","floor":38},{"not_picked":["Compile Driver","Storm+1"],"picked":"Steam+1","floor":39},{"not_picked":["Blizzard","Compile Driver+1"],"picked":"Recycle+1","floor":41},{"not_picked":["Self Repair+1","Gash"],"picked":"Fusion+1","floor":46},{"not_picked":["Ball Lightning+1","Coolheaded+1"],"picked":"Hologram+1","floor":48}],"player_experience":393461,"relics_obtained":[{"floor":9,"key":"Potion Belt"},{"floor":13,"key":"Toxic Egg 2"},{"floor":24,"key":"Gambling Chip"},{"floor":26,"key":"Frozen Egg 2"},{"floor":41,"key":"Bag of Marbles"},{"floor":43,"key":"Torii"},{"floor":46,"key":"Pantograph"},{"floor":47,"key":"MawBank"}],"event_choices":[{"damage_healed":0,"gold_gain":0,"player_choice":"Grow","damage_taken":0,"max_hp_gain":0,"max_hp_loss":0,"event_name":"Living Wall","floor":2,"gold_loss":0,"cards_upgraded":["Zap"]},{"damage_healed":0,"gold_gain":0,"player_choice":"Ignored","damage_taken":0,"max_hp_gain":0,"max_hp_loss":0,"event_name":"Liars Game","floor":4,"gold_loss":0},{"damage_healed":0,"gold_gain":0,"player_choice":"Lose Max HP","damage_taken":0,"relics_obtained":["Golden Idol"],"max_hp_gain":0,"max_hp_loss":6,"event_name":"Golden Idol","floor":8,"gold_loss":0},{"cards_removed":["Strike_B"],"damage_healed":0,"gold_gain":0,"player_choice":"Offered Basic","damage_taken":0,"max_hp_gain":0,"max_hp_loss":0,"event_name":"Bonfire Elementals","floor":19,"gold_loss":0},{"damage_healed":0,"gold_gain":0,"player_choice":"Simplicity","damage_taken":0,"max_hp_gain":0,"max_hp_loss":0,"event_name":"Back to Basics","floor":25,"gold_loss":0,"cards_upgraded":["Strike_B","Strike_B","Defend_B","Defend_B","Defend_B","Defend_B"]},{"damage_healed":0,"gold_gain":0,"player_choice":"Obtained Relic","damage_taken":0,"relics_obtained":["Incense Burner"],"max_hp_gain":0,"max_hp_loss":0,"event_name":"Addict","floor":31,"gold_loss":85},{"damage_healed":0,"gold_gain":0,"player_choice":"Forge","damage_taken":0,"max_hp_gain":0,"max_hp_loss":0,"event_name":"Accursed Blacksmith","floor":36,"gold_loss":0,"cards_upgraded":["FTL"]},{"damage_healed":0,"gold_gain":333,"player_choice":"Gave Idol","damage_taken":0,"max_hp_gain":0,"max_hp_loss":0,"event_name":"The Moai Head","floor":44,"relics_lost":["Golden Idol"],"gold_loss":0}],"is_beta":false,"boss_relics":[{"not_picked":["Philosopher\u0027s Stone","Calling Bell"],"picked":"Runic Pyramid"},{"not_picked":["White Beast Statue","Tiny House"],"picked":"Inserter"}],"items_purged_floors":[14],"is_endless":false,"potions_floor_spawned":[5,16,21,24,35,38,41,48],"ascension_level":6}