{"gold_per_floor":[116,128,128,148,167,167,186,186,186,202,202,229,249,227,227,227],"floor_reached":16,"playtime":1586,"items_purged":[],"score":104,"play_id":"5c1939e9-3115-430c-8897-091066e8d42e","local_time":"20190127142643","is_ascension_mode":false,"campfire_choices":[{"data":"Pommel Strike","floor":6,"key":"SMITH"},{"data":"Armaments","floor":8,"key":"SMITH"},{"floor":11,"key":"REST"},{"data":"Flex","floor":15,"key":"SMITH"}],"neow_cost":"","seed_source_timestamp":1604685400836606,"circlet_count":0,"master_deck":["Strike_R+1","Strike_R","Strike_R","Strike_R","Strike_R","Defend_R","Defend_R","Defend_R","Defend_R","Bash","Armaments+1","Flex+1","Inflame","Pommel Strike+1","Reaper","Headbutt+1","Dropkick+1","Perfected Strike+1","Clothesline+1"],"relics":["Burning Blood","Molten Egg 2","Magic Flower"],"potions_floor_usage":[],"damage_taken":[{"damage":5,"enemies":"Cultist","floor":1,"turns":4},{"damage":7,"enemies":"2 Louse","floor":2,"turns":3},{"damage":6,"enemies":"Jaw Worm","floor":4,"turns":2},{"damage":28,"enemies":"Large Slime","floor":5,"turns":8},{"damage":12,"enemies":"Looter","floor":7,"turns":4},{"damage":8,"enemies":"2 Fungi Beasts","floor":10,"turns":4},{"damage":27,"enemies":"Gremlin Nob","floor":12,"turns":4},{"damage":0,"enemies":"3 Louse","floor":13,"turns":2},{"damage":81,"enemies":"The Guardian","floor":16,"turns":11}],"seed_played":"-2295638775633906258","potions_obtained":[{"floor":1,"key":"Strength Potion"},{"floor":5,"key":"Strength Potion"},{"floor":10,"key":"Swift Potion"}],"is_trial":false,"path_per_floor":["M","M","?","M","M","R","M","R","T","M","R","E","M","$","R","B"],"character_chosen":"IRONCLAD","items_purchased":["Clothesline+1"],"campfire_rested":1,"item_purchase_floors":[14],"current_hp_per_floor":[80,79,79,79,57,57,51,51,51,56,80,59,68,68,68,0],"gold":227,"neow_bonus":"","is_prod":false,"is_daily":false,"chose_seed":false,"campfire_upgraded":3,"win_rate":0.0,"timestamp":1548635203,"path_taken":["M","?","?","M","M","R","M","R","T","M","R","E","M","$","R","BOSS"],"build_version":"2019-01-23","purchased_purges":0,"victory":false,"max_hp_per_floor":[80,80,80,80,80,80,80,80,80,80,80,80,80,80,80,80],"card_choices":[{"not_picked":["Rampage","Pummel"],"picked":"Armaments","floor":1},{"not_picked":["Flame Barrier","Sword Boomerang"],"picked":"Flex","floor":2},{"not_picked":["Second Wind","Intimidate"],"picked":"Inflame","floor":4},{"not_picked":["Sword Boomerang","Body Slam"],"picked":"Pommel Strike","floor":5},{"not_picked":["Iron Wave","Sword Boomerang"],"picked":"Reaper","floor":7},{"not_picked":["Armaments","True Grit"],"picked":"Headbutt+1","floor":10},{"not_picked":["Sever Soul+1","Bludgeon+1"],"picked":"Dropkick+1","floor":12},{"not_picked":["Shockwave","Metallicize"],"picked":"Perfected Strike+1","floor":13}],"player_experience":0,"relics_obtained":[{"floor":9,"key":"Molten Egg 2"},{"floor":12,"key":"Magic Flower"}],"event_choices":[{"damage_healed":0,"gold_gain":0,"player_choice":"Grow","damage_taken":0,"max_hp_gain":0,"max_hp_loss":0,"event_name":"Living Wall","floor":3,"gold_loss":0,"cards_upgraded":["Strike_R"]}],"is_beta":false,"boss_relics":[],"items_purged_floors":[],"is_endless":false,"potions_floor_spawned":[1,5,10],"killed_by":"The Guardian","ascension_level":0}