{"gold_per_floor":[114,129,129,144,159,159,174,174,174,189,189,204,204,129,129,229,229,244,344,359,359,273,273,288,38,38,38,53,53,16,16,16,116,116,131,146,146,161,176,191,191],"floor_reached":41,"playtime":4504,"items_purged":["Backflip","Flash of Steel"],"score":437,"play_id":"d3621b67-8da5-4e08-85b0-7af76d58a89f","local_time":"20190120162309","daily_mods":["SealedDeck","Colorless Cards","Terminal"],"is_ascension_mode":false,"campfire_choices":[{"data":"Crippling Poison","floor":6,"key":"SMITH"},{"data":"Dash","floor":11,"key":"SMITH"},{"data":"Catalyst","floor":13,"key":"SMITH"},{"data":"Accuracy","floor":15,"key":"SMITH"},{"data":"Tools of the Trade","floor":23,"key":"SMITH"},{"data":"Infinite Blades","floor":27,"key":"SMITH"},{"floor":29,"key":"REST"},{"data":"Panacea","floor":32,"key":"SMITH"}],"neow_cost":"","seed_source_timestamp":569244616687649,"circlet_count":0,"master_deck":["Infinite Blades+1","PiercingWail","Quick Slash+1","Flying Knee+1","Poisoned Stab","Cloak And Dagger","Dash+1","Noxious Fumes+1","Cloak And Dagger","Crippling Poison+1","Panacea+1","Catalyst+1","Accuracy+1","Tools of the Trade+1","Finesse+1","Bouncing Flask+1","Infinite Blades+1","Unload","Well Laid Plans+1","After Image+1","Panacea+1","Tactician","Accuracy+1"],"special_seed":17916,"relics":["Ring of the Snake","Ninja Scroll","Bottled Flame","Runic Pyramid","Pocketwatch","Frozen Egg 2","Smiling Mask","Medical Kit","Whetstone","HoveringKite"],"potions_floor_usage":[19,19,38,38,38],"damage_taken":[{"damage":0,"enemies":"2 Louse","floor":1,"turns":3},{"damage":0,"enemies":"Cultist","floor":2,"turns":4},{"damage":1,"enemies":"Jaw Worm","floor":4,"turns":3},{"damage":0,"enemies":"Blue Slaver","floor":5,"turns":4},{"damage":0,"enemies":"Red Slaver","floor":7,"turns":3},{"damage":0,"enemies":"Exordium Thugs","floor":10,"turns":4},{"damage":0,"enemies":"Exordium Wildlife","floor":12,"turns":3},{"damage":0,"enemies":"Slime Boss","floor":16,"turns":8},{"damage":0,"enemies":"3 Byrds","floor":18,"turns":5},{"damage":3,"enemies":"Colosseum Slavers","floor":19,"turns":5},{"damage":19,"enemies":"Colosseum Nobs","floor":19,"turns":4},{"damage":9,"enemies":"2 Thieves","floor":20,"turns":4},{"damage":10,"enemies":"Centurion and Healer","floor":24,"turns":4},{"damage":0,"enemies":"3 Cultists","floor":28,"turns":5},{"damage":15,"enemies":"Collector","floor":33,"turns":8},{"damage":0,"enemies":"3 Shapes","floor":35,"turns":4},{"damage":3,"enemies":"Orb Walker","floor":36,"turns":4},{"damage":11,"enemies":"3 Darklings","floor":38,"turns":4},{"damage":2,"enemies":"Jaw Worm Horde","floor":39,"turns":4},{"damage":0,"enemies":"Maw","floor":40,"turns":6},{"damage":20,"enemies":"Spire Growth","floor":41,"turns":4}],"seed_played":"7558609228470536765","potions_obtained":[{"floor":4,"key":"Ancient Potion"},{"floor":10,"key":"Ancient Potion"},{"floor":12,"key":"FearPotion"},{"floor":24,"key":"Swift Potion"},{"floor":28,"key":"Explosive Potion"},{"floor":33,"key":"PowerPotion"},{"floor":38,"key":"Dexterity Potion"},{"floor":40,"key":"Poison Potion"}],"is_trial":false,"path_per_floor":["M","M","?","M","M","R","M","?","T","M","R","M","R","$","R","B",null,"M","?","M","T","$","R","M","$","T","R","M","R","$","?","R","B",null,"M","M","?","M","M","M","M"],"character_chosen":"THE_SILENT","items_purchased":["Accuracy","Infinite Blades+1","Medical Kit","Well Laid Plans+1"],"campfire_rested":1,"item_purchase_floors":[14,22,25,30],"current_hp_per_floor":[68,67,66,65,64,63,62,61,60,59,58,57,56,55,54,53,52,51,29,20,20,20,20,10,10,10,10,10,22,22,35,35,20,35,34,31,31,20,18,18,0],"gold":191,"neow_bonus":"","is_prod":false,"is_daily":true,"chose_seed":false,"campfire_upgraded":7,"win_rate":0,"timestamp":1548019389,"path_taken":["M","M","?","M","M","R","M","?","T","M","R","?","R","?","R","BOSS","M","?","M","?","?","R","M","$","T","R","?","R","$","?","R","BOSS","M","M","?","M","M","M","M"],"build_version":"2019-01-17v2","purchased_purges":2,"victory":false,"max_hp_per_floor":[68,67,66,65,64,63,62,61,60,59,58,57,56,55,54,53,52,51,50,49,48,47,46,45,44,43,42,41,40,39,38,37,36,35,34,33,32,31,30,29,29],"card_choices":[{"not_picked":["Catalyst","Predator"],"picked":"Crippling Poison","floor":1},{"not_picked":["Dagger Throw","Outmaneuver","Reflex"],"picked":"SKIP","floor":2},{"not_picked":["Concentrate","Quick Slash","Deflect"],"picked":"SKIP","floor":4},{"not_picked":["Blind","Underhanded Strike"],"picked":"Flash of Steel","floor":5},{"not_picked":["Swift Strike","Dagger Spray"],"picked":"Panacea","floor":7},{"not_picked":["Deep Breath","Slice"],"picked":"Catalyst","floor":10},{"not_picked":["Blade Dance","Bane","Poisoned Stab"],"picked":"SKIP","floor":12},{"not_picked":["The Bomb","Secret Weapon"],"picked":"Tools of the Trade","floor":16},{"not_picked":["Poisoned Stab","Calculated Gamble+1","Prepared"],"picked":"SKIP","floor":18},{"not_picked":["Flying Knee","PanicButton"],"picked":"Finesse+1","floor":19},{"not_picked":["Expertise","PiercingWail+1"],"picked":"Bouncing Flask+1","floor":20},{"not_picked":["Quick Slash+1","Finisher+1"],"picked":"Unload","floor":24},{"not_picked":["Concentrate","Flying Knee","Outmaneuver"],"picked":"SKIP","floor":28},{"not_picked":["Transmutation","Phantasmal Killer"],"picked":"After Image+1","floor":33},{"not_picked":["Purity","Well Laid Plans+1"],"picked":"Panacea+1","floor":35},{"not_picked":["Quick Slash+1","Discovery+1","Flying Knee"],"picked":"SKIP","floor":36},{"not_picked":["Dagger Spray","Finesse+1"],"picked":"Tactician","floor":38},{"not_picked":["Poisoned Stab+1","Sucker Punch+1"],"picked":"Accuracy+1","floor":39},{"not_picked":["Quick Slash+1","Deflect+1","Reflex"],"picked":"SKIP","floor":40}],"player_experience":88173,"relics_obtained":[{"floor":9,"key":"Bottled Flame"},{"floor":19,"key":"Pocketwatch"},{"floor":19,"key":"Frozen Egg 2"},{"floor":21,"key":"Smiling Mask"},{"floor":26,"key":"Whetstone"}],"event_choices":[{"damage_healed":0,"gold_gain":0,"player_choice":"Grow","damage_taken":0,"max_hp_gain":0,"max_hp_loss":0,"event_name":"Living Wall","floor":3,"gold_loss":0,"cards_upgraded":["Noxious Fumes"]},{"damage_healed":0,"gold_gain":0,"player_choice":"Gave Potion","damage_taken":0,"relics_obtained":["Ninja Scroll"],"max_hp_gain":0,"max_hp_loss":0,"event_name":"WeMeetAgain","floor":8,"gold_loss":0},{"damage_healed":0,"gold_gain":0,"player_choice":"Fight","damage_taken":0,"max_hp_gain":0,"max_hp_loss":0,"event_name":"Colosseum","floor":19,"gold_loss":0},{"damage_healed":0,"gold_gain":0,"player_choice":"Fought Nobs","damage_taken":0,"max_hp_gain":0,"max_hp_loss":0,"event_name":"Colosseum","floor":19,"gold_loss":0},{"damage_healed":13,"gold_gain":0,"player_choice":"Heal","damage_taken":0,"max_hp_gain":0,"max_hp_loss":0,"event_name":"The Library","floor":31,"gold_loss":0},{"damage_healed":0,"gold_gain":0,"player_choice":"Bought 0 Potions","damage_taken":0,"max_hp_gain":0,"max_hp_loss":0,"event_name":"The Woman in Blue","floor":37,"gold_loss":0}],"is_beta":false,"boss_relics":[{"not_picked":["Philosopher\u0027s Stone","White Beast Statue"],"picked":"Runic Pyramid"},{"not_picked":["Astrolabe","Lizard Tail"],"picked":"HoveringKite"}],"items_purged_floors":[22,25],"is_endless":false,"potions_floor_spawned":[4,10,12,19,24,28,33,38,40],"killed_by":"Spire Growth","ascension_level":0}