{"path_per_floor":["M","?","$","M","?","E","R","E","T","?","M","M","R","$","R","B",null,"M","M","M","$","?","R","M","R","T","M","R","M","M"],"character_chosen":"DEFECT","items_purchased":["Self Repair","Fission","Darkness","Capacitor"],"gold_per_floor":[109,109,71,82,157,184,184,211,211,386,406,424,424,154,154,259,259,279,291,304,204,119,119,135,135,135,145,145,164,175,175],"floor_reached":31,"campfire_rested":0,"playtime":2112,"item_purchase_floors":[3,14,14,14],"current_hp_per_floor":[75,60,60,67,56,47,47,36,36,36,43,49,49,49,49,56,75,75,57,54,54,54,54,52,52,52,35,35,27,11,0],"items_purged":["Doubt","Strike_B"],"gold":175,"score":297,"play_id":"6464ad75-00dc-47f8-8b56-0bbec12a567c","local_time":"20180521173142","is_prod":false,"is_daily":false,"chose_seed":false,"is_ascension_mode":false,"campfire_upgraded":6,"timestamp":1526891502,"campfire_choices":[{"data":"Dualcast","floor":7,"key":"SMITH"},{"data":"Static Discharge","floor":13,"key":"SMITH"},{"data":"Darkness","floor":15,"key":"SMITH"},{"data":"Rainbow","floor":23,"key":"SMITH"},{"data":"Fission","floor":25,"key":"SMITH"},{"data":"Defragment","floor":28,"key":"SMITH"}],"path_taken":["M","?","$","M","?","E","R","E","T","?","M","M","R","$","R","BOSS","M","M","?","$","?","R","M","R","T","M","R","M","M","E"],"build_version":"2018-05-18","seed_source_timestamp":21228770583810,"purchased_purges":2,"victory":false,"master_deck":["Strike_B","Strike_B","Defend_B","Defend_B","Defend_B","Defend_B","Zap+1","Dualcast+1","BootSequence","Darkness+1","Self Repair","Ball Lightning","Ball Lightning+1","Static Discharge+1","Capacitor","Fission+1","Darkness+1","Capacitor","Rainbow+1","Defragment+1","Beam Cell+1","Static Discharge","All For One+1","Stack","Stack","Ball Lightning+1"],"max_hp_per_floor":[75,75,75,75,75,75,75,75,75,75,75,75,75,75,75,75,75,75,75,75,75,75,75,75,75,75,75,75,75,75,75],"relics":["Cracked Core","Molten Egg 2","Gambling Chip","Toolbox","Runic Dome","Anchor","Mummified Hand"],"card_choices":[{"not_picked":["Axe Kick","Leap"],"picked":"Darkness","floor":1},{"not_picked":["Coolheaded","Streamline"],"picked":"Ball Lightning","floor":4},{"not_picked":["Capacitor","Go for the Eyes"],"picked":"Ball Lightning","floor":6},{"not_picked":["Rebound+1","Barrage+1","Blizzard+1"],"picked":"SKIP","floor":8},{"not_picked":["Force Field","Seek"],"picked":"Static Discharge","floor":11},{"not_picked":["Auto Shields","Barrage+1"],"picked":"Capacitor","floor":12},{"not_picked":["Biased Cognition","Seek"],"picked":"Rainbow","floor":16},{"not_picked":["Rip and Tear+1","Capacitor"],"picked":"Defragment","floor":18},{"not_picked":["Skim","Barrage+1"],"picked":"Beam Cell+1","floor":19},{"not_picked":["Hologram+1","Skim"],"picked":"Static Discharge","floor":20},{"not_picked":["Ball Lightning+1","Scrape+1"],"picked":"All For One+1","floor":24},{"not_picked":["Blizzard+1","Chill"],"picked":"Stack","floor":27},{"not_picked":["Coolheaded","Barrage+1"],"picked":"Stack","floor":29},{"not_picked":["Barrage+1","Rebound+1"],"picked":"Ball Lightning+1","floor":30}],"player_experience":156284,"potions_floor_usage":[20,29],"damage_taken":[{"damage":0,"enemies":"Small Slimes","floor":1,"turns":2},{"damage":0,"enemies":"2 Louse","floor":4,"turns":2},{"damage":16,"enemies":"Lagavulin","floor":6,"turns":4},{"damage":18,"enemies":"Gremlin Nob","floor":8,"turns":3},{"damage":0,"enemies":"Cultist","floor":11,"turns":2},{"damage":1,"enemies":"Large Slime","floor":12,"turns":4},{"damage":0,"enemies":"Slime Boss","floor":16,"turns":7},{"damage":10,"enemies":"Shell Parasite","floor":18,"turns":4},{"damage":25,"enemies":"Spheric Guardian","floor":19,"turns":4},{"damage":15,"enemies":"Snake Plant","floor":20,"turns":3},{"damage":9,"enemies":"Centurion and Healer","floor":24,"turns":5},{"damage":24,"enemies":"Snecko","floor":27,"turns":4},{"damage":8,"enemies":"3 Cultists","floor":29,"turns":4},{"damage":16,"enemies":"Snake Plant","floor":30,"turns":3},{"damage":17,"enemies":"Slavers","floor":31,"turns":2}],"relics_obtained":[{"floor":6,"key":"Molten Egg 2"},{"floor":8,"key":"Gambling Chip"},{"floor":9,"key":"Toolbox"},{"floor":26,"key":"Mummified Hand"}],"event_choices":[{"event_name":"Shining Light","player_choice":"Entered Light","floor":2,"damage_taken":0},{"event_name":"World of Goop","player_choice":"Gather Gold","floor":5,"damage_taken":0},{"event_name":"Liars Game","player_choice":"agreed","floor":10,"damage_taken":0},{"event_name":"Addict","player_choice":"Obtained Relic","floor":22,"damage_taken":0}],"boss_relics":[{"not_picked":["White Beast Statue","Eternal Feather"],"picked":"Runic Dome"}],"items_purged_floors":[14,21],"potions_floor_spawned":[1,11,12,18,19,24,27,30],"seed_played":"-2656261795229971042","killed_by":"Slavers","ascension_level":0,"potions_obtained":[{"floor":1,"key":"FearPotion"},{"floor":11,"key":"Regen Potion"},{"floor":12,"key":"SteroidPotion"},{"floor":18,"key":"AttackPotion"},{"floor":19,"key":"PowerPotion"},{"floor":24,"key":"Poison Potion"},{"floor":30,"key":"Strength Potion"}],"is_trial":false}