{"gold_per_floor":[116,126,126,76,76,76,94,94,94,94,110,127,1,12,12,117,117,129,112,112,112,127,153,153,153],"floor_reached":25,"playtime":799,"items_purged":["Pain"],"score":238,"play_id":"2ad33156-0d88-4fb2-a718-752fb46f1183","local_time":"20190207131157","is_ascension_mode":false,"campfire_choices":[{"data":"Neutralize","floor":6,"key":"SMITH"},{"data":"Poisoned Stab","floor":8,"key":"SMITH"},{"floor":15,"key":"REST"},{"floor":24,"key":"REST"}],"neow_cost":"NONE","seed_source_timestamp":1276068922465300,"circlet_count":0,"master_deck":["Defend_G","Defend_G","Defend_G","Defend_G","Defend_G","Survivor","Neutralize+1","Poisoned Stab+1","Dodge and Roll","Slice","Dagger Spray","Poisoned Stab","Acrobatics","Deflect+1","Bite","Bite","Bite","Bite","Bite","Bouncing Flask","Deflect"],"relics":["Ring of the Snake","Juzu Bracelet","WarpedTongs","Bottled Lightning","Snake Skull","Philosopher\u0027s Stone","MutagenicStrength","Vajra"],"potions_floor_usage":[16,16,23,25],"damage_taken":[{"damage":1,"enemies":"2 Louse","floor":1,"turns":3},{"damage":0,"enemies":"Cultist","floor":2,"turns":4},{"damage":7,"enemies":"Small Slimes","floor":7,"turns":3},{"damage":4,"enemies":"Exordium Wildlife","floor":11,"turns":4},{"damage":2,"enemies":"3 Louse","floor":12,"turns":3},{"damage":0,"enemies":"Blue Slaver","floor":14,"turns":3},{"damage":10,"enemies":"Hexaghost","floor":16,"turns":6},{"damage":14,"enemies":"Shell Parasite","floor":18,"turns":4},{"damage":6,"enemies":"2 Thieves","floor":19,"turns":4},{"damage":19,"enemies":"Sentry and Sphere","floor":22,"turns":6},{"damage":29,"enemies":"Book of Stabbing","floor":23,"turns":6},{"damage":59,"enemies":"Slavers","floor":25,"turns":4}],"seed_played":"-6020821652867695098","potions_obtained":[{"floor":1,"key":"Strength Potion"},{"floor":11,"key":"AttackPotion"},{"floor":14,"key":"PowerPotion"},{"floor":18,"key":"Weak Potion"},{"floor":22,"key":"Energy Potion"},{"floor":23,"key":"SteroidPotion"}],"is_trial":false,"path_per_floor":["M","M","?","?","?","R","M","R","T","T","M","M","$","M","R","B",null,"M","M","?","?","M","E","R","E"],"character_chosen":"THE_SILENT","items_purchased":["Poisoned Stab"],"campfire_rested":2,"item_purchase_floors":[13],"current_hp_per_floor":[69,69,69,69,69,69,62,62,62,62,58,56,56,56,70,60,70,56,50,50,49,40,21,35,0],"gold":153,"neow_bonus":"RANDOM_COMMON_RELIC","is_prod":false,"is_daily":false,"chose_seed":false,"campfire_upgraded":2,"win_rate":0,"timestamp":1549573917,"path_taken":["M","M","?","?","?","R","M","R","T","?","M","M","$","M","R","BOSS","M","M","?","?","M","E","R","E"],"build_version":"2019-01-23","purchased_purges":1,"victory":false,"max_hp_per_floor":[70,70,70,70,70,70,70,70,70,70,70,70,70,70,70,70,70,70,70,70,49,49,49,49,49],"card_choices":[{"not_picked":["Dash","Flying Knee"],"picked":"Poisoned Stab","floor":1},{"not_picked":["Outmaneuver","Choke"],"picked":"Dodge and Roll","floor":2},{"not_picked":["Blade Dance","Quick Slash"],"picked":"Dagger Spray","floor":7},{"not_picked":["Escape Plan","Calculated Gamble","Outmaneuver"],"picked":"SKIP","floor":11},{"not_picked":["Caltrops","Escape Plan","Calculated Gamble"],"picked":"SKIP","floor":12},{"not_picked":["Blade Dance","PiercingWail"],"picked":"Acrobatics","floor":14},{"not_picked":["Finisher","Backflip"],"picked":"Deflect+1","floor":18},{"not_picked":["Concentrate+1","Dodge and Roll","PiercingWail"],"picked":"SKIP","floor":19},{"not_picked":["Footwork","Quick Slash+1"],"picked":"Bouncing Flask","floor":22},{"not_picked":["Blade Dance+1","Setup+1"],"picked":"Deflect","floor":23}],"player_experience":104359,"relics_obtained":[{"floor":9,"key":"Bottled Lightning"},{"floor":10,"key":"Snake Skull"},{"floor":23,"key":"Vajra"}],"event_choices":[{"damage_healed":0,"gold_gain":0,"player_choice":"Rummage","damage_taken":0,"relics_obtained":["WarpedTongs"],"max_hp_gain":0,"max_hp_loss":0,"event_name":"Accursed Blacksmith","floor":3,"gold_loss":0,"cards_obtained":["Pain"]},{"cards_removed":["Strike_G"],"damage_healed":0,"gold_gain":0,"player_choice":"Card Removal","damage_taken":0,"max_hp_gain":0,"max_hp_loss":0,"event_name":"The Cleric","floor":4,"gold_loss":50},{"damage_healed":0,"gold_gain":0,"cards_transformed":["Strike_G"],"player_choice":"Change","damage_taken":0,"max_hp_gain":0,"max_hp_loss":0,"event_name":"Living Wall","floor":5,"gold_loss":0,"cards_obtained":["Slice"]},{"damage_healed":0,"gold_gain":0,"player_choice":"Inject Mutagens","damage_taken":0,"relics_obtained":["MutagenicStrength"],"max_hp_gain":0,"max_hp_loss":0,"event_name":"Drug Dealer","floor":20,"gold_loss":0},{"damage_healed":0,"gold_gain":0,"player_choice":"Became a vampire","damage_taken":0,"max_hp_gain":0,"max_hp_loss":21,"event_name":"Vampires","floor":21,"gold_loss":0,"cards_obtained":["Bite","Bite","Bite","Bite","Bite"]}],"is_beta":false,"boss_relics":[{"not_picked":["Astrolabe","Ring of the Serpent"],"picked":"Philosopher\u0027s Stone"}],"items_purged_floors":[13],"is_endless":false,"potions_floor_spawned":[1,11,14,18,22,23],"killed_by":"Slavers","ascension_level":0}