{"gold_per_floor":[118,68,87,11,11,45,45,75,75,89,119,45,64,77,77,177,177,190,210,210],"floor_reached":20,"playtime":1060,"items_purged":[],"score":213,"play_id":"887b6101-a11d-44b6-9f5f-cbe28aca575a","local_time":"20190113173458","is_ascension_mode":true,"campfire_choices":[{"data":"Zap","floor":7,"key":"SMITH"},{"floor":15,"key":"REST"}],"neow_cost":"NONE","seed_source_timestamp":1007816802664835,"circlet_count":0,"master_deck":["Strike_B","Strike_B","Strike_B","Defend_B","Defend_B","Defend_B","Defend_B","Zap+1","Dualcast","Compile Driver","Coolheaded","Self Repair","Ball Lightning","Seek","Defragment","Capacitor","Loop","Cold Snap","Force Field","Creative AI","Coolheaded"],"relics":["Cracked Core","Kunai","Symbiotic Virus","Bottled Flame","Sundial","Inserter"],"potions_floor_usage":[],"damage_taken":[{"damage":8,"enemies":"Jaw Worm","floor":1,"turns":4},{"damage":3,"enemies":"2 Louse","floor":3,"turns":2},{"damage":31,"enemies":"3 Sentries","floor":6,"turns":10},{"damage":28,"enemies":"Gremlin Nob","floor":8,"turns":4},{"damage":0,"enemies":"Cultist","floor":10,"turns":3},{"damage":26,"enemies":"Lagavulin","floor":11,"turns":4},{"damage":6,"enemies":"Looter","floor":13,"turns":2},{"damage":10,"enemies":"Large Slime","floor":14,"turns":5},{"damage":5,"enemies":"The Guardian","floor":16,"turns":10},{"damage":22,"enemies":"3 Byrds","floor":18,"turns":5},{"damage":9,"enemies":"Chosen","floor":19,"turns":5},{"damage":68,"enemies":"Sentry and Sphere","floor":20,"turns":7}],"seed_played":"307261383040118035","potions_obtained":[{"floor":6,"key":"Ancient Potion"},{"floor":10,"key":"SkillPotion"},{"floor":11,"key":"FocusPotion"},{"floor":16,"key":"EntropicBrew"}],"is_trial":false,"path_per_floor":["M","?","M","$","?","E","R","E","T","M","E","$","M","M","R","B",null,"M","M","M"],"character_chosen":"DEFECT","items_purchased":["Self Repair","Loop"],"campfire_rested":1,"item_purchase_floors":[4,12],"current_hp_per_floor":[74,74,71,71,82,58,58,37,37,44,25,25,19,16,40,42,82,67,65,0],"gold":210,"neow_bonus":"TEN_PERCENT_HP_BONUS","is_prod":false,"is_daily":false,"chose_seed":false,"campfire_upgraded":1,"win_rate":0,"timestamp":1547397298,"path_taken":["M","?","M","$","?","E","R","E","T","M","E","$","M","M","R","BOSS","M","M","?"],"build_version":"2019-01-10","purchased_purges":0,"victory":false,"max_hp_per_floor":[82,82,82,82,82,82,82,82,82,82,82,82,82,82,82,82,82,82,82,82],"card_choices":[{"not_picked":["Beam Cell","Streamline"],"picked":"Compile Driver","floor":1},{"not_picked":["Hologram","Blizzard"],"picked":"Coolheaded","floor":3},{"not_picked":["Barrage","Fission"],"picked":"Ball Lightning","floor":6},{"not_picked":["Leap","Steam Power"],"picked":"Seek","floor":8},{"not_picked":["Heatsinks","FTL"],"picked":"Defragment","floor":10},{"not_picked":["Go for the Eyes","FTL"],"picked":"Capacitor","floor":11},{"not_picked":["Turbo","Conserve Battery"],"picked":"Cold Snap","floor":13},{"not_picked":["Scrape","Barrage"],"picked":"Force Field","floor":14},{"not_picked":["Reboot","Rainbow"],"picked":"Creative AI","floor":16},{"not_picked":["Steam","Static Discharge"],"picked":"Coolheaded","floor":18},{"not_picked":["Leap","Turbo","Aggregate"],"picked":"SKIP","floor":19}],"player_experience":168109,"relics_obtained":[{"floor":6,"key":"Kunai"},{"floor":8,"key":"Symbiotic Virus"},{"floor":9,"key":"Bottled Flame"},{"floor":11,"key":"Sundial"}],"event_choices":[{"cards_removed":["Strike_B"],"damage_healed":0,"gold_gain":0,"player_choice":"Card Removal","damage_taken":0,"max_hp_gain":0,"max_hp_loss":0,"event_name":"The Cleric","floor":2,"gold_loss":50},{"damage_healed":11,"gold_gain":0,"player_choice":"Full Heal","damage_taken":0,"max_hp_gain":0,"max_hp_loss":0,"event_name":"Wheel of Change","floor":5,"gold_loss":0}],"is_beta":false,"boss_relics":[{"not_picked":["Cursed Key","Fusion Hammer"],"picked":"Inserter"}],"items_purged_floors":[],"is_endless":false,"potions_floor_spawned":[6,10,11,13,16],"killed_by":"Sentry and Sphere","ascension_level":2}