{"gold_per_floor":[10,10,34,52,67,67,100,120,173,248,248,248,89,132,132,255,255,255,170,170,170,170,170,170,170,170,170,170,170,17,17,17,17,17,17,17,17,17,17,17,17,17,17,17,17,17,17,17,17,17],"floor_reached":51,"playtime":6425,"items_purged":["Defend_B"],"score":1049,"play_id":"72ae772e-3ae8-42d6-a43d-1de324016d53","local_time":"20181111184010","is_ascension_mode":true,"campfire_choices":[{"floor":6,"key":"REST"},{"floor":11,"key":"REST"},{"data":"Static Discharge","floor":15,"key":"SMITH"},{"floor":23,"key":"REST"},{"floor":32,"key":"REST"},{"data":"Mayhem","floor":40,"key":"SMITH"},{"floor":42,"key":"REST"},{"floor":47,"key":"REST"},{"data":"Consume","floor":49,"key":"SMITH"}],"neow_cost":"NO_GOLD","seed_source_timestamp":2825137310271577,"circlet_count":0,"master_deck":["Strike_B","Strike_B","Defend_B","Defend_B","Defend_B","Zap+1","Dualcast","Rebound","Static Discharge+1","Cold Snap","Coolheaded","Self Repair","Coolheaded","BootSequence","Finesse","Biased Cognition","All For One","Sunder","Go for the Eyes+1","Ball Lightning","Capacitor+1","Compile Driver+1","Electrodynamics","White Noise","Panacea","Bandage Up","Mayhem+1","Cold Snap","Cold Snap","Conserve Battery+1","Consume+1","Compile Driver+1","Conserve Battery"],"relics":["Cracked Core","Golden Idol","Strawberry","Tiny Chest","Bag of Preparation","Happy Flower","Ectoplasm","Centennial Puzzle","Red Mask","Incense Burner","Orichalcum","Bronze Scales","Sozu","Lantern","Art of War","Meat on the Bone","Dream Catcher","Prayer Wheel"],"potions_floor_usage":[5,7,14,14,21,31,33],"damage_taken":[{"damage":1,"enemies":"2 Louse","floor":1,"turns":3},{"damage":8,"enemies":"Jaw Worm","floor":3,"turns":4},{"damage":1,"enemies":"Cultist","floor":4,"turns":3},{"damage":1,"enemies":"Blue Slaver","floor":5,"turns":5},{"damage":10,"enemies":"Gremlin Nob","floor":7,"turns":5},{"damage":15,"enemies":"3 Louse","floor":8,"turns":2},{"damage":0,"enemies":"Lagavulin","floor":14,"turns":7},{"damage":46,"enemies":"The Guardian","floor":16,"turns":12},{"damage":14,"enemies":"Spheric Guardian","floor":18,"turns":4},{"damage":2,"enemies":"Shell Parasite","floor":21,"turns":3},{"damage":30,"enemies":"Masked Bandits","floor":22,"turns":6},{"damage":17,"enemies":"Book of Stabbing","floor":24,"turns":6},{"damage":0,"enemies":"Chosen and Byrds","floor":27,"turns":6},{"damage":17,"enemies":"Shelled Parasite and Fungi","floor":28,"turns":4},{"damage":2,"enemies":"3 Cultists","floor":29,"turns":4},{"damage":8,"enemies":"Snake Plant","floor":31,"turns":4},{"damage":21,"enemies":"Automaton","floor":33,"turns":10},{"damage":6,"enemies":"3 Darklings","floor":35,"turns":3},{"damage":42,"enemies":"Giant Head","floor":41,"turns":9},{"damage":11,"enemies":"Nemesis","floor":44,"turns":7},{"damage":18,"enemies":"2 Orb Walkers","floor":46,"turns":3},{"damage":6,"enemies":"Orb Walker","floor":48,"turns":3},{"damage":61,"enemies":"Time Eater","floor":50,"turns":15}],"seed_played":"-842501272299555790","potions_obtained":[{"floor":3,"key":"FocusPotion"},{"floor":4,"key":"SkillPotion"},{"floor":7,"key":"FocusPotion"},{"floor":8,"key":"Poison Potion"},{"floor":18,"key":"Block Potion"},{"floor":21,"key":"Weak Potion"},{"floor":29,"key":"Swift Potion"},{"floor":33,"key":"SmokeBomb"}],"is_trial":false,"path_per_floor":["M","?","M","M","M","R","E","M","T","?","R","T","$","E","R","B",null,"M","?","?","M","?","R","E","?","T","M","M","M","$","M","R","B",null,"M","$","?","$","?","R","E","R","T","E","T","?","R","M","R","B",null],"character_chosen":"DEFECT","items_purchased":["Finesse","Bronze Scales"],"campfire_rested":6,"item_purchase_floors":[13,30],"current_hp_per_floor":[67,49,41,40,39,61,65,50,50,39,63,63,63,70,70,31,69,62,62,62,60,37,61,51,51,51,58,48,53,53,52,76,62,77,78,78,78,78,68,68,37,61,61,61,61,54,78,79,79,34],"gold":17,"neow_bonus":"TRANSFORM_TWO_CARDS","is_prod":false,"is_daily":false,"chose_seed":false,"campfire_upgraded":3,"win_rate":0,"timestamp":1541979610,"path_taken":["M","?","M","M","M","R","E","M","T","?","R","?","$","E","R","BOSS","M","?","?","?","?","R","E","?","T","?","M","M","$","M","R","BOSS","M","$","?","?","?","R","E","R","T","E","?","?","R","?","R","BOSS"],"build_version":"2018-11-08","purchased_purges":1,"victory":true,"max_hp_per_floor":[75,75,75,75,75,75,82,82,82,82,82,82,82,82,82,82,82,82,82,82,82,82,82,82,82,82,82,82,82,82,82,82,82,82,82,82,82,82,82,82,82,82,82,82,82,82,82,82,82,82],"card_choices":[{"not_picked":["Hologram","Blizzard"],"picked":"Cold Snap","floor":1},{"not_picked":["Rip and Tear","Redo","Stack"],"picked":"SKIP","floor":3},{"not_picked":["Streamline","Steam"],"picked":"Coolheaded","floor":4},{"not_picked":["Ball Lightning","Biased Cognition"],"picked":"Self Repair","floor":5},{"not_picked":["Turbo","Beam Cell"],"picked":"Coolheaded","floor":7},{"not_picked":["Double Energy","Stack"],"picked":"BootSequence","floor":8},{"not_picked":["Creative AI","Rip and Tear"],"picked":"Biased Cognition","floor":14},{"not_picked":["Biased Cognition","Reboot"],"picked":"All For One","floor":16},{"not_picked":["BootSequence+1","Recycle"],"picked":"Sunder","floor":18},{"not_picked":["Chaos","Steam","BootSequence+1"],"picked":"SKIP","floor":21},{"not_picked":["Self Repair","Rebound"],"picked":"Go for the Eyes+1","floor":24},{"not_picked":["Multi-Cast","Barrage+1"],"picked":"Ball Lightning","floor":27},{"not_picked":["Genetic Algorithm","Barrage","Tempest"],"picked":"SKIP","floor":28},{"not_picked":["Fusion","Barrage"],"picked":"Capacitor+1","floor":29},{"not_picked":["Force Field+1","Redo"],"picked":"Compile Driver+1","floor":31},{"not_picked":["Fission","Multi-Cast"],"picked":"Electrodynamics","floor":33},{"not_picked":["Stack+1","Streamline"],"picked":"White Noise","floor":35},{"not_picked":["Mind Blast","Magnetism"],"picked":"Panacea","floor":39},{"not_picked":["Impatience","Purity"],"picked":"Bandage Up","floor":39},{"not_picked":["Transmutation","Jack Of All Trades"],"picked":"Mayhem","floor":39},{"not_picked":["Redo","Gash+1"],"picked":"Cold Snap","floor":41},{"not_picked":["Redo","Recycle+1"],"picked":"Cold Snap","floor":44},{"not_picked":["Hello World+1","Rip and Tear"],"picked":"Conserve Battery+1","floor":46},{"not_picked":["Gash","Stack"],"picked":"Consume","floor":47},{"not_picked":["Cold Snap+1","Melter"],"picked":"Compile Driver+1","floor":48},{"not_picked":["Rebound","BootSequence"],"picked":"Conserve Battery","floor":48}],"player_experience":514566,"relics_obtained":[{"floor":7,"key":"Strawberry"},{"floor":9,"key":"Tiny Chest"},{"floor":12,"key":"Bag of Preparation"},{"floor":14,"key":"Happy Flower"},{"floor":22,"key":"Red Mask"},{"floor":24,"key":"Incense Burner"},{"floor":26,"key":"Orichalcum"},{"floor":41,"key":"Lantern"},{"floor":43,"key":"Art of War"},{"floor":44,"key":"Meat on the Bone"},{"floor":45,"key":"Dream Catcher"},{"floor":46,"key":"Prayer Wheel"}],"event_choices":[{"damage_healed":0,"gold_gain":0,"player_choice":"Take Damage","damage_taken":18,"relics_obtained":["Golden Idol"],"max_hp_gain":0,"max_hp_loss":0,"event_name":"Golden Idol","floor":2,"gold_loss":0},{"damage_healed":0,"gold_gain":75,"player_choice":"Gather Gold","damage_taken":11,"max_hp_gain":0,"max_hp_loss":0,"event_name":"World of Goop","floor":10,"gold_loss":0},{"damage_healed":0,"gold_gain":0,"player_choice":"Obtained Relic","damage_taken":0,"relics_obtained":["Centennial Puzzle"],"max_hp_gain":0,"max_hp_loss":0,"event_name":"Addict","floor":19,"gold_loss":85},{"damage_healed":0,"gold_gain":200,"player_choice":"Gold","damage_taken":0,"max_hp_gain":0,"max_hp_loss":0,"event_name":"Wheel of Change","floor":20,"gold_loss":0},{"damage_healed":0,"gold_gain":0,"player_choice":"Fought Bandits","damage_taken":0,"max_hp_gain":0,"max_hp_loss":0,"event_name":"Masked Bandits","floor":22,"gold_loss":0},{"damage_healed":0,"gold_gain":0,"player_choice":"Upgraded","damage_taken":0,"max_hp_gain":0,"max_hp_loss":0,"event_name":"Upgrade Shrine","floor":25,"gold_loss":0,"cards_upgraded":["Zap"]},{"damage_healed":0,"gold_gain":0,"player_choice":"Ignored","damage_taken":0,"max_hp_gain":0,"max_hp_loss":0,"event_name":"SecretPortal","floor":37,"gold_loss":0},{"damage_healed":0,"gold_gain":0,"player_choice":"Memory 3","damage_taken":10,"max_hp_gain":0,"max_hp_loss":0,"event_name":"SensoryStone","floor":39,"gold_loss":0},{"damage_healed":0,"gold_gain":0,"player_choice":"Fight","damage_taken":0,"max_hp_gain":0,"max_hp_loss":0,"event_name":"Mysterious Sphere","floor":46,"gold_loss":0}],"is_beta":false,"boss_relics":[{"not_picked":["Black Star","Empty Cage"],"picked":"Ectoplasm"},{"not_picked":["Runic Pyramid","Busted Crown"],"picked":"Sozu"}],"items_purged_floors":[13],"is_endless":false,"potions_floor_spawned":[3,4,7,8,18,21,29,33,41,46],"ascension_level":9}