{"gold_per_floor":[144,144,189,234,279,279,324,324,399,474,519,564,564,609,609,909,909,954,279,279,279,324,324,369,186,236,236,326,371,416,2,2,2],"floor_reached":33,"playtime":1465,"items_purged":["Concentrate","Streamline"],"score":361,"play_id":"72b8163e-d5a7-43b7-acaf-1308a8c44c0a","local_time":"20181214174657","daily_mods":["Insanity","Diverse","Midas"],"is_ascension_mode":false,"campfire_choices":[{"floor":6.0,"key":"REST"},{"floor":8.0,"key":"REST"},{"floor":15.0,"key":"REST"},{"floor":23,"key":"REST"},{"floor":32,"key":"REST"}],"neow_cost":"","seed_source_timestamp":0,"circlet_count":0,"master_deck":["Steam","Static Discharge","Body Slam","Heavy Blade","Rage","Sucker Punch","Ball Lightning","Chaos","Battle Trance","Go for the Eyes","Defragment","Rebound","Sentinel","Cloak And Dagger","True Grit","Cleave","Headbutt","Dagger Spray","Deflect","Heatsinks","Tactician","Clash","Rampage","Dagger Spray+1","Ball Lightning","Rupture","Twin Strike","All Out Attack","Sword Boomerang","Leg Sweep","Clash","Storm","Reflex","Carnage","PiercingWail","True Grit","Anger+1","Sweeping Beam","Go for the Eyes","Cloak And Dagger","Clash","Go for the Eyes","Thunderclap","Iron Wave","Flex","Cold Snap","Underhanded Strike","Pommel Strike","Hologram","Ball Lightning","FTL","Distraction+1","Cleave+1","Conserve Battery+1","Impervious+1","Endless Agony+1","Bite+1","Bite+1","Bite+1","Bite+1","Bite+1","True Grit+1","Flex+1","Finesse+1","Normality","Blur+1","Shockwave+1","Sentinel+1","Enlightenment+1","Mayhem","Metallicize"],"special_seed":17878,"relics":["Cracked Core","Toxic Egg 2","Molten Egg 2","Cursed Key","Darkstone Periapt","Chemical X","Whetstone","DataDisk","Oddly Smooth Stone","The Courier","OrangePellets"],"potions_floor_usage":[29,29,29,29,29,29,30],"damage_taken":[{"damage":0.0,"enemies":"Cultist","floor":1.0,"turns":3.0},{"damage":11.0,"enemies":"Jaw Worm","floor":3.0,"turns":2.0},{"damage":0.0,"enemies":"2 Louse","floor":4.0,"turns":2.0},{"damage":12.0,"enemies":"2 Fungi Beasts","floor":5.0,"turns":3.0},{"damage":19.0,"enemies":"Lots of Slimes","floor":7.0,"turns":4.0},{"damage":5.0,"enemies":"3 Louse","floor":11.0,"turns":2.0},{"damage":14.0,"enemies":"Gremlin Gang","floor":12.0,"turns":3.0},{"damage":0.0,"enemies":"Looter","floor":14.0,"turns":1.0},{"damage":27.0,"enemies":"Slime Boss","floor":16.0,"turns":7.0},{"damage":10.0,"enemies":"3 Byrds","floor":18.0,"turns":2.0},{"damage":6,"enemies":"Chosen","floor":22,"turns":3},{"damage":20,"enemies":"Centurion and Healer","floor":24,"turns":3},{"damage":33,"enemies":"Gremlin Leader","floor":28,"turns":5},{"damage":5,"enemies":"Shelled Parasite and Fungi","floor":29,"turns":3},{"damage":15,"enemies":"Snake Plant","floor":30,"turns":5},{"damage":63,"enemies":"Automaton","floor":33,"turns":6}],"seed_played":"3805616008344582857","potions_obtained":[{"floor":4.0,"key":"Ancient Potion"},{"floor":12.0,"key":"GamblersBrew"},{"floor":13.0,"key":"EntropicBrew"},{"floor":16.0,"key":"FocusPotion"},{"floor":29,"key":"Regen Potion"}],"is_trial":false,"path_per_floor":["M","$","M","M","M","R","M","R","T","T","M","M","?","M","R","B",null,"M","$","?","?","M","R","M","$","T","?","E","M","M","$","R","B"],"character_chosen":"DEFECT","items_purchased":["Darkstone Periapt","Chemical X","Whetstone","Finesse+1","OrangePellets","Enlightenment+1","Mayhem","Metallicize"],"campfire_rested":5,"item_purchase_floors":[19,19,19,25,31,31,31,31],"current_hp_per_floor":[75,75,64,64,52,74,55,75,75,75,70,56,56,56,75,48,75,65,65,52,52,46,52,41,41,47,47,20,18,23,23,40,0],"gold":2,"neow_bonus":"","is_prod":false,"is_daily":true,"chose_seed":false,"campfire_upgraded":0,"win_rate":0,"timestamp":1544827617,"path_taken":["M","$","M","M","M","R","M","R","T","?","M","M","?","M","R","BOSS","M","$","?","?","M","R","M","$","T","?","E","M","?","$","R","BOSS"],"build_version":"2018-12-13","purchased_purges":2,"victory":false,"max_hp_per_floor":[75,75,75,75,75,75,75,75,75,75,75,75,75,75,75,75,75,75,75,52,52,52,52,52,52,58,58,58,58,58,58,58,58],"card_choices":[{"not_picked":["Pommel Strike","Clothesline"],"picked":"Hologram","floor":1.0},{"not_picked":["Battle Trance","Deflect"],"picked":"Ball Lightning","floor":3.0},{"not_picked":["True Grit","Infinite Blades","Dagger Throw"],"picked":"SKIP","floor":4.0},{"not_picked":["Shockwave","Barrage","Steam"],"picked":"SKIP","floor":5.0},{"not_picked":["Anger","Second Wind"],"picked":"FTL","floor":7.0},{"not_picked":["Undo+1","Defragment"],"picked":"Distraction+1","floor":11.0},{"not_picked":["Finisher+1","Dodge and Roll+1"],"picked":"Cleave+1","floor":12.0},{"not_picked":["Distraction+1","Flying Knee+1"],"picked":"Conserve Battery+1","floor":14.0},{"not_picked":["Multi-Cast+1","Berserk"],"picked":"Impervious+1","floor":16.0},{"not_picked":["Sucker Punch+1","Dagger Spray+1"],"picked":"Endless Agony+1","floor":18.0},{"not_picked":["Bane+1","Acrobatics+1"],"picked":"Flex+1","floor":22},{"not_picked":["Bane+1","Barrage+1","Streamline+1"],"picked":"SKIP","floor":24},{"not_picked":["Static Discharge","Turbo+1"],"picked":"Blur+1","floor":28},{"not_picked":["Twin Strike+1","Underhanded Strike+1"],"picked":"Shockwave+1","floor":29},{"not_picked":["Fire Breathing+1","Blood for Blood+1"],"picked":"Sentinel+1","floor":30}],"player_experience":710090,"relics_obtained":[{"floor":9.0,"key":"Toxic Egg 2"},{"floor":10.0,"key":"Molten Egg 2"},{"floor":26,"key":"DataDisk"},{"floor":27,"key":"Oddly Smooth Stone"},{"floor":28,"key":"The Courier"}],"event_choices":[{"damage_healed":0.0,"max_hp_gain":0.0,"max_hp_loss":0.0,"gold_gain":0.0,"event_name":"Lab","player_choice":"Got Potions","floor":13.0,"gold_loss":0.0,"damage_taken":0.0},{"damage_healed":0.0,"max_hp_gain":0.0,"max_hp_loss":23.0,"gold_gain":0.0,"event_name":"Vampires","player_choice":"Became a vampire","floor":20.0,"gold_loss":0.0,"damage_taken":0.0,"cards_obtained":["Bite","Bite","Bite","Bite","Bite"]},{"damage_healed":0,"gold_gain":0,"player_choice":"Read","damage_taken":0,"max_hp_gain":0,"max_hp_loss":0,"event_name":"The Library","floor":21,"gold_loss":0,"cards_obtained":["True Grit"]},{"damage_healed":0,"gold_gain":0,"player_choice":"Relic","damage_taken":0,"max_hp_gain":0,"max_hp_loss":0,"event_name":"Wheel of Change","floor":27,"gold_loss":0}],"is_beta":false,"boss_relics":[{"not_picked":["Velvet Choker","Orrery"],"picked":"Cursed Key"}],"items_purged_floors":[19,25],"is_endless":false,"potions_floor_spawned":[4,12,14,16,22,24,29],"killed_by":"Automaton","ascension_level":0}