{"gold_per_floor":[114,133,150,150,150,150,190,204,204,204,38,38,59,77,77,170,170,190,4,20,20,40,40,61,99,99,138,163,163,206,256,256,349,349,372,497,517,517,540,580,580,603,603,622,635,32,46,46,46,46],"floor_reached":51,"playtime":3746,"items_purged":["Injury","Anger","Strike_R"],"score":1371,"play_id":"5efca40a-f6c8-48c3-9c33-7e6644f2c4c9","local_time":"20190204222407","is_ascension_mode":true,"campfire_choices":[{"data":"Bash","floor":6.0,"key":"SMITH"},{"data":"Uppercut","floor":10.0,"key":"SMITH"},{"data":"Flame Barrier","floor":12.0,"key":"SMITH"},{"floor":15.0,"key":"REST"},{"data":"Bludgeon","floor":23.0,"key":"SMITH"},{"data":"Shockwave","floor":29.0,"key":"SMITH"},{"data":"Demon Form","floor":32.0,"key":"SMITH"},{"data":"Shrug It Off","floor":41.0,"key":"SMITH"},{"data":"Double Tap","floor":49,"key":"SMITH"}],"neow_cost":"NONE","seed_source_timestamp":2311719616585120,"circlet_count":0,"master_deck":["AscendersBane","Strike_R","Strike_R","Strike_R","Defend_R","Defend_R","Defend_R","Defend_R","Bash+1","Perfected Strike","Flame Barrier+1","Uppercut+1","Combust","Pommel Strike","Demon Form+1","Shrug It Off","Bludgeon+1","Battle Trance","Reaper","Shockwave+1","Heavy Blade+1","Double Tap+1","Impervious","Shrug It Off+1","Barricade","Impervious"],"special_seed":0,"relics":["Black Blood","PreservedInsect","Golden Idol","Centennial Puzzle","Letter Opener","Snecko Eye","StoneCalendar","Molten Egg 2","Kunai","Pear","Prayer Wheel","Potion Belt","Magic Flower","Bottled Lightning"],"potions_floor_usage":[50,50],"damage_taken":[{"damage":6.0,"enemies":"Cultist","floor":1.0,"turns":3.0},{"damage":11.0,"enemies":"Jaw Worm","floor":2.0,"turns":4.0},{"damage":9.0,"enemies":"2 Louse","floor":3.0,"turns":2.0},{"damage":13.0,"enemies":"Gremlin Nob","floor":7.0,"turns":3.0},{"damage":17.0,"enemies":"Blue Slaver","floor":8.0,"turns":4.0},{"damage":3.0,"enemies":"Exordium Thugs","floor":13.0,"turns":3.0},{"damage":21.0,"enemies":"Large Slime","floor":14.0,"turns":4.0},{"damage":40.0,"enemies":"Slime Boss","floor":16.0,"turns":8.0},{"damage":7.0,"enemies":"3 Byrds","floor":18.0,"turns":3.0},{"damage":0.0,"enemies":"Chosen","floor":20.0,"turns":2.0},{"damage":8.0,"enemies":"3 Cultists","floor":22.0,"turns":4.0},{"damage":10.0,"enemies":"Shelled Parasite and Fungi","floor":24.0,"turns":3.0},{"damage":0.0,"enemies":"Gremlin Leader","floor":25.0,"turns":4.0},{"damage":18.0,"enemies":"Book of Stabbing","floor":27.0,"turns":3.0},{"damage":13.0,"enemies":"Cultist and Chosen","floor":28.0,"turns":5.0},{"damage":14.0,"enemies":"Gremlin Leader","floor":30.0,"turns":3.0},{"damage":75.0,"enemies":"Automaton","floor":33.0,"turns":7.0},{"damage":26.0,"enemies":"3 Darklings","floor":35.0,"turns":4.0},{"damage":11.0,"enemies":"Mind Bloom Boss Battle","floor":36.0,"turns":6.0},{"damage":14.0,"enemies":"3 Shapes","floor":37.0,"turns":4.0},{"damage":9.0,"enemies":"Spire Growth","floor":39.0,"turns":3.0},{"damage":25.0,"enemies":"Nemesis","floor":40.0,"turns":5.0},{"damage":23.0,"enemies":"Jaw Worm Horde","floor":42.0,"turns":4.0},{"damage":17,"enemies":"Writhing Mass","floor":44,"turns":3},{"damage":0,"enemies":"Maw","floor":45,"turns":6},{"damage":22,"enemies":"4 Shapes","floor":47,"turns":5},{"damage":33,"enemies":"Time Eater","floor":50,"turns":10}],"seed_played":"-5113582265003995193","potions_obtained":[{"floor":3.0,"key":"Poison Potion"},{"floor":7.0,"key":"Regen Potion"},{"floor":16.0,"key":"Block Potion"},{"floor":18.0,"key":"EssenceOfSteel"},{"floor":24.0,"key":"Regen Potion"},{"floor":28.0,"key":"LiquidBronze"},{"floor":33.0,"key":"SteroidPotion"},{"floor":35.0,"key":"Energy Potion"},{"floor":42.0,"key":"Weak Potion"},{"floor":44,"key":"SneckoOil"},{"floor":45,"key":"SpeedPotion"}],"is_trial":false,"path_per_floor":["M","M","M","?","?","R","E","M","T","R","$","R","M","M","R","B",null,"M","$","M","?","M","R","M","E","T","E","M","R","E","?","R","B",null,"M","?","M","?","M","E","R","M","T","M","M","$","M","?","R","B",null],"character_chosen":"IRONCLAD","items_purchased":["Combust","Pommel Strike","Reaper","Impervious","Bottled Lightning","SkillPotion"],"campfire_rested":1,"item_purchase_floors":[11,11,19,46,46,46],"current_hp_per_floor":[68,63,60,60,60,60,53,54,54,54,54,54,57,42,64,30,64,63,63,69,69,74,74,75,75,75,63,68,68,75,75,75,16,68,66,75,85,85,85,85,85,72,72,70,85,85,85,85,85,83],"gold":46,"neow_bonus":"RANDOM_COMMON_RELIC","is_prod":false,"is_daily":false,"chose_seed":false,"campfire_upgraded":8,"win_rate":0,"timestamp":1549337047,"path_taken":["M","M","?","?","?","R","E","M","T","R","$","R","M","M","R","BOSS","M","$","M","?","M","R","M","E","T","E","M","R","E","?","R","BOSS","M","?","M","?","M","E","R","?","T","M","?","$","M","?","R","BOSS"],"build_version":"2019-01-23","purchased_purges":3,"victory":true,"max_hp_per_floor":[75,75,75,75,75,75,75,75,75,75,75,75,75,75,75,75,75,75,75,75,75,75,75,75,75,75,75,75,75,85,85,85,85,85,85,85,85,85,85,85,85,85,85,85,85,85,85,85,85,85],"card_choices":[{"not_picked":["Twin Strike","Armaments"],"picked":"Perfected Strike","floor":1.0},{"not_picked":["Second Wind","Warcry","Perfected Strike"],"picked":"SKIP","floor":2.0},{"not_picked":["Sword Boomerang","Searing Blow"],"picked":"Anger","floor":3.0},{"not_picked":["Havoc","True Grit"],"picked":"Flame Barrier","floor":7.0},{"not_picked":["Dual Wield","Twin Strike"],"picked":"Uppercut","floor":8.0},{"not_picked":["Wild Strike","Iron Wave"],"picked":"Demon Form","floor":13.0},{"not_picked":["Power Through","Clash"],"picked":"Shrug It Off","floor":14.0},{"not_picked":["Juggernaut","Barricade"],"picked":"Bludgeon","floor":16.0},{"not_picked":["Body Slam","Perfected Strike"],"picked":"Battle Trance","floor":18.0},{"not_picked":["Anger","Whirlwind","Clothesline"],"picked":"SKIP","floor":20.0},{"not_picked":["Pommel Strike","Anger","Thunderclap"],"picked":"SKIP","floor":22.0},{"not_picked":["Anger","Clothesline","Perfected Strike"],"picked":"SKIP","floor":24.0},{"not_picked":["Heavy Blade","Headbutt","Reckless Charge"],"picked":"SKIP","floor":25.0},{"not_picked":["Evolve","Combust"],"picked":"Shockwave","floor":27.0},{"not_picked":["True Grit","Fiend Fire+1"],"picked":"Heavy Blade+1","floor":28.0},{"not_picked":["Iron Wave+1","Feed+1","Cleave+1"],"picked":"SKIP","floor":30.0},{"not_picked":["Fiend Fire+1","Limit Break"],"picked":"Double Tap","floor":33.0},{"not_picked":["Perfected Strike+1","Sword Boomerang+1","Body Slam+1"],"picked":"SKIP","floor":35.0},{"not_picked":["Carnage+1","Metallicize"],"picked":"Impervious","floor":37.0},{"not_picked":["Flex","Thunderclap+1","Entrench"],"picked":"SKIP","floor":37.0},{"not_picked":["Iron Wave+1","Havoc"],"picked":"Shrug It Off","floor":39.0},{"not_picked":["Pummel+1","Headbutt+1","Perfected Strike+1"],"picked":"SKIP","floor":39.0},{"not_picked":["Cleave+1","Feed+1","Wild Strike+1"],"picked":"SKIP","floor":40.0},{"not_picked":["Warcry","Pommel Strike+1","Body Slam+1"],"picked":"SKIP","floor":42.0},{"not_picked":["Dropkick+1","Intimidate","Body Slam+1"],"picked":"SKIP","floor":42.0},{"not_picked":["Second Wind","Headbutt+1"],"picked":"Barricade","floor":44},{"not_picked":["Heavy Blade+1","Havoc+1","Anger+1"],"picked":"SKIP","floor":44},{"not_picked":["Clash+1","Clothesline+1","Havoc"],"picked":"SKIP","floor":45},{"not_picked":["Dual Wield","Flex","Body Slam+1"],"picked":"SKIP","floor":45},{"not_picked":["Hemokinesis+1","Armaments","Infernal Blade"],"picked":"SKIP","floor":47},{"not_picked":["Second Wind","Power Through+1","Flex"],"picked":"SKIP","floor":47}],"player_experience":418745,"relics_obtained":[{"floor":7.0,"key":"Centennial Puzzle"},{"floor":9.0,"key":"Letter Opener"},{"floor":25.0,"key":"StoneCalendar"},{"floor":26.0,"key":"Molten Egg 2"},{"floor":27.0,"key":"Kunai"},{"floor":30.0,"key":"Pear"},{"floor":36.0,"key":"Prayer Wheel"},{"floor":40.0,"key":"Potion Belt"},{"floor":43.0,"key":"Magic Flower"}],"event_choices":[{"damage_healed":0.0,"max_hp_gain":0.0,"max_hp_loss":0.0,"gold_gain":0.0,"event_name":"Golden Idol","player_choice":"Take Wound","floor":4.0,"gold_loss":0.0,"damage_taken":0.0,"relics_obtained":["Golden Idol"],"cards_obtained":["Injury"]},{"damage_healed":0.0,"max_hp_gain":0.0,"max_hp_loss":0.0,"gold_gain":0.0,"event_name":"Liars Game","player_choice":"Ignored","floor":5.0,"gold_loss":0.0,"damage_taken":0.0},{"damage_healed":0.0,"max_hp_gain":0.0,"max_hp_loss":0.0,"gold_gain":0.0,"event_name":"The Mausoleum","player_choice":"Ignored","floor":21.0,"gold_loss":0.0,"damage_taken":0.0},{"damage_healed":0.0,"max_hp_gain":0.0,"max_hp_loss":0.0,"gold_gain":50.0,"event_name":"Nest","player_choice":"Stole From Cult","floor":31.0,"gold_loss":0.0,"damage_taken":0.0},{"damage_healed":0.0,"max_hp_gain":0.0,"max_hp_loss":0.0,"gold_gain":0.0,"event_name":"MindBloom","player_choice":"Fight","floor":36.0,"gold_loss":0.0,"damage_taken":0.0},{"cards_removed":["Strike_R"],"damage_healed":0.0,"max_hp_gain":0.0,"max_hp_loss":0.0,"gold_gain":0.0,"event_name":"Purifier","player_choice":"Purged","floor":38.0,"gold_loss":0.0,"damage_taken":0.0},{"damage_healed":0,"gold_gain":0,"player_choice":"Ignored","damage_taken":0,"max_hp_gain":0,"max_hp_loss":0,"event_name":"Mysterious Sphere","floor":48,"gold_loss":0}],"is_beta":false,"boss_relics":[{"not_picked":["Black Star","Calling Bell"],"picked":"Snecko Eye"},{"not_picked":["Tiny House","Lizard Tail"],"picked":"Black Blood"}],"items_purged_floors":[11,19,46],"is_endless":false,"potions_floor_spawned":[3,7,16,18,24,28,33,35,42,44,45],"ascension_level":17}