{"gold_per_floor":[119,131,206,206,223,256,256,181,205,239,239,147,162,181,181,280,280,293,303,63,63,78,78],"floor_reached":23,"playtime":769,"items_purged":["Strike_B"],"score":414,"play_id":"e1ddca7a-a3bb-4213-b6f0-38b909e1f2d7","local_time":"20181221230004","is_ascension_mode":true,"campfire_choices":[{"data":"Ball Lightning","floor":7,"key":"SMITH"},{"floor":11,"key":"REST"},{"floor":15,"key":"REST"}],"neow_cost":"NONE","seed_source_timestamp":109149753856004,"circlet_count":0,"master_deck":["AscendersBane","Strike_B","Strike_B","Strike_B","Defend_B+1","Defend_B","Defend_B","Defend_B","Zap+1","Dualcast","Beam Cell","Ball Lightning+1","Conserve Battery+1","Conserve Battery","Auto Shields","Loop","Coolheaded","Doom and Gloom","Chill","Thunder Strike","Chaos+1","Ball Lightning+1","Storm","Ball Lightning","Ghostly","Ghostly","Ghostly","Ghostly","Ghostly","Darkness"],"relics":["Cracked Core","NeowsBlessing","Ancient Tea Set","Lantern","Question Card","Black Star","War Paint"],"potions_floor_usage":[16,23],"damage_taken":[{"damage":0,"enemies":"Small Slimes","floor":1,"turns":1},{"damage":0,"enemies":"Jaw Worm","floor":2,"turns":1},{"damage":0,"enemies":"Cultist","floor":5,"turns":1},{"damage":23,"enemies":"3 Sentries","floor":6,"turns":6},{"damage":51,"enemies":"Gremlin Nob","floor":10,"turns":5},{"damage":7,"enemies":"Exordium Thugs","floor":13,"turns":5},{"damage":0,"enemies":"Large Slime","floor":14,"turns":3},{"damage":0,"enemies":"Slime Boss","floor":16,"turns":7},{"damage":9,"enemies":"3 Byrds","floor":18,"turns":5},{"damage":30,"enemies":"Spheric Guardian","floor":19,"turns":5},{"damage":24,"enemies":"Centurion and Healer","floor":22,"turns":11},{"damage":4,"enemies":"Gremlin Leader","floor":23,"turns":2}],"seed_played":"3939151812008419393","potions_obtained":[{"floor":2,"key":"FairyPotion"},{"floor":5,"key":"GamblersBrew"},{"floor":13,"key":"Fire Potion"}],"is_trial":false,"path_per_floor":["M","M","?","?","M","E","R","$","T","E","R","$","M","M","R","B",null,"M","M","$","?","M","E"],"character_chosen":"DEFECT","items_purchased":["Loop","Coolheaded","Storm","War Paint","Ball Lightning"],"campfire_rested":2,"item_purchase_floors":[12,12,20,20,20],"current_hp_per_floor":[68,68,57,57,57,34,34,34,34,7,29,29,22,22,44,44,67,58,28,28,28,4,0],"gold":78,"neow_bonus":"THREE_ENEMY_KILL","is_prod":false,"is_daily":false,"chose_seed":false,"campfire_upgraded":1,"win_rate":0,"timestamp":1545451204,"path_taken":["M","M","?","?","M","E","R","?","T","E","R","$","M","M","R","BOSS","M","M","$","?","M","E"],"build_version":"2018-12-20","purchased_purges":1,"victory":false,"max_hp_per_floor":[75,75,75,75,75,75,75,75,75,75,75,75,75,75,75,75,75,75,75,75,37,37,37],"card_choices":[{"not_picked":["Hologram","Leap"],"picked":"Beam Cell","floor":1},{"not_picked":["Conserve Battery","Auto Shields"],"picked":"Ball Lightning","floor":2},{"not_picked":["Turbo","Beam Cell"],"picked":"Conserve Battery","floor":5},{"not_picked":["Heatsinks","Creative AI"],"picked":"Conserve Battery","floor":6},{"not_picked":["Scrape","Stack"],"picked":"Auto Shields","floor":10},{"not_picked":["Tempest","Fusion","Static Discharge"],"picked":"Doom and Gloom","floor":13},{"not_picked":["Turbo","Tempest","Blizzard"],"picked":"Chill","floor":14},{"not_picked":["Hyperbeam","Rainbow","Fission"],"picked":"Thunder Strike","floor":16},{"not_picked":["Go for the Eyes","Ball Lightning","Leap+1"],"picked":"Chaos+1","floor":18},{"not_picked":["Beam Cell","Steam","Compile Driver"],"picked":"Ball Lightning+1","floor":19},{"not_picked":["Recycle","Machine Learning","Aggregate"],"picked":"Darkness","floor":22}],"player_experience":388198,"relics_obtained":[{"floor":6,"key":"Ancient Tea Set"},{"floor":9,"key":"Lantern"},{"floor":10,"key":"Question Card"}],"event_choices":[{"damage_healed":0,"gold_gain":75,"player_choice":"Gather Gold","damage_taken":11,"max_hp_gain":0,"max_hp_loss":0,"event_name":"World of Goop","floor":3,"gold_loss":0},{"damage_healed":0,"gold_gain":0,"player_choice":"Grow","damage_taken":0,"max_hp_gain":0,"max_hp_loss":0,"event_name":"Living Wall","floor":4,"gold_loss":0,"cards_upgraded":["Zap"]},{"damage_healed":0,"gold_gain":0,"player_choice":"Became a Ghost","damage_taken":0,"max_hp_gain":0,"max_hp_loss":38,"event_name":"Ghosts","floor":21,"gold_loss":0,"cards_obtained":["Ghostly","Ghostly","Ghostly","Ghostly","Ghostly"]}],"is_beta":false,"boss_relics":[{"not_picked":["Philosopher\u0027s Stone","Coffee Dripper"],"picked":"Black Star"}],"items_purged_floors":[8],"is_endless":false,"potions_floor_spawned":[2,5,13],"killed_by":"Gremlin Leader","ascension_level":11}