{"gold_per_floor":[112,112,187,187,205,205,217,252,252,427,39,39,55,83,83,83],"floor_reached":16,"playtime":824,"items_purged":["Regret"],"score":124,"play_id":"ec8af819-cc14-4d1f-aa83-b53ba83aa2cb","local_time":"20190109145025","is_ascension_mode":true,"campfire_choices":[{"floor":6,"key":"REST"},{"floor":12,"key":"REST"},{"floor":15,"key":"REST"}],"neow_cost":"TEN_PERCENT_HP_LOSS","seed_source_timestamp":59643955406398,"circlet_count":0,"master_deck":["Strike_R","Strike_R","Strike_R","Strike_R","Defend_R","Defend_R","Defend_R","Defend_R","Bash","Inflame","Iron Wave","Armaments","Sword Boomerang","Combust","Infernal Blade","Thunderclap","Doubt","Flex","Perfected Strike","Corruption"],"relics":["Burning Blood","Prayer Wheel","Sundial","Blood Vial","Pear","Peace Pipe","Art of War"],"potions_floor_usage":[14,16],"damage_taken":[{"damage":10,"enemies":"Small Slimes","floor":1,"turns":4},{"damage":16,"enemies":"Jaw Worm","floor":5,"turns":3},{"damage":5,"enemies":"2 Louse","floor":7,"turns":4},{"damage":43,"enemies":"Lagavulin","floor":8,"turns":6},{"damage":10,"enemies":"2 Fungi Beasts","floor":13,"turns":3},{"damage":32,"enemies":"3 Sentries","floor":14,"turns":5},{"damage":63,"enemies":"Slime Boss","floor":16,"turns":9}],"seed_played":"-1120888414631544935","potions_obtained":[{"floor":1,"key":"Ancient Potion"},{"floor":13,"key":"Weak Potion"}],"is_trial":false,"path_per_floor":["M","?","?","?","M","R","M","E","T","?","$","R","M","E","R","B"],"character_chosen":"IRONCLAD","items_purchased":["Peace Pipe","Flex"],"campfire_rested":3,"item_purchase_floors":[11,11],"current_hp_per_floor":[68,68,57,50,40,61,62,25,35,35,35,59,57,33,57,0],"gold":83,"neow_bonus":"ONE_RARE_RELIC","is_prod":false,"is_daily":false,"chose_seed":false,"campfire_upgraded":0,"win_rate":0,"timestamp":1547063425,"path_taken":["M","?","?","?","M","R","M","E","T","?","?","R","M","E","R","BOSS"],"build_version":"2019-01-03v4","purchased_purges":1,"victory":false,"max_hp_per_floor":[72,72,72,72,72,72,72,72,82,82,82,82,82,82,82,82],"card_choices":[{"not_picked":["Disarm","Headbutt"],"picked":"Inflame","floor":1},{"not_picked":["Pommel Strike","Perfected Strike"],"picked":"Iron Wave","floor":1},{"not_picked":["Hemokinesis","Clash"],"picked":"Armaments","floor":5},{"not_picked":["Cleave","Twin Strike"],"picked":"Sword Boomerang","floor":5},{"not_picked":["Evolve","Disarm"],"picked":"Combust","floor":7},{"not_picked":["Bludgeon","Reckless Charge"],"picked":"Infernal Blade","floor":7},{"not_picked":["Perfected Strike","Sentinel"],"picked":"Thunderclap","floor":8},{"not_picked":["Reckless Charge","Blood for Blood"],"picked":"Perfected Strike","floor":13},{"not_picked":["Body Slam","Headbutt","Pommel Strike"],"picked":"SKIP","floor":13},{"not_picked":["Brutality","Intimidate"],"picked":"Corruption","floor":14}],"player_experience":191093,"relics_obtained":[{"floor":8,"key":"Blood Vial"},{"floor":9,"key":"Pear"},{"floor":14,"key":"Art of War"}],"event_choices":[{"damage_healed":0,"gold_gain":0,"player_choice":"Box","damage_taken":0,"relics_obtained":["Sundial"],"max_hp_gain":0,"max_hp_loss":0,"event_name":"Big Fish","floor":2,"gold_loss":0,"cards_obtained":["Regret"]},{"damage_healed":0,"gold_gain":75,"player_choice":"Gather Gold","damage_taken":11,"max_hp_gain":0,"max_hp_loss":0,"event_name":"World of Goop","floor":3,"gold_loss":0},{"cards_removed":["Strike_R"],"damage_healed":0,"gold_gain":0,"player_choice":"Card Removal","damage_taken":7,"max_hp_gain":0,"max_hp_loss":0,"event_name":"Golden Wing","floor":4,"gold_loss":0},{"damage_healed":0,"gold_gain":175,"player_choice":"AGREE","damage_taken":0,"max_hp_gain":0,"max_hp_loss":0,"event_name":"Liars Game","floor":10,"gold_loss":0,"cards_obtained":["Doubt"]}],"is_beta":false,"boss_relics":[],"items_purged_floors":[11],"is_endless":false,"potions_floor_spawned":[1,13],"killed_by":"Slime Boss","ascension_level":3}