{"gold_per_floor":[10,29,29,48,48,48,82,97,121,133,150,150,160,172,172,271,271,290,271,221,221,221,221,251,251,251,283,307,15,31,31,31,129,129,140,157,47,63,63,63,82,98,176,176,176,176,186,205,205,205],"floor_reached":50,"playtime":4890,"items_purged":["Defend_G"],"score":633,"play_id":"bb8b02ed-3d8c-4404-91f9-c3994c7c6ffe","local_time":"20181023031652","is_ascension_mode":true,"campfire_choices":[{"data":"Neutralize","floor":6.0,"key":"SMITH"},{"floor":12.0,"key":"REST"},{"floor":15.0,"key":"REST"},{"data":"Noxious Fumes","floor":23.0,"key":"SMITH"},{"data":"A Thousand Cuts","floor":25.0,"key":"SMITH"},{"floor":32.0,"key":"REST"},{"data":"Footwork","floor":40.0,"key":"SMITH"},{"floor":44.0,"key":"REST"},{"data":"Footwork","floor":46.0,"key":"SMITH"},{"floor":49,"key":"REST"}],"neow_cost":"NO_GOLD","seed_source_timestamp":0,"circlet_count":0,"master_deck":["Defend_G","Defend_G","Strike_G+1","Survivor","Neutralize+1","Dodge and Roll","Dash+1","Malaise","Predator","Distraction","Leg Sweep","Cloak And Dagger+1","Noxious Fumes+1","A Thousand Cuts+1","Backflip","Ghostly","Ghostly","Ghostly","Ghostly","Ghostly","A Thousand Cuts","Cloak And Dagger","Poisoned Stab+1","Infinite Blades+1","Well Laid Plans","Infinite Blades","Blur","Footwork+1","Footwork+1","Dash+1","Terror"],"special_seed":0,"relics":["Ring of the Snake","Darkstone Periapt","Turnip","Whetstone","HoveringKite","Regal Pillow","Meat on the Bone","Orichalcum","Omamori","Strawberry","Vajra","Astrolabe","Molten Egg 2"],"potions_floor_usage":[50],"damage_taken":[{"damage":1.0,"enemies":"Cultist","floor":1.0,"turns":7.0},{"damage":0.0,"enemies":"2 Louse","floor":2.0,"turns":4.0},{"damage":0.0,"enemies":"Small Slimes","floor":4.0,"turns":4.0},{"damage":23.0,"enemies":"Lagavulin","floor":7.0,"turns":13.0},{"damage":7.0,"enemies":"Gremlin Gang","floor":8.0,"turns":5.0},{"damage":0.0,"enemies":"Blue Slaver","floor":10.0,"turns":6.0},{"damage":0.0,"enemies":"Exordium Thugs","floor":11.0,"turns":8.0},{"damage":0.0,"enemies":"3 Louse","floor":13.0,"turns":5.0},{"damage":2.0,"enemies":"Looter","floor":14.0,"turns":3.0},{"damage":19.0,"enemies":"Slime Boss","floor":16.0,"turns":16.0},{"damage":0.0,"enemies":"Spheric Guardian","floor":18.0,"turns":6.0},{"damage":5.0,"enemies":"2 Thieves","floor":19.0,"turns":4.0},{"damage":9.0,"enemies":"Slavers","floor":24.0,"turns":8.0},{"damage":22.0,"enemies":"Book of Stabbing","floor":27.0,"turns":7.0},{"damage":0.0,"enemies":"Centurion and Healer","floor":30.0,"turns":8.0},{"damage":40.0,"enemies":"Champ","floor":33.0,"turns":15.0},{"damage":0.0,"enemies":"3 Shapes","floor":35.0,"turns":6.0},{"damage":0.0,"enemies":"3 Darklings","floor":36.0,"turns":5.0},{"damage":0.0,"enemies":"Spire Growth","floor":38.0,"turns":5.0},{"damage":5.0,"enemies":"Sphere and 2 Shapes","floor":41.0,"turns":6.0},{"damage":24.0,"enemies":"3 Darklings","floor":42.0,"turns":6.0},{"damage":18.0,"enemies":"Spire Growth","floor":47.0,"turns":6.0},{"damage":0.0,"enemies":"Transient","floor":48.0,"turns":5.0},{"damage":58,"enemies":"Donu and Deca","floor":50,"turns":12}],"seed_played":"9086245670764789876","potions_obtained":[{"floor":2.0,"key":"GamblersBrew"},{"floor":7.0,"key":"Dexterity Potion"},{"floor":10.0,"key":"Poison Potion"},{"floor":11.0,"key":"PowerPotion"},{"floor":13.0,"key":"LiquidBronze"},{"floor":18.0,"key":"LiquidBronze"},{"floor":33.0,"key":"GamblersBrew"},{"floor":35.0,"key":"Strength Potion"},{"floor":38.0,"key":"PowerPotion"},{"floor":41.0,"key":"PowerPotion"},{"floor":48.0,"key":"SpeedPotion"}],"is_trial":false,"path_per_floor":["M","M","T","M","?","R","E","M","T","M","M","R","M","M","R","B",null,"M","M","?","?","?","R","E","R","T","E","T","$","M","$","R","B",null,"M","M","$","M","$","R","M","M","T","R","?","R","M","M","R"],"character_chosen":"THE_SILENT","items_purchased":["Strawberry","Vajra","Blur"],"campfire_rested":5,"item_purchase_floors":[29,29,37],"current_hp_per_floor":[69,69,69,69,62,62,39,32,32,32,32,53,53,51,70,51,65,65,60,60,60,35,35,26,26,26,16,16,23,23,23,42,14,35,35,35,35,35,35,35,30,18,18,42,42,42,24,24,42,0],"gold":205,"neow_bonus":"REMOVE_TWO","is_prod":false,"is_daily":false,"chose_seed":false,"campfire_upgraded":5,"win_rate":0,"timestamp":1540279012,"path_taken":["M","M","?","M","?","R","E","M","T","M","M","R","M","M","R","BOSS","M","?","?","?","?","R","E","R","T","E","?","?","?","$","R","BOSS","M","M","$","?","$","R","M","M","T","R","?","R","M","M","R","BOSS"],"build_version":"2018-10-18","purchased_purges":1,"victory":false,"max_hp_per_floor":[70,70,70,70,70,70,70,70,70,70,70,70,70,70,70,70,70,70,70,70,70,35,35,35,35,35,35,35,42,42,42,42,42,42,42,42,42,42,42,42,42,42,42,42,42,42,42,42,42,42],"card_choices":[{"not_picked":["Quick Slash","Sucker Punch"],"picked":"Dodge and Roll","floor":1.0},{"not_picked":["Flying Knee","Endless Agony"],"picked":"Dash","floor":2.0},{"not_picked":["PiercingWail","Slice"],"picked":"Malaise","floor":4.0},{"not_picked":["Deflect","Slice"],"picked":"Predator","floor":7.0},{"not_picked":["Prepared","Blade Dance"],"picked":"Distraction","floor":8.0},{"not_picked":["Flying Knee","Backstab"],"picked":"Leg Sweep","floor":10.0},{"not_picked":["Eviscerate","Flying Knee","Bane"],"picked":"SKIP","floor":11.0},{"not_picked":["Dodge and Roll","Flying Knee"],"picked":"Cloak And Dagger","floor":13.0},{"not_picked":["Accuracy","Quick Slash"],"picked":"Noxious Fumes","floor":14.0},{"not_picked":["Tools of the Trade","Glass Knife"],"picked":"A Thousand Cuts","floor":16.0},{"not_picked":["All Out Attack","Bane","Slice+1"],"picked":"SKIP","floor":18.0},{"not_picked":["Flying Knee","Accuracy+1"],"picked":"Backflip","floor":19.0},{"not_picked":["Distraction","Skewer"],"picked":"A Thousand Cuts","floor":24.0},{"not_picked":["Poisoned Stab","Sucker Punch+1"],"picked":"Cloak And Dagger","floor":27.0},{"not_picked":["Concentrate","Outmaneuver","Reflex"],"picked":"SKIP","floor":30.0},{"not_picked":["PiercingWail+1","Dagger Spray+1"],"picked":"Well Laid Plans","floor":35.0},{"not_picked":["Crippling Poison+1","Poisoned Stab"],"picked":"Infinite Blades","floor":36.0},{"not_picked":["Outmaneuver+1","Dagger Spray+1"],"picked":"Footwork","floor":38.0},{"not_picked":["Dagger Throw","Acrobatics+1"],"picked":"Footwork","floor":41.0},{"not_picked":["Dodge and Roll+1","Doppelganger"],"picked":"Dash+1","floor":42.0},{"not_picked":["Quick Slash+1","Dodge and Roll"],"picked":"Terror","floor":47.0},{"not_picked":["Sucker Punch+1","Underhanded Strike+1","Bane+1"],"picked":"SKIP","floor":48.0}],"player_experience":372906,"relics_obtained":[{"floor":3.0,"key":"Darkstone Periapt"},{"floor":7.0,"key":"Turnip"},{"floor":9.0,"key":"Whetstone"},{"floor":24.0,"key":"Regal Pillow"},{"floor":26.0,"key":"Meat on the Bone"},{"floor":27.0,"key":"Orichalcum"},{"floor":28.0,"key":"Omamori"},{"floor":43.0,"key":"Molten Egg 2"}],"event_choices":[{"cards_removed":["Defend_G"],"damage_healed":0.0,"max_hp_gain":0.0,"max_hp_loss":0.0,"gold_gain":0.0,"event_name":"Golden Wing","player_choice":"Card Removal","floor":5.0,"gold_loss":0.0,"damage_taken":7.0},{"damage_healed":0.0,"max_hp_gain":0.0,"max_hp_loss":0.0,"gold_gain":0.0,"event_name":"The Joust","player_choice":"Bet on Owner","floor":20.0,"gold_loss":50.0,"damage_taken":0.0},{"damage_healed":0.0,"max_hp_gain":0.0,"max_hp_loss":0.0,"gold_gain":0.0,"event_name":"Accursed Blacksmith","player_choice":"Forge","floor":21.0,"gold_loss":0.0,"damage_taken":0.0,"cards_upgraded":["Cloak And Dagger"]},{"damage_healed":0.0,"max_hp_gain":0.0,"max_hp_loss":35.0,"gold_gain":0.0,"event_name":"Ghosts","player_choice":"Became a Ghost","floor":22.0,"gold_loss":0.0,"damage_taken":0.0,"cards_obtained":["Ghostly","Ghostly","Ghostly","Ghostly","Ghostly"]},{"cards_removed":["Choke"],"damage_healed":0.0,"max_hp_gain":0.0,"max_hp_loss":0.0,"gold_gain":0.0,"event_name":"Falling","player_choice":"Removed Attack","floor":45.0,"gold_loss":0.0,"damage_taken":0.0}],"is_beta":false,"boss_relics":[{"not_picked":["Ring of the Serpent","Pandora\u0027s Box"],"picked":"HoveringKite"},{"not_picked":["Eternal Feather","White Beast Statue"],"picked":"Astrolabe"}],"items_purged_floors":[37],"is_endless":false,"potions_floor_spawned":[2,7,10,11,13,18,33,35,38,41,48],"killed_by":"Donu and Deca","ascension_level":5}