{"gold_per_floor":[111,74,84,104,104,104,67,83,83,83,97,113,113,124,124,200,200,214,50,50,50,66,66,78,78,104,116,128,152,184,207,219,231],"floor_reached":33,"playtime":1617,"items_purged":["Strike_G"],"score":486,"play_id":"7563f730-d735-489f-9b7b-bfa17e0db3f7","local_time":"20181101174927","is_ascension_mode":true,"campfire_choices":[{"data":"Footwork","floor":6,"key":"SMITH"},{"data":"Neutralize","floor":10,"key":"SMITH"},{"data":"Cloak And Dagger","floor":13,"key":"SMITH"},{"data":"Deadly Poison","floor":15,"key":"SMITH"},{"data":"Malaise","floor":23,"key":"SMITH"},{"data":"Backflip","floor":25,"key":"SMITH"},{"data":"Well Laid Plans","floor":27,"key":"SMITH"},{"data":"Backflip","floor":32,"key":"SMITH"}],"neow_cost":"NONE","seed_source_timestamp":86865920242600,"circlet_count":0,"master_deck":["AscendersBane","Defend_G","Defend_G","Defend_G","Defend_G","Defend_G","Strike_G","Strike_G","Strike_G","Strike_G","Survivor","Neutralize+1","Dagger Throw","Footwork+1","Cloak And Dagger+1","Riddle With Holes","Blur","Envenom","Backflip+1","Deadly Poison+1","Malaise+1","Dodge and Roll","Well Laid Plans+1","Decay","Terror","PiercingWail+1","Backflip","Backflip+1"],"relics":["Coffee Dripper","Pear","White Beast Statue","MawBank"],"potions_floor_usage":[5,22,24,29,30,33,33],"damage_taken":[{"damage":6,"enemies":"Cultist","floor":1,"turns":5},{"damage":0,"enemies":"2 Louse","floor":3,"turns":3},{"damage":4,"enemies":"Small Slimes","floor":4,"turns":4},{"damage":0,"enemies":"Gremlin Gang","floor":5,"turns":1},{"damage":8,"enemies":"Large Slime","floor":8,"turns":9},{"damage":0,"enemies":"Blue Slaver","floor":11,"turns":4},{"damage":2,"enemies":"2 Fungi Beasts","floor":12,"turns":4},{"damage":4,"enemies":"3 Louse","floor":14,"turns":3},{"damage":10,"enemies":"Hexaghost","floor":16,"turns":10},{"damage":19,"enemies":"Spheric Guardian","floor":18,"turns":8},{"damage":17,"enemies":"Shell Parasite","floor":22,"turns":7},{"damage":4,"enemies":"Centurion and Healer","floor":24,"turns":7},{"damage":12,"enemies":"Snecko","floor":29,"turns":8},{"damage":3,"enemies":"Snake Plant","floor":30,"turns":6},{"damage":1,"enemies":"Centurion and Healer","floor":31,"turns":9},{"damage":12,"enemies":"Collector","floor":33,"turns":7}],"seed_played":"6549503610100423721","potions_obtained":[{"floor":3,"key":"SmokeBomb"},{"floor":11,"key":"Fire Potion"},{"floor":16,"key":"SteroidPotion"},{"floor":18,"key":"PowerPotion"},{"floor":22,"key":"GhostInAJar"},{"floor":24,"key":"FearPotion"},{"floor":29,"key":"SteroidPotion"},{"floor":30,"key":"SpeedPotion"}],"is_trial":false,"path_per_floor":["M","$","M","M","M","R","$","M","T","R","M","M","R","M","R","B",null,"M","$","?","?","M","R","M","R","T","R","$","M","M","M","R","B"],"character_chosen":"THE_SILENT","items_purchased":["Footwork","Blur","Well Laid Plans"],"campfire_rested":0,"item_purchase_floors":[2,7,19],"current_hp_per_floor":[53,53,53,49,49,49,49,41,51,51,51,49,49,45,45,35,66,47,47,47,47,30,30,26,26,26,26,26,14,11,10,10,0],"gold":231,"neow_bonus":"BOSS_RELIC","is_prod":false,"is_daily":false,"chose_seed":false,"campfire_upgraded":8,"win_rate":0,"timestamp":1541108967,"path_taken":["M","$","M","M","?","R","$","M","T","R","?","M","R","M","R","BOSS","M","$","?","?","?","R","M","R","T","R","$","M","M","M","R","BOSS"],"build_version":"2018-11-01","purchased_purges":1,"victory":false,"max_hp_per_floor":[66,66,66,66,66,66,66,66,76,76,76,76,76,76,76,76,76,76,76,76,76,76,76,76,76,76,76,76,76,76,76,76,76],"card_choices":[{"not_picked":["Blade Dance","Expertise"],"picked":"Dagger Throw","floor":1},{"not_picked":["Dagger Throw","All Out Attack"],"picked":"Cloak And Dagger","floor":3},{"not_picked":["Deflect","Slice"],"picked":"Riddle With Holes","floor":4},{"not_picked":["Concentrate","Setup"],"picked":"Envenom","floor":8},{"not_picked":["Dodge and Roll","Concentrate"],"picked":"Backflip","floor":11},{"not_picked":["Underhanded Strike","Slice","Masterful Stab"],"picked":"SKIP","floor":12},{"not_picked":["Underhanded Strike","Slice","Masterful Stab"],"picked":"SKIP","floor":12},{"not_picked":["Sucker Punch","Prepared"],"picked":"Deadly Poison","floor":14},{"not_picked":["Corpse Explosion","Glass Knife"],"picked":"Malaise","floor":16},{"not_picked":["Blade Dance","Finisher"],"picked":"Dodge and Roll","floor":18},{"not_picked":["Prepared","Dagger Throw","Blade Dance"],"picked":"SKIP","floor":22},{"not_picked":["Deadly Poison","Slice"],"picked":"Terror","floor":24},{"not_picked":["Crippling Poison","Masterful Stab"],"picked":"PiercingWail+1","floor":29},{"not_picked":["Bouncing Flask","Infinite Blades"],"picked":"Backflip","floor":30},{"not_picked":["Deadly Poison","PiercingWail"],"picked":"Backflip","floor":31}],"player_experience":1584352,"relics_obtained":[{"floor":9,"key":"Pear"},{"floor":26,"key":"MawBank"}],"event_choices":[{"damage_healed":0,"gold_gain":0,"player_choice":"Smashed Altar","damage_taken":0,"max_hp_gain":0,"max_hp_loss":0,"event_name":"Forgotten Altar","floor":20,"gold_loss":0,"cards_obtained":["Decay"]},{"damage_healed":0,"gold_gain":0,"player_choice":"Got Potions","damage_taken":0,"max_hp_gain":0,"max_hp_loss":0,"event_name":"Lab","floor":21,"gold_loss":0}],"is_beta":true,"boss_relics":[{"not_picked":["Fusion Hammer","Velvet Choker"],"picked":"White Beast Statue"}],"items_purged_floors":[19],"is_endless":false,"potions_floor_spawned":[3,11,16,18,22,24,29,30,31],"killed_by":"Collector","ascension_level":20}