{"gold_per_floor":[215,215,232,248,265,265,27,62,87,116,116,116,141,215,215,320,320,339,339,339,439,439,471,471,12,12,12,25,35,35,63,63,159,159,171,191,201,11,23,23,49,66,66,78,106,106,106,137,137,137,137,137,14,49,49],"floor_reached":55,"playtime":3970,"items_purged":["Strike_B"],"score":1139,"play_id":"4b332c13-8426-4477-84cb-ee46c625a49e","local_time":"20190122225725","is_ascension_mode":true,"campfire_choices":[{"data":"Zap","floor":6,"key":"SMITH"},{"floor":11,"key":"REST"},{"floor":15,"key":"REST"},{"data":"Defragment","floor":24,"key":"SMITH"},{"data":"Barrage","floor":27,"key":"SMITH"},{"data":"Self Repair","floor":30,"key":"SMITH"},{"floor":32,"key":"RECALL"},{"data":"Biased Cognition","floor":40,"key":"SMITH"},{"data":"Creative AI","floor":49,"key":"SMITH"},{"data":"Dualcast","floor":52,"key":"SMITH"}],"neow_cost":"NONE","seed_source_timestamp":1211021027645864,"circlet_count":0,"master_deck":["Strike_B","Strike_B","Strike_B","Defend_B","Defend_B+1","Defend_B+1","Defend_B","Zap+1","Dualcast+1","Self Repair+1","Steam","Conserve Battery","Ball Lightning","Rebound","FTL","Barrage+1","Machine Learning","Beam Cell+1","Necronomicurse","Ghostly","Ghostly","Ghostly","Ghostly","Ghostly","Defragment+1","Gash+1","Gash","Bandage Up","Stack+1","Compile Driver+1","Gash","Electrodynamics","Glacier+1","Hologram+1","Biased Cognition+1","Force Field+1","Creative AI+1","Streamline","Skim+1","Writhe","Flash of Steel","Loop+1"],"relics":["Cracked Core","Shuriken","Ancient Tea Set","PreservedInsect","Strawberry","Bottled Tornado","Bottled Flame","Black Star","Necronomicon","Ice Cream","Dodecahedron","Darkstone Periapt","Gambling Chip","Membership Card","Cables","Tiny Chest","Regal Pillow","Bag of Preparation","Lantern","Coffee Dripper","Mummified Hand","Vajra","Bag of Marbles","Juzu Bracelet","Oddly Smooth Stone","Question Card","Orichalcum","Smiling Mask","Ornamental Fan","Centennial Puzzle","Pocketwatch"],"potions_floor_usage":[8,10,13,21,29,33,37,37,39,45,48,48,55],"damage_taken":[{"damage":3,"enemies":"Small Slimes","floor":1,"turns":3},{"damage":2,"enemies":"2 Louse","floor":3,"turns":3},{"damage":4,"enemies":"Jaw Worm","floor":4,"turns":3},{"damage":9,"enemies":"Looter","floor":5,"turns":3},{"damage":40,"enemies":"Gremlin Nob","floor":8,"turns":4},{"damage":28,"enemies":"Lagavulin","floor":10,"turns":6},{"damage":0,"enemies":"Gremlin Nob","floor":13,"turns":2},{"damage":14,"enemies":"The Guardian","floor":16,"turns":10},{"damage":36,"enemies":"3 Byrds","floor":18,"turns":5},{"damage":5,"enemies":"Colosseum Slavers","floor":21,"turns":5},{"damage":9,"enemies":"Colosseum Nobs","floor":21,"turns":5},{"damage":7,"enemies":"Slavers","floor":23,"turns":6},{"damage":0,"enemies":"Chosen","floor":28,"turns":4},{"damage":1,"enemies":"Sentry and Sphere","floor":29,"turns":6},{"damage":2,"enemies":"Gremlin Leader","floor":31,"turns":5},{"damage":33,"enemies":"Automaton","floor":33,"turns":8},{"damage":0,"enemies":"3 Shapes","floor":35,"turns":5},{"damage":1,"enemies":"3 Darklings","floor":36,"turns":3},{"damage":28,"enemies":"Writhing Mass","floor":37,"turns":5},{"damage":0,"enemies":"Maw","floor":39,"turns":5},{"damage":0,"enemies":"Reptomancer","floor":41,"turns":4},{"damage":4,"enemies":"3 Darklings","floor":42,"turns":4},{"damage":0,"enemies":"Sphere and 2 Shapes","floor":44,"turns":4},{"damage":36,"enemies":"Nemesis","floor":45,"turns":3},{"damage":2,"enemies":"Reptomancer","floor":48,"turns":4},{"damage":10,"enemies":"Donu and Deca","floor":50,"turns":8},{"damage":51,"enemies":"Shield and Spear","floor":54,"turns":4},{"damage":72,"enemies":"The Heart","floor":55,"turns":3}],"seed_played":"-817536834390086103","potions_obtained":[{"floor":3,"key":"PowerPotion"},{"floor":4,"key":"Energy Potion"},{"floor":10,"key":"Fire Potion"},{"floor":13,"key":"Strength Potion"},{"floor":16,"key":"Energy Potion"},{"floor":23,"key":"Swift Potion"},{"floor":28,"key":"PowerPotion"},{"floor":31,"key":"SneckoOil"},{"floor":36,"key":"Swift Potion"},{"floor":37,"key":"FocusPotion"},{"floor":44,"key":"Block Potion"},{"floor":45,"key":"FocusPotion"},{"floor":48,"key":"Fruit Juice"}],"is_trial":false,"path_per_floor":["M","?","M","M","M","R","$","E","T","E","R","?","E","T","R","B",null,"M","?","?","?","?","E","R","$","T","R","M","M","R","E","R","B",null,"M","M","M","$","M","R","E","M","T","M","E","?","?","E","R","B",null,"R","$","E","B"],"character_chosen":"DEFECT","items_purchased":["Shuriken","Membership Card","Cables","Tiny Chest","Gash","Bandage Up","Mummified Hand","Biased Cognition","Ornamental Fan"],"campfire_rested":2,"item_purchase_floors":[7,25,25,25,25,25,38,38,53],"current_hp_per_floor":[72,57,62,65,63,63,63,30,30,9,31,31,38,38,62,55,75,46,30,30,23,37,37,37,37,37,37,41,41,41,41,41,22,36,41,41,23,23,37,37,41,41,41,41,15,31,31,48,48,52,52,52,52,11,0],"gold":49,"neow_bonus":"HUNDRED_GOLD","is_prod":false,"is_daily":false,"chose_seed":false,"campfire_upgraded":7,"win_rate":0,"timestamp":1548215845,"path_taken":["M","?","M","M","M","R","$","E","T","E","R","?","E","?","R","BOSS","M","?","?","?","?","E","R","?","T","R","?","?","R","E","R","BOSS","M","?","?","$","M","R","E","M","T","M","E","?","?","E","R","BOSS","R","$","E","BOSS"],"build_version":"2019-01-17v2","purchased_purges":1,"victory":false,"max_hp_per_floor":[75,75,75,75,75,75,75,75,75,75,75,82,82,82,82,82,82,82,82,41,41,41,41,41,41,41,41,41,41,41,41,41,41,41,41,41,41,41,41,41,41,41,41,41,41,47,47,52,52,52,52,52,52,52,52],"card_choices":[{"not_picked":["Coolheaded","Barrage"],"picked":"Self Repair","floor":1},{"not_picked":["Blizzard","Aggregate"],"picked":"Steam","floor":3},{"not_picked":["Force Field","Chill"],"picked":"Conserve Battery","floor":4},{"not_picked":["Gash","Barrage"],"picked":"Ball Lightning","floor":5},{"not_picked":["Stack","Doom and Gloom"],"picked":"Rebound","floor":8},{"not_picked":["Barrage","Meteor Strike"],"picked":"FTL","floor":10},{"not_picked":["Gash","Reinforced Body"],"picked":"Barrage","floor":13},{"not_picked":["Reboot","Seek"],"picked":"Machine Learning","floor":16},{"not_picked":["Rebound+1","Coolheaded"],"picked":"Beam Cell+1","floor":18},{"not_picked":["Scrape","Compile Driver"],"picked":"Defragment","floor":21},{"not_picked":["Reboot","Stack"],"picked":"Gash+1","floor":23},{"not_picked":["Rebound","Turbo"],"picked":"Stack+1","floor":28},{"not_picked":["Beam Cell+1","White Noise"],"picked":"Compile Driver+1","floor":29},{"not_picked":["Coolheaded+1","Cold Snap+1"],"picked":"Gash","floor":31},{"not_picked":["Core Surge","Amplify"],"picked":"Electrodynamics","floor":33},{"not_picked":["Sweeping Beam+1","Steam"],"picked":"Glacier+1","floor":35},{"not_picked":["Redo","Cold Snap","Hello World"],"picked":"SKIP","floor":36},{"not_picked":["Sweeping Beam+1","Recycle+1"],"picked":"Hologram+1","floor":37},{"not_picked":["Skim+1","BootSequence+1","Redo+1"],"picked":"SKIP","floor":39},{"not_picked":["Rebound+1","Streamline+1"],"picked":"Force Field+1","floor":41},{"not_picked":["Static Discharge","Redo"],"picked":"Creative AI","floor":42},{"not_picked":["Cold Snap+1","Conserve Battery+1"],"picked":"Streamline","floor":44},{"not_picked":["Aggregate+1","Redo"],"picked":"Skim+1","floor":45},{"not_picked":["Discovery","Dramatic Entrance","The Bomb"],"picked":"Flash of Steel","floor":47},{"not_picked":["Steam+1","Sweeping Beam+1","Stack","Conserve Battery"],"picked":"SKIP","floor":48},{"not_picked":["Recycle+1","Sweeping Beam","Cold Snap"],"picked":"Loop+1","floor":54}],"player_experience":279269,"relics_obtained":[{"floor":8,"key":"Ancient Tea Set"},{"floor":10,"key":"PreservedInsect"},{"floor":13,"key":"Bottled Tornado"},{"floor":14,"key":"Bottled Flame"},{"floor":19,"key":"Necronomicon"},{"floor":21,"key":"Ice Cream"},{"floor":21,"key":"Dodecahedron"},{"floor":23,"key":"Darkstone Periapt"},{"floor":23,"key":"Gambling Chip"},{"floor":26,"key":"Regal Pillow"},{"floor":31,"key":"Bag of Preparation"},{"floor":31,"key":"Lantern"},{"floor":41,"key":"Vajra"},{"floor":41,"key":"Bag of Marbles"},{"floor":43,"key":"Juzu Bracelet"},{"floor":45,"key":"Oddly Smooth Stone"},{"floor":45,"key":"Question Card"},{"floor":48,"key":"Orichalcum"},{"floor":48,"key":"Smiling Mask"},{"floor":54,"key":"Centennial Puzzle"},{"floor":54,"key":"Pocketwatch"}],"event_choices":[{"damage_healed":0,"gold_gain":0,"player_choice":"Entered Light","damage_taken":15,"max_hp_gain":0,"max_hp_loss":0,"event_name":"Shining Light","floor":2,"gold_loss":0,"cards_upgraded":["Defend_B","Defend_B"]},{"damage_healed":0,"gold_gain":0,"player_choice":"Success","damage_taken":7,"relics_obtained":["Strawberry"],"max_hp_gain":0,"max_hp_loss":0,"event_name":"Scrap Ooze","floor":12,"gold_loss":0},{"damage_healed":0,"gold_gain":0,"player_choice":"Obtained Book","damage_taken":16,"max_hp_gain":0,"max_hp_loss":0,"event_name":"Cursed Tome","floor":19,"gold_loss":0},{"damage_healed":0,"gold_gain":0,"player_choice":"Became a Ghost","damage_taken":0,"max_hp_gain":0,"max_hp_loss":41,"event_name":"Ghosts","floor":20,"gold_loss":0,"cards_obtained":["Ghostly","Ghostly","Ghostly","Ghostly","Ghostly"]},{"damage_healed":0,"gold_gain":0,"player_choice":"Fight","damage_taken":0,"max_hp_gain":0,"max_hp_loss":0,"event_name":"Colosseum","floor":21,"gold_loss":0},{"damage_healed":0,"gold_gain":0,"player_choice":"Fought Nobs","damage_taken":0,"max_hp_gain":0,"max_hp_loss":0,"event_name":"Colosseum","floor":21,"gold_loss":0},{"damage_healed":14,"gold_gain":0,"player_choice":"Heal","damage_taken":0,"max_hp_gain":0,"max_hp_loss":0,"event_name":"The Library","floor":22,"gold_loss":0},{"damage_healed":10,"gold_gain":0,"player_choice":"Writhe","damage_taken":0,"max_hp_gain":0,"max_hp_loss":0,"event_name":"Winding Halls","floor":46,"gold_loss":0,"cards_obtained":["Writhe"]},{"damage_healed":0,"gold_gain":0,"player_choice":"Memory 1","damage_taken":0,"max_hp_gain":0,"max_hp_loss":0,"event_name":"SensoryStone","floor":47,"gold_loss":0}],"is_beta":false,"boss_relics":[{"not_picked":["Busted Crown","Runic Pyramid"],"picked":"Black Star"},{"not_picked":["Lizard Tail","Velvet Choker"],"picked":"Coffee Dripper"}],"items_purged_floors":[25],"is_endless":false,"potions_floor_spawned":[3,4,10,13,16,23,28,31,36,37,44,45,48],"killed_by":"The Heart","ascension_level":5}