{"gold_per_floor":[114,68,83,83,98,98,128,128,128,128,143,158,173,173,173,273,273,288,63,78,78,93,93,123,123,198,113,128,46,46,61,61,61],"floor_reached":33,"playtime":1796,"items_purged":["Defend_G"],"score":267,"play_id":"16e948bf-fd34-4b16-98ed-2d592410cf30","local_time":"20181030083431","daily_mods":["Chimera","Green Cards","Careless"],"is_ascension_mode":false,"campfire_choices":[{"data":"Zap","floor":6,"key":"SMITH"},{"data":"Armaments","floor":8,"key":"SMITH"},{"data":"Noxious Fumes","floor":10,"key":"SMITH"},{"data":"Inflame","floor":15,"key":"SMITH"},{"floor":23,"key":"REST"},{"floor":25,"key":"REST"},{"floor":32,"key":"REST"}],"neow_cost":"","seed_source_timestamp":0,"circlet_count":0,"master_deck":["Bash","Survivor","Zap+1","Strike_G+1","Strike_B+1","Defend_R","Defend_B","Anger","Shrug It Off","Armaments+1","Wild Strike","Dagger Throw","Noxious Fumes+1","Cloak And Dagger","Inflame+1","Burst","Metallicize","Shrug It Off","Terror","Heavy Blade","Spot Weakness","Heavy Blade"],"special_seed":17834,"relics":["Burning Blood","Lantern","Blue Candle","Question Card","Fusion Hammer","Whetstone","Juzu Bracelet","Kunai","Ice Cream"],"potions_floor_usage":[7,12,21,31],"damage_taken":[{"damage":10,"enemies":"Small Slimes","floor":1,"turns":3},{"damage":0,"enemies":"Cultist","floor":3,"turns":3},{"damage":0,"enemies":"2 Louse","floor":5,"turns":2},{"damage":14,"enemies":"3 Sentries","floor":7,"turns":7},{"damage":5,"enemies":"Lots of Slimes","floor":11,"turns":4},{"damage":4,"enemies":"Gremlin Gang","floor":12,"turns":4},{"damage":4,"enemies":"Large Slime","floor":13,"turns":6},{"damage":34,"enemies":"Hexaghost","floor":16,"turns":9},{"damage":17,"enemies":"Spheric Guardian","floor":18,"turns":4},{"damage":13,"enemies":"3 Byrds","floor":20,"turns":5},{"damage":12,"enemies":"Colosseum Slavers","floor":21,"turns":5},{"damage":4,"enemies":"Centurion and Healer","floor":22,"turns":5},{"damage":32,"enemies":"Slavers","floor":24,"turns":6},{"damage":19,"enemies":"Chosen and Byrds","floor":28,"turns":7},{"damage":24,"enemies":"Sentry and Sphere","floor":31,"turns":4},{"damage":71,"enemies":"Collector","floor":33,"turns":7}],"seed_played":"-1635922721403175301","potions_obtained":[{"floor":1,"key":"GamblersBrew"},{"floor":3,"key":"AttackPotion"},{"floor":18,"key":"Weak Potion"},{"floor":24,"key":"GamblersBrew"}],"is_trial":false,"path_per_floor":["M","$","M","?","M","R","E","R","T","R","M","M","M","?","R","B",null,"M","$","M","?","M","R","E","R","T","?","M","$","?","M","R"],"character_chosen":"IRONCLAD","items_purchased":["Shrug It Off","Whetstone","Spot Weakness"],"campfire_rested":3,"item_purchase_floors":[2,19,29],"current_hp_per_floor":[76,76,80,80,80,80,72,72,72,72,73,75,77,77,77,49,80,69,69,62,56,58,80,54,78,78,78,65,65,50,32,57,0],"gold":61,"neow_bonus":"","is_prod":false,"is_daily":true,"chose_seed":false,"campfire_upgraded":4,"win_rate":0,"timestamp":1540902871,"path_taken":["M","$","M","?","M","R","E","R","T","R","?","?","?","?","R","BOSS","M","$","?","?","M","R","E","R","T","?","M","?","?","M","R","BOSS"],"build_version":"2018-10-25v2","purchased_purges":1,"victory":false,"max_hp_per_floor":[80,80,80,80,80,80,80,80,80,80,80,80,80,80,80,80,80,80,80,80,80,80,80,80,80,80,80,80,80,85,85,85,85],"card_choices":[{"not_picked":["Reflex","Bane"],"picked":"Anger","floor":1},{"not_picked":["Dropkick","Infernal Blade"],"picked":"Armaments","floor":3},{"not_picked":["Blade Dance","Twin Strike"],"picked":"Dagger Throw","floor":5},{"not_picked":["Havoc","Crippling Poison"],"picked":"Noxious Fumes","floor":7},{"not_picked":["Poisoned Stab","Fiend Fire"],"picked":"Cloak And Dagger","floor":11},{"not_picked":["Sucker Punch","Poisoned Stab"],"picked":"Inflame","floor":12},{"not_picked":["Corruption","Twin Strike","Flex"],"picked":"SKIP","floor":13},{"not_picked":["Doppelganger","Die Die Die","Tools of the Trade"],"picked":"Burst","floor":16},{"not_picked":["Headbutt","Thunderclap","Hemokinesis","Quick Slash+1"],"picked":"SKIP","floor":18},{"not_picked":["Crippling Poison","Leg Sweep","Flex+1"],"picked":"Metallicize","floor":20},{"not_picked":["Iron Wave","Dagger Throw+1","Cloak And Dagger"],"picked":"Shrug It Off","floor":22},{"not_picked":["Sucker Punch","Prepared","Blood for Blood"],"picked":"Terror","floor":24},{"not_picked":["Cleave","Terror","Power Through"],"picked":"Heavy Blade","floor":28},{"not_picked":["Riddle With Holes","Clothesline","Flying Knee"],"picked":"Heavy Blade","floor":31}],"player_experience":429539,"relics_obtained":[{"floor":7,"key":"Lantern"},{"floor":9,"key":"Blue Candle"},{"floor":24,"key":"Juzu Bracelet"},{"floor":26,"key":"Kunai"}],"event_choices":[{"damage_healed":0,"gold_gain":0,"cards_transformed":["Strike_R"],"player_choice":"Transformed","damage_taken":0,"max_hp_gain":0,"max_hp_loss":0,"event_name":"Transmorgrifier","floor":4,"gold_loss":0,"cards_obtained":["Wild Strike"]},{"damage_healed":0,"gold_gain":0,"player_choice":"Searched \u00271\u0027 times","damage_taken":0,"relics_obtained":["Question Card"],"max_hp_gain":0,"max_hp_loss":0,"event_name":"Dead Adventurer","floor":14,"gold_loss":0},{"damage_healed":0,"gold_gain":0,"player_choice":"Fight","damage_taken":0,"max_hp_gain":0,"max_hp_loss":0,"event_name":"Colosseum","floor":21,"gold_loss":0},{"damage_healed":0,"gold_gain":0,"player_choice":"Fled From Nobs","damage_taken":0,"max_hp_gain":0,"max_hp_loss":0,"event_name":"Colosseum","floor":21,"gold_loss":0},{"damage_healed":0,"gold_gain":0,"player_choice":"Obtained Relic","damage_taken":0,"relics_obtained":["Ice Cream"],"max_hp_gain":0,"max_hp_loss":0,"event_name":"Addict","floor":27,"gold_loss":85},{"damage_healed":0,"gold_gain":0,"player_choice":"Shed Blood","damage_taken":20,"max_hp_gain":5,"max_hp_loss":0,"event_name":"Forgotten Altar","floor":30,"gold_loss":0}],"is_beta":false,"boss_relics":[{"not_picked":["Philosopher\u0027s Stone","Tiny House"],"picked":"Fusion Hammer"}],"items_purged_floors":[19],"is_endless":false,"potions_floor_spawned":[1,3,18,21,24],"killed_by":"Collector","ascension_level":0}