{"gold_per_floor":[112,112,112,125,143,143,159,4,4,36,36,36,36,51,51,128,128,146,10,10,10,28,28,39,58,58,108,122,132,152,19,19,91,91,110,1109,1119,1119,1119,1119,1149,1149,1149,1164,1183,115,115,132,132,132],"floor_reached":50,"playtime":4214,"items_purged":["Strike_G","Strike_G"],"score":1023,"play_id":"b88671f6-86bc-4092-a593-90e5c00c26d3","local_time":"20190131015808","is_ascension_mode":true,"campfire_choices":[{"data":"Deadly Poison","floor":6,"key":"SMITH"},{"data":"Noxious Fumes","floor":12,"key":"SMITH"},{"data":"Skewer","floor":15,"key":"SMITH"},{"data":"Catalyst","floor":23,"key":"SMITH"},{"floor":32,"key":"REST"},{"data":"Well Laid Plans","floor":40,"key":"SMITH"},{"floor":42,"key":"REST"},{"floor":49,"key":"REST"}],"neow_cost":"NONE","seed_source_timestamp":461048851646700,"circlet_count":0,"master_deck":["AscendersBane","Defend_G","Defend_G","Defend_G","Defend_G","Defend_G","Strike_G","Strike_G","Survivor","Neutralize+1","Dagger Throw","Deadly Poison+1","Skewer+1","Footwork","Noxious Fumes+1","After Image","Acrobatics","Catalyst+1","PiercingWail","Deflect","Well Laid Plans+1","Blur","Acrobatics","Impatience","Discovery"],"relics":["Lizard Tail","Paper Crane","Mercury Hourglass","Busted Crown","Omamori","Cursed Key","Dead Branch","Blood Vial","Meat on the Bone","TheAbacus"],"potions_floor_usage":[16,16,28,29,30,35,41,45,48,48],"damage_taken":[{"damage":4,"enemies":"Small Slimes","floor":1,"turns":7},{"damage":0,"enemies":"Jaw Worm","floor":4,"turns":4},{"damage":1,"enemies":"2 Louse","floor":5,"turns":3},{"damage":4,"enemies":"Blue Slaver","floor":7,"turns":4},{"damage":17,"enemies":"Lagavulin","floor":10,"turns":8},{"damage":0,"enemies":"Looter","floor":14,"turns":3},{"damage":6,"enemies":"Slime Boss","floor":16,"turns":7},{"damage":5,"enemies":"Shell Parasite","floor":18,"turns":6},{"damage":6,"enemies":"Spheric Guardian","floor":22,"turns":5},{"damage":17,"enemies":"Snake Plant","floor":24,"turns":5},{"damage":20,"enemies":"Sentry and Sphere","floor":25,"turns":6},{"damage":37,"enemies":"Cultist and Chosen","floor":28,"turns":7},{"damage":11,"enemies":"Snake Plant","floor":29,"turns":5},{"damage":6,"enemies":"Snecko","floor":30,"turns":6},{"damage":2,"enemies":"Champ","floor":33,"turns":11},{"damage":0,"enemies":"3 Darklings","floor":35,"turns":6},{"damage":8,"enemies":"3 Shapes","floor":37,"turns":5},{"damage":33,"enemies":"Giant Head","floor":41,"turns":10},{"damage":17,"enemies":"Transient","floor":44,"turns":6},{"damage":19,"enemies":"Spire Growth","floor":45,"turns":5},{"damage":0,"enemies":"Sphere and 2 Shapes","floor":48,"turns":4},{"damage":44,"enemies":"Time Eater","floor":50,"turns":16}],"seed_played":"4399860297739013914","potions_obtained":[{"floor":1,"key":"Strength Potion"},{"floor":10,"key":"Energy Potion"},{"floor":14,"key":"GhostInAJar"},{"floor":16,"key":"Explosive Potion"},{"floor":22,"key":"Poison Potion"},{"floor":24,"key":"PowerPotion"},{"floor":28,"key":"PowerPotion"},{"floor":41,"key":"SpeedPotion"},{"floor":45,"key":"Swift Potion"}],"is_trial":false,"path_per_floor":["M","?","?","M","M","R","M","$","T","E","$","R","?","M","R","B",null,"M","$","?","?","M","R","M","M","T","?","M","M","M","$","R","B",null,"M","?","M","?","?","R","E","R","T","M","M","$","?","M","R","B"],"character_chosen":"THE_SILENT","items_purchased":["Footwork","Catalyst","PiercingWail","GhostInAJar","Weak Potion","Blood Vial","Meat on the Bone","Blur","Acrobatics","Impatience","GamblersBrew","TheAbacus"],"campfire_rested":3,"item_purchase_floors":[8,19,19,31,31,46,46,46,46,46,46,46],"current_hp_per_floor":[55,55,60,60,59,59,55,55,55,38,38,38,31,31,31,25,60,55,55,35,50,44,44,27,7,7,7,18,7,1,1,23,21,62,62,62,54,54,54,54,21,42,42,25,6,6,6,20,41,0],"gold":132,"neow_bonus":"BOSS_RELIC","is_prod":false,"is_daily":false,"chose_seed":false,"campfire_upgraded":5,"win_rate":0,"timestamp":1548917888,"path_taken":["M","?","?","M","M","R","M","$","T","E","?","R","?","M","R","BOSS","M","$","?","?","M","R","M","M","T","?","M","M","?","$","R","BOSS","M","?","M","?","?","R","E","R","T","M","M","$","?","M","R","BOSS"],"build_version":"2019-01-23","purchased_purges":2,"victory":false,"max_hp_per_floor":[66,66,71,71,71,71,71,71,71,71,71,71,71,71,71,71,71,71,71,76,76,76,76,76,76,76,76,76,76,76,76,76,76,76,76,76,76,76,72,72,72,72,72,72,72,72,72,72,72,72],"card_choices":[{"not_picked":["Tactician","Acrobatics"],"picked":"Dagger Throw","floor":1},{"not_picked":["Dodge and Roll","Outmaneuver"],"picked":"Deadly Poison","floor":4},{"not_picked":["Masterful Stab","Endless Agony"],"picked":"Quick Slash","floor":5},{"not_picked":["Bane","Dagger Spray"],"picked":"Skewer","floor":7},{"not_picked":["Leg Sweep","Deadly Poison"],"picked":"Noxious Fumes","floor":10},{"not_picked":["Outmaneuver","Blade Dance","Bane"],"picked":"SKIP","floor":14},{"not_picked":["Adrenaline","A Thousand Cuts"],"picked":"After Image","floor":16},{"not_picked":[],"picked":"Acrobatics","floor":18},{"not_picked":[],"picked":"Deflect","floor":22},{"not_picked":["Prepared"],"picked":"SKIP","floor":24},{"not_picked":["Deadly Poison"],"picked":"SKIP","floor":25},{"not_picked":["Concentrate"],"picked":"SKIP","floor":28},{"not_picked":["Predator"],"picked":"SKIP","floor":29},{"not_picked":[],"picked":"Well Laid Plans","floor":30},{"not_picked":["Slice"],"picked":"SKIP","floor":35},{"not_picked":["Outmaneuver"],"picked":"SKIP","floor":37},{"not_picked":["Well Laid Plans+1"],"picked":"SKIP","floor":41},{"not_picked":["Deadly Poison"],"picked":"SKIP","floor":44},{"not_picked":["Dagger Spray"],"picked":"SKIP","floor":45},{"not_picked":[],"picked":"Discovery","floor":47},{"not_picked":["Accuracy"],"picked":"SKIP","floor":48}],"player_experience":1983248,"relics_obtained":[{"floor":9,"key":"Paper Crane"},{"floor":10,"key":"Mercury Hourglass"},{"floor":26,"key":"Omamori"},{"floor":41,"key":"Dead Branch"}],"event_choices":[{"damage_healed":0,"gold_gain":0,"player_choice":"Grow","damage_taken":0,"max_hp_gain":0,"max_hp_loss":0,"event_name":"Living Wall","floor":2,"gold_loss":0,"cards_upgraded":["Neutralize"]},{"damage_healed":0,"gold_gain":0,"player_choice":"Donut","damage_taken":0,"max_hp_gain":5,"max_hp_loss":0,"event_name":"Big Fish","floor":3,"gold_loss":0},{"cards_removed":["Strike_G"],"damage_healed":0,"gold_gain":0,"player_choice":"Card Removal","damage_taken":7,"max_hp_gain":0,"max_hp_loss":0,"event_name":"Golden Wing","floor":13,"gold_loss":0},{"damage_healed":0,"gold_gain":0,"player_choice":"Shed Blood","damage_taken":25,"max_hp_gain":5,"max_hp_loss":0,"event_name":"Forgotten Altar","floor":20,"gold_loss":0},{"damage_healed":15,"gold_gain":0,"player_choice":"Heal","damage_taken":0,"max_hp_gain":0,"max_hp_loss":0,"event_name":"The Library","floor":21,"gold_loss":0},{"damage_healed":0,"gold_gain":50,"player_choice":"Stole From Cult","damage_taken":0,"max_hp_gain":0,"max_hp_loss":0,"event_name":"Nest","floor":27,"gold_loss":0},{"damage_healed":0,"gold_gain":999,"player_choice":"Gold","damage_taken":0,"max_hp_gain":0,"max_hp_loss":0,"event_name":"MindBloom","floor":36,"gold_loss":0,"cards_obtained":["Normality","Normality"]},{"cards_removed":["Quick Slash"],"damage_healed":0,"gold_gain":0,"player_choice":"Removed Attack","damage_taken":0,"max_hp_gain":0,"max_hp_loss":0,"event_name":"Falling","floor":38,"gold_loss":0},{"damage_healed":0,"gold_gain":0,"player_choice":"Max HP","damage_taken":0,"max_hp_gain":0,"max_hp_loss":4,"event_name":"Winding Halls","floor":39,"gold_loss":0},{"damage_healed":0,"gold_gain":0,"player_choice":"Memory 1","damage_taken":0,"max_hp_gain":0,"max_hp_loss":0,"event_name":"SensoryStone","floor":47,"gold_loss":0}],"is_beta":true,"boss_relics":[{"not_picked":["Coffee Dripper","WristBlade"],"picked":"Busted Crown"},{"not_picked":["White Beast Statue","Pandora\u0027s Box"],"picked":"Cursed Key"}],"items_purged_floors":[8,46],"is_endless":false,"potions_floor_spawned":[1,10,14,16,22,24,28,33,41,45],"killed_by":"Time Eater","ascension_level":20}