{"gold_per_floor":[111,35,35,55,55,55,89,103,129,140,140,168,168,186,186,260,260,271,59,69,121,131,131,165,165,191,216,229,248,266,0,0,74,74,94,94,94,114,124,124,154,154,154,173,193,193,223,239,239,239,239],"floor_reached":52,"playtime":3562,"items_purged":[],"score":1903,"play_id":"a5ab4a2b-11bd-4511-9dc5-0a1e9e1d26bb","local_time":"20181104234500","is_ascension_mode":true,"campfire_choices":[{"data":"Choke","floor":6.0,"key":"SMITH"},{"data":"Noxious Fumes","floor":11,"key":"SMITH"},{"data":"Corpse Explosion","floor":13,"key":"SMITH"},{"data":"Neutralize","floor":15,"key":"SMITH"},{"floor":23,"key":"REST"},{"floor":25,"key":"REST"},{"floor":32,"key":"REST"},{"data":"Catalyst","floor":40,"key":"SMITH"},{"floor":42,"key":"REST"},{"floor":46,"key":"REST"},{"floor":49,"key":"REST"}],"neow_cost":"NONE","seed_source_timestamp":278356563643399,"circlet_count":0,"master_deck":["AscendersBane","Defend_G","Defend_G","Defend_G","Defend_G+1","Defend_G+1","Strike_G","Strike_G","Strike_G","Strike_G","Strike_G","Survivor","Neutralize+1","Predator","Leg Sweep","Choke+1","Noxious Fumes+1","Deadly Poison","Corpse Explosion+1","Backflip","Die Die Die+1","Backflip","Apotheosis","Crippling Poison","Skewer+1","Catalyst+1","Dash+1","Backflip","PiercingWail","Night Terror","Acrobatics","Dash+1"],"special_seed":0,"relics":["Sozu","War Paint","Snake Skull","Molten Egg 2","Snecko Eye","Potion Belt","The Courier","Omamori","Incense Burner","Busted Crown","Bag of Marbles","Ornamental Fan","Gremlin Horn","Meat on the Bone"],"potions_floor_usage":[],"damage_taken":[{"damage":0.0,"enemies":"Cultist","floor":1.0,"turns":4.0},{"damage":0.0,"enemies":"Small Slimes","floor":4.0,"turns":5.0},{"damage":9,"enemies":"3 Sentries","floor":7,"turns":11},{"damage":0,"enemies":"2 Louse","floor":8,"turns":2},{"damage":1,"enemies":"Exordium Wildlife","floor":10,"turns":3},{"damage":9,"enemies":"Lagavulin","floor":12,"turns":6},{"damage":6,"enemies":"Gremlin Gang","floor":14,"turns":3},{"damage":15,"enemies":"The Guardian","floor":16,"turns":8},{"damage":10,"enemies":"Spheric Guardian","floor":18,"turns":4},{"damage":14,"enemies":"Shell Parasite","floor":20,"turns":5},{"damage":2,"enemies":"Chosen and Byrds","floor":22,"turns":4},{"damage":33,"enemies":"Slavers","floor":24,"turns":3},{"damage":24,"enemies":"Gremlin Leader","floor":27,"turns":5},{"damage":0,"enemies":"Snecko","floor":28,"turns":4},{"damage":2,"enemies":"Snake Plant","floor":29,"turns":4},{"damage":0,"enemies":"Sentry and Sphere","floor":30,"turns":5},{"damage":15,"enemies":"Champ","floor":33,"turns":9},{"damage":0,"enemies":"3 Darklings","floor":35,"turns":1},{"damage":0,"enemies":"3 Shapes","floor":38,"turns":4},{"damage":0,"enemies":"Sphere and 2 Shapes","floor":39,"turns":2},{"damage":14,"enemies":"Giant Head","floor":41,"turns":6},{"damage":1,"enemies":"Writhing Mass","floor":44,"turns":4},{"damage":6,"enemies":"Jaw Worm Horde","floor":45,"turns":4},{"damage":30,"enemies":"Reptomancer","floor":47,"turns":5},{"damage":9,"enemies":"4 Shapes","floor":48,"turns":3},{"damage":11,"enemies":"Awakened One","floor":50,"turns":13},{"damage":30,"enemies":"Donu and Deca","floor":51,"turns":6}],"seed_played":"-4213505903255855947","potions_obtained":[],"is_trial":false,"path_per_floor":["M","$","$","M","$","R","E","M","T","M","R","E","R","M","R","B",null,"M","$","M","T","M","R","E","R","T","E","M","M","M","?","R","B",null,"M","?","T","M","M","R","E","R","T","M","M","R","E","M","R","B","B",null],"character_chosen":"THE_SILENT","items_purchased":["Leg Sweep","Apotheosis"],"campfire_rested":6,"item_purchase_floors":[2,19],"current_hp_per_floor":[59,59,59,59,59,59,50,50,50,49,49,40,40,34,34,19,54,44,44,30,30,28,47,14,33,33,9,9,7,7,7,26,11,52,52,52,52,52,52,52,38,57,57,56,50,66,36,39,58,47,29],"gold":239,"neow_bonus":"BOSS_RELIC","is_prod":false,"is_daily":false,"chose_seed":false,"campfire_upgraded":5,"win_rate":0,"timestamp":1541393100,"path_taken":["M","?","$","?","?","R","E","M","T","M","R","E","R","M","R","BOSS","M","$","M","?","M","R","E","R","T","E","M","?","M","?","R","BOSS","M","?","?","M","M","R","E","R","T","M","?","R","E","M","R","BOSS","BOSS"],"build_version":"2018-11-01","purchased_purges":0,"victory":true,"max_hp_per_floor":[66,66,66,66,66,66,66,66,66,66,66,66,66,66,66,66,66,66,66,66,66,66,66,66,66,66,66,66,66,66,66,66,66,66,66,66,66,66,66,66,66,66,66,66,66,66,66,66,66,66,66],"card_choices":[{"not_picked":["Dagger Spray","All Out Attack"],"picked":"Predator","floor":1.0},{"not_picked":["Cloak And Dagger","Underhanded Strike"],"picked":"Choke","floor":4.0},{"not_picked":["All Out Attack","Tactician"],"picked":"Noxious Fumes","floor":7},{"not_picked":["Choke","Heel Hook","Underhanded Strike"],"picked":"SKIP","floor":8},{"not_picked":["PiercingWail","All Out Attack"],"picked":"Deadly Poison","floor":10},{"not_picked":["Sucker Punch","Reflex"],"picked":"Corpse Explosion","floor":12},{"not_picked":["Deflect","Underhanded Strike+1"],"picked":"Backflip","floor":14},{"not_picked":["Venomology","Tools of the Trade"],"picked":"Die Die Die+1","floor":16},{"not_picked":["Prepared","Concentrate"],"picked":"Backflip","floor":18},{"not_picked":["Endless Agony+1","Backflip"],"picked":"Crippling Poison","floor":20},{"not_picked":["Terror","Prepared"],"picked":"Skewer+1","floor":22},{"not_picked":["Corpse Explosion","Tactician"],"picked":"Catalyst","floor":24},{"not_picked":["Dagger Spray+1","Envenom"],"picked":"Dash+1","floor":27},{"not_picked":["Deflect","Blur"],"picked":"Backflip","floor":28},{"not_picked":["Dagger Throw+1","Sucker Punch+1","Deflect"],"picked":"SKIP","floor":29},{"not_picked":["Deflect","Underhanded Strike+1"],"picked":"PiercingWail","floor":30},{"not_picked":["Malaise","Unload+1"],"picked":"Night Terror","floor":33},{"not_picked":["Choke+1"],"picked":"SKIP","floor":35},{"not_picked":[],"picked":"Acrobatics","floor":38},{"not_picked":[],"picked":"Dash+1","floor":39},{"not_picked":["Setup+1"],"picked":"SKIP","floor":41},{"not_picked":["Escape Plan"],"picked":"SKIP","floor":44},{"not_picked":["Endless Agony+1"],"picked":"SKIP","floor":45},{"not_picked":["All Out Attack+1"],"picked":"SKIP","floor":47},{"not_picked":["Poisoned Stab+1"],"picked":"SKIP","floor":48}],"player_experience":1632404,"relics_obtained":[{"floor":7,"key":"War Paint"},{"floor":9,"key":"Snake Skull"},{"floor":12,"key":"Molten Egg 2"},{"floor":21,"key":"Potion Belt"},{"floor":24,"key":"The Courier"},{"floor":26,"key":"Omamori"},{"floor":27,"key":"Incense Burner"},{"floor":37,"key":"Bag of Marbles"},{"floor":41,"key":"Ornamental Fan"},{"floor":43,"key":"Gremlin Horn"},{"floor":47,"key":"Meat on the Bone"}],"event_choices":[{"damage_healed":0,"gold_gain":0,"player_choice":"Paid Fearfully","damage_taken":0,"max_hp_gain":0,"max_hp_loss":0,"event_name":"Masked Bandits","floor":31,"gold_loss":266},{"damage_healed":0,"gold_gain":0,"player_choice":"Ignored","damage_taken":0,"max_hp_gain":0,"max_hp_loss":0,"event_name":"Mysterious Sphere","floor":36,"gold_loss":0}],"is_beta":true,"boss_relics":[{"not_picked":["Velvet Choker","WristBlade"],"picked":"Snecko Eye"},{"not_picked":["Eternal Feather","Tiny House"],"picked":"Busted Crown"}],"items_purged_floors":[],"is_endless":false,"potions_floor_spawned":[1,4,7,14,16,20,24,30,33,35,41,47],"ascension_level":20}