{"path_per_floor":["M","M","?","M","?","E","R","$","T","E","M","$","M","M","R","B",null,"M","M","?","M","?","E","?","R","T","E","M","R","$","M","R","B",null,"M","M","?","M","M","E","M","?","T","$","M","R","$","?","R","B"],"character_chosen":"THE_SILENT","items_purchased":["Ornamental Fan"],"gold_per_floor":[116,134,134,150,150,177,177,102,102,130,149,49,66,84,84,186,186,200,213,113,124,39,71,71,71,71,102,112,112,112,125,125,225,225,238,248,248,259,279,306,325,325,350,110,122,122,122,122,122,122],"floor_reached":51,"campfire_rested":3,"playtime":4646,"current_hp_per_floor":[68,68,68,68,68,59,59,59,59,44,44,44,44,44,44,14,70,70,65,65,47,47,16,16,37,37,22,18,18,18,17,38,3,70,61,61,61,58,58,52,42,60,60,60,48,48,48,48,69,44],"items_purged":["Strike_G","Defend_G"],"gold":122,"score":679,"play_id":"b026f6ff-4efa-4f35-a6a2-364968fc4f95","local_time":"20180413215356","is_prod":false,"is_daily":false,"chose_seed":false,"is_ascension_mode":false,"campfire_upgraded":4,"timestamp":1523624036,"path_taken":["M","M","?","?","?","E","R","$","T","E","?","$","M","M","R","BOSS","M","M","?","M","?","E","?","R","T","E","M","R","$","M","R","BOSS","M","M","?","M","M","E","M","?","T","$","?","R","$","?","R","BOSS"],"build_version":"2018-04-12","seed_source_timestamp":216302083322064,"purchased_purges":2,"victory":true,"master_deck":["Defend_G","Defend_G","Defend_G","Strike_G","Strike_G","Survivor","Neutralize","Backflip","Cloak And Dagger+1","Dodge and Roll","Die Die Die","Escape Plan","Blade Dance+1","Accuracy+1","Acrobatics","After Image+1","Infinite Blades","Outmaneuver","J.A.X.","Backflip","Accuracy+1","Accuracy","Phantasmal Killer","Calculated Gamble","Outmaneuver+1","Cloak And Dagger+1","Cloak And Dagger","Dodge and Roll+1","Backflip+1","Parasite","Well Laid Plans+1","Flash of Steel","Prepared+1"],"max_hp_per_floor":[70,70,70,70,70,70,70,70,70,70,70,70,70,70,70,70,70,70,70,70,70,70,70,70,70,70,70,70,70,70,70,70,70,70,70,70,70,70,70,70,70,70,70,70,70,70,70,70,70,70],"relics":["Ring of the Snake","Snake Skull","Omamori","Letter Opener","Cursed Key","Vajra","Centennial Puzzle","Anchor","Bag of Marbles","Philosopher\u0027s Stone","Happy Flower","Dream Catcher","Ornamental Fan"],"card_choices":[{"not_picked":["Dagger Spray","Predator"],"picked":"Backflip","floor":1},{"not_picked":["Distraction","Dodge and Roll"],"picked":"Cloak And Dagger","floor":2},{"not_picked":["Flying Knee","Deflect"],"picked":"Die Die Die","floor":4},{"not_picked":["Predator","Riddle With Holes"],"picked":"Escape Plan","floor":10},{"not_picked":["Dagger Spray","Sucker Punch"],"picked":"Blade Dance","floor":11},{"not_picked":["Choke","Poisoned Stab"],"picked":"Accuracy","floor":13},{"not_picked":["Deadly Poison","Quick Slash"],"picked":"Acrobatics","floor":14},{"not_picked":["Corpse Explosion","Doppelganger"],"picked":"After Image","floor":16},{"not_picked":["PiercingWail","Masterful Stab"],"picked":"Infinite Blades","floor":18},{"not_picked":["Quick Slash","Flying Knee"],"picked":"Outmaneuver","floor":19},{"not_picked":["Quick Slash","Acrobatics"],"picked":"Backflip","floor":21},{"not_picked":["Underhanded Strike","Backstab"],"picked":"Accuracy","floor":23},{"not_picked":["Dagger Spray","Slice"],"picked":"Accuracy","floor":31},{"not_picked":["Die Die Die","Doppelganger"],"picked":"Phantasmal Killer","floor":33},{"not_picked":["Bane","Slice"],"picked":"Calculated Gamble","floor":35},{"not_picked":["Slice","Deflect"],"picked":"Outmaneuver","floor":36},{"not_picked":["All Out Attack","Underhanded Strike"],"picked":"Cloak And Dagger","floor":38},{"not_picked":["Heel Hook","Poisoned Stab"],"picked":"Cloak And Dagger","floor":39},{"not_picked":["PiercingWail","Bullet Time"],"picked":"Dodge and Roll","floor":40},{"not_picked":["Poisoned Stab","Dagger Throw"],"picked":"Backflip","floor":41},{"not_picked":["Backflip","Outmaneuver"],"picked":"Well Laid Plans","floor":45},{"not_picked":["Trip","Jack Of All Trades"],"picked":"Flash of Steel","floor":48},{"not_picked":["Cloak And Dagger","Bane"],"picked":"Prepared","floor":49}],"player_experience":32647,"potions_floor_usage":[6,10,21,21,35,35,50,50,50],"damage_taken":[{"damage":2,"enemies":"Small Slimes","floor":1,"turns":5},{"damage":0,"enemies":"Cultist","floor":2,"turns":5},{"damage":0,"enemies":"2 Louse","floor":4,"turns":2},{"damage":24,"enemies":"3 Sentries","floor":6,"turns":13},{"damage":15,"enemies":"Gremlin Nob","floor":10,"turns":5},{"damage":0,"enemies":"Red Slaver","floor":11,"turns":3},{"damage":0,"enemies":"Looter","floor":13,"turns":2},{"damage":0,"enemies":"Blue Slaver","floor":14,"turns":4},{"damage":30,"enemies":"Slime Boss","floor":16,"turns":10},{"damage":0,"enemies":"Chosen","floor":18,"turns":5},{"damage":5,"enemies":"Spheric Guardian","floor":19,"turns":4},{"damage":18,"enemies":"Slaver and Parasite","floor":21,"turns":3},{"damage":31,"enemies":"Slavers","floor":23,"turns":5},{"damage":15,"enemies":"Gremlin Leader","floor":27,"turns":4},{"damage":4,"enemies":"Centurion and Healer","floor":28,"turns":4},{"damage":1,"enemies":"Chosen and Byrds","floor":31,"turns":5},{"damage":35,"enemies":"Champ","floor":33,"turns":8},{"damage":9,"enemies":"3 Darklings","floor":35,"turns":4},{"damage":0,"enemies":"Orb Walker","floor":36,"turns":3},{"damage":3,"enemies":"Sphere and 2 Shapes","floor":38,"turns":3},{"damage":0,"enemies":"4 Shapes","floor":39,"turns":3},{"damage":6,"enemies":"Giant Head","floor":40,"turns":5},{"damage":10,"enemies":"Maw","floor":41,"turns":6},{"damage":12,"enemies":"Sphere and 2 Shapes","floor":45,"turns":4},{"damage":25,"enemies":"Donu and Deca","floor":50,"turns":7}],"event_choices":[{"event_name":"Transmorgrifier","player_choice":"Transform","floor":3,"damage_taken":0},{"event_name":"Living Wall","player_choice":"Forget","floor":5,"damage_taken":0},{"event_name":"Drug Dealer","player_choice":"Got JAXXED","floor":20,"damage_taken":0},{"event_name":"Addict","player_choice":"Obtained Relic","floor":22,"damage_taken":0},{"event_name":"Purifier","player_choice":"One Purge","floor":24,"damage_taken":0},{"event_name":"Upgrade Shrine","player_choice":"Upgraded","floor":37,"damage_taken":0},{"event_name":"Winding Halls","player_choice":"Writhe","floor":42,"damage_taken":0},{"event_name":"SensoryStone","player_choice":"Memory 1","floor":48,"damage_taken":0}],"boss_relics":[{"not_picked":["Sozu","Black Star"],"picked":"Cursed Key"},{"not_picked":["Eternal Feather","Calling Bell"],"picked":"Philosopher\u0027s Stone"}],"potions_floor_spawned":[1,2,6,16,19,27,31,38,40,45],"seed_played":"-4875851777198212100","ascension_level":0,"is_trial":false}