{"gold_per_floor":[10,10,10,10,26,26,26,58,58,78,78,96,126,137,137,238,238,249,135,155,155,169,169,22,40,63,63,63,94,110,124,124,220,220,235,29,40,0,0,29,29,29,29,45,45,64,99,111],"floor_reached":48,"playtime":3855,"items_purged":["Strike_G","Defend_G","Defend_G"],"score":598,"play_id":"6757d97e-d673-4c10-924b-a7e88194c8c9","local_time":"20181021095108","is_ascension_mode":true,"campfire_choices":[{"data":"Neutralize","floor":6,"key":"SMITH"},{"floor":11,"key":"REST"},{"data":"Sucker Punch","floor":15,"key":"SMITH"},{"data":"Noxious Fumes","floor":23,"key":"SMITH"},{"data":"Backflip","floor":27,"key":"SMITH"},{"floor":32,"key":"REST"},{"data":"Tactician","floor":42,"key":"SMITH"},{"data":"Catalyst","floor":45,"key":"SMITH"}],"neow_cost":"NO_GOLD","seed_source_timestamp":977689611483983,"circlet_count":0,"master_deck":["Defend_G","Defend_G+1","Strike_G+1","Survivor","Neutralize+1","Heel Hook","Sucker Punch+1","Flying Knee","Backflip+1","Outmaneuver","Malaise","Noxious Fumes+1","Footwork+1","Dagger Throw","Quick Slash","Noxious Fumes+1","Poisoned Stab","Malaise","Venomology","Blur","Flash of Steel","Catalyst+1","Decay","Tactician+1","Envenom"],"relics":["Ring of the Serpent","Regal Pillow","Ancient Tea Set","Lantern","Eternal Feather","Strawberry","Blood Vial","Red Mask","Boot","Dodecahedron","MawBank"],"potions_floor_usage":[7,13,13,16,18,29,30,37,37,40,40,44,47,47,47,47],"damage_taken":[{"damage":1,"enemies":"Jaw Worm","floor":1,"turns":7},{"damage":1,"enemies":"Cultist","floor":5,"turns":5},{"damage":0,"enemies":"Lagavulin Event","floor":7,"turns":2},{"damage":24,"enemies":"Gremlin Nob","floor":8,"turns":5},{"damage":0,"enemies":"Small Slimes","floor":10,"turns":2},{"damage":0,"enemies":"Blue Slaver","floor":12,"turns":3},{"damage":12,"enemies":"Lagavulin","floor":13,"turns":6},{"damage":0,"enemies":"Looter","floor":14,"turns":3},{"damage":14,"enemies":"The Guardian","floor":16,"turns":16},{"damage":8,"enemies":"Chosen","floor":18,"turns":5},{"damage":10,"enemies":"Spheric Guardian","floor":20,"turns":6},{"damage":4,"enemies":"Snake Plant","floor":22,"turns":7},{"damage":12,"enemies":"Cultist and Chosen","floor":25,"turns":8},{"damage":15,"enemies":"Gremlin Leader","floor":29,"turns":7},{"damage":15,"enemies":"3 Cultists","floor":30,"turns":5},{"damage":8,"enemies":"Centurion and Healer","floor":31,"turns":6},{"damage":37,"enemies":"Champ","floor":33,"turns":15},{"damage":11,"enemies":"3 Shapes","floor":35,"turns":8},{"damage":6,"enemies":"3 Darklings","floor":37,"turns":5},{"damage":18,"enemies":"Nemesis","floor":40,"turns":9},{"damage":17,"enemies":"Maw","floor":44,"turns":9},{"damage":27,"enemies":"Spire Growth","floor":46,"turns":5},{"damage":48,"enemies":"Giant Head","floor":47,"turns":9},{"damage":6,"enemies":"Transient","floor":48,"turns":1}],"seed_played":"-8869114732051970674","potions_obtained":[{"floor":1,"key":"SmokeBomb"},{"floor":8,"key":"Strength Potion"},{"floor":10,"key":"SneckoOil"},{"floor":14,"key":"Explosive Potion"},{"floor":16,"key":"SkillPotion"},{"floor":22,"key":"Fire Potion"},{"floor":25,"key":"Fire Potion"},{"floor":30,"key":"GhostInAJar"},{"floor":37,"key":"Fire Potion"},{"floor":40,"key":"GhostInAJar"},{"floor":46,"key":"EssenceOfSteel"}],"is_trial":false,"path_per_floor":["M","?","?","?","M","R","?","E","T","M","R","M","E","M","R","B",null,"M","$","M","?","M","R","$","M","T","R","?","E","M","M","R","B",null,"M","$","M","?","?","E","$","R","T","M","R","M","E"],"character_chosen":"THE_SILENT","items_purchased":["Noxious Fumes","Quick Slash","Flash of Steel"],"campfire_rested":2,"item_purchase_floors":[19,24,36],"current_hp_per_floor":[69,69,74,59,58,58,58,34,34,34,71,71,59,59,59,45,75,67,67,57,57,53,62,62,50,57,66,66,51,38,32,80,45,82,71,71,67,67,67,65,65,77,77,62,74,49,3,0],"gold":111,"neow_bonus":"REMOVE_TWO","is_prod":false,"is_daily":false,"chose_seed":false,"campfire_upgraded":6,"win_rate":0,"timestamp":1540129868,"path_taken":["M","?","?","?","M","R","?","E","T","?","R","M","E","M","R","BOSS","M","$","M","?","M","R","$","M","T","R","?","E","M","M","R","BOSS","M","?","M","?","?","E","$","R","T","M","R","M","E","M"],"build_version":"2018-10-18","purchased_purges":3,"victory":false,"max_hp_per_floor":[70,70,75,75,75,75,75,75,75,75,75,75,75,75,75,75,75,75,75,75,75,75,75,75,75,82,82,82,82,82,82,82,82,82,82,82,82,82,82,82,82,82,82,82,82,82,82,82],"card_choices":[{"not_picked":["Dagger Spray","Blade Dance"],"picked":"Heel Hook","floor":1},{"not_picked":["Predator","Setup","Slice"],"picked":"SKIP","floor":5},{"not_picked":["Choke","Slice"],"picked":"Sucker Punch","floor":8},{"not_picked":["Accuracy","Poisoned Stab"],"picked":"Flying Knee","floor":10},{"not_picked":["Eviscerate","Dodge and Roll"],"picked":"Backflip","floor":12},{"not_picked":["Setup","PiercingWail"],"picked":"Outmaneuver","floor":13},{"not_picked":["Bane","Slice","PiercingWail"],"picked":"SKIP","floor":14},{"not_picked":["Grand Finale","Storm of Steel"],"picked":"Malaise","floor":16},{"not_picked":["Eviscerate","Cloak And Dagger","Slice+1"],"picked":"SKIP","floor":18},{"not_picked":["Noxious Fumes","Sucker Punch+1"],"picked":"Footwork","floor":20},{"not_picked":["Dash","Bane"],"picked":"Dagger Throw","floor":22},{"not_picked":["Sucker Punch","Dodge and Roll","Calculated Gamble+1"],"picked":"SKIP","floor":25},{"not_picked":["Escape Plan+1","Deadly Poison+1"],"picked":"Noxious Fumes+1","floor":29},{"not_picked":["Cloak And Dagger","Backflip"],"picked":"Poisoned Stab","floor":30},{"not_picked":["Dodge and Roll+1","Deadly Poison+1"],"picked":"Malaise","floor":31},{"not_picked":["Burst","Tools of the Trade"],"picked":"Venomology","floor":33},{"not_picked":["Outmaneuver","Backstab"],"picked":"Blur","floor":35},{"not_picked":["Eviscerate+1","Poisoned Stab+1"],"picked":"Catalyst","floor":37},{"not_picked":["Sucker Punch","Dagger Spray"],"picked":"Tactician","floor":40},{"not_picked":["Dagger Throw","Dagger Spray+1","Bane"],"picked":"SKIP","floor":44},{"not_picked":["Dagger Throw","Sucker Punch+1"],"picked":"Envenom","floor":46},{"not_picked":["Poisoned Stab+1","Cloak And Dagger","Bane"],"picked":"SKIP","floor":47}],"player_experience":343155,"relics_obtained":[{"floor":8,"key":"Regal Pillow"},{"floor":9,"key":"Ancient Tea Set"},{"floor":13,"key":"Lantern"},{"floor":26,"key":"Strawberry"},{"floor":29,"key":"Blood Vial"},{"floor":40,"key":"Boot"},{"floor":43,"key":"Dodecahedron"},{"floor":47,"key":"MawBank"}],"event_choices":[{"cards_removed":["Defend_G"],"damage_healed":0,"gold_gain":0,"player_choice":"Offered Basic","damage_taken":0,"max_hp_gain":0,"max_hp_loss":0,"event_name":"Bonfire Elementals","floor":2,"gold_loss":0},{"damage_healed":0,"gold_gain":0,"player_choice":"Donut","damage_taken":0,"max_hp_gain":5,"max_hp_loss":0,"event_name":"Big Fish","floor":3,"gold_loss":0},{"damage_healed":0,"gold_gain":0,"player_choice":"Entered Light","damage_taken":15,"max_hp_gain":0,"max_hp_loss":0,"event_name":"Shining Light","floor":4,"gold_loss":0,"cards_upgraded":["Strike_G","Defend_G"]},{"damage_healed":0,"gold_gain":0,"player_choice":"Searched \u00272\u0027 times","damage_taken":0,"max_hp_gain":0,"max_hp_loss":0,"event_name":"Dead Adventurer","floor":7,"gold_loss":0},{"damage_healed":0,"gold_gain":0,"player_choice":"Upgraded","damage_taken":0,"max_hp_gain":0,"max_hp_loss":0,"event_name":"Upgrade Shrine","floor":21,"gold_loss":0,"cards_upgraded":["Footwork"]},{"cards_removed":["Strike_G"],"damage_healed":0,"gold_gain":0,"player_choice":"Elegance","damage_taken":0,"max_hp_gain":0,"max_hp_loss":0,"event_name":"Back to Basics","floor":28,"gold_loss":0},{"damage_healed":0,"gold_gain":0,"player_choice":"Paid","damage_taken":0,"relics_obtained":["Red Mask"],"max_hp_gain":0,"max_hp_loss":0,"event_name":"Tomb of Lord Red Mask","floor":38,"gold_loss":40},{"damage_healed":0,"gold_gain":0,"player_choice":"Cursed","damage_taken":0,"max_hp_gain":0,"max_hp_loss":0,"event_name":"Wheel of Change","floor":39,"gold_loss":0,"cards_obtained":["Decay"]}],"is_beta":false,"boss_relics":[{"not_picked":["Black Star","Tiny House"],"picked":"Eternal Feather"},{"not_picked":["Orrery","Sozu"],"picked":"Ring of the Serpent"}],"items_purged_floors":[19,24,36],"is_endless":false,"potions_floor_spawned":[1,8,10,14,16,22,25,30,37,40,46],"killed_by":"Transient","ascension_level":3}