{"gold_per_floor":[119,119,119,119,137,162,175,125,125,53,72,72,91,106,106,211,211,230,230,320,337,348,348,141,173,173,188,110,310,310,322,322,426,426,443,443,443,307,320,320,339,363,411,425,443,543,543,560,560,560],"floor_reached":50,"playtime":1040,"items_purged":["Defend_R","Defend_R"],"score":539,"play_id":"bc9b6e2e-c6e9-4e97-9dd2-70ea10a93bb0","local_time":"20190205130208","is_ascension_mode":false,"campfire_choices":[{"data":"Bash","floor":12,"key":"SMITH"},{"data":"Uppercut","floor":15,"key":"SMITH"},{"floor":23,"key":"REST"},{"floor":30,"key":"REST"},{"floor":32,"key":"REST"},{"data":"Inflame","floor":40,"key":"SMITH"},{"floor":47,"key":"REST"},{"floor":49,"key":"REST"}],"neow_cost":"NONE","seed_source_timestamp":45633521607504,"circlet_count":0,"master_deck":["Strike_R","Strike_R","Strike_R","Strike_R","Strike_R","Bash+1","Sword Boomerang","Clothesline","Perfected Strike","Pommel Strike","Clash","Headbutt","Uppercut+1","Offering","Pummel","Inflame+1","Metallicize","Perfected Strike","Parasite","Pain"],"relics":["Burning Blood","NeowsBlessing","Shuriken","Orichalcum","Mummified Hand","Sundial","Busted Crown","Blue Candle","PreservedInsect","Cursed Key","Red Skull","Bag of Preparation","Gambling Chip"],"potions_floor_usage":[11,25,45,48,50,50,50],"damage_taken":[{"damage":0,"enemies":"Jaw Worm","floor":1,"turns":1},{"damage":0,"enemies":"2 Louse","floor":5,"turns":1},{"damage":0,"enemies":"Gremlin Nob","floor":6,"turns":1},{"damage":2,"enemies":"Small Slimes","floor":7,"turns":3},{"damage":7,"enemies":"Exordium Wildlife","floor":11,"turns":3},{"damage":0,"enemies":"2 Fungi Beasts","floor":13,"turns":2},{"damage":5,"enemies":"Exordium Thugs","floor":14,"turns":3},{"damage":37,"enemies":"The Guardian","floor":16,"turns":7},{"damage":0,"enemies":"Chosen","floor":18,"turns":3},{"damage":19,"enemies":"Colosseum Slavers","floor":19,"turns":4},{"damage":10,"enemies":"Spheric Guardian","floor":21,"turns":3},{"damage":11,"enemies":"Cultist and Chosen","floor":22,"turns":4},{"damage":22,"enemies":"Slavers","floor":25,"turns":4},{"damage":24,"enemies":"Snake Plant","floor":27,"turns":4},{"damage":13,"enemies":"3 Cultists","floor":31,"turns":3},{"damage":53,"enemies":"Collector","floor":33,"turns":4},{"damage":11,"enemies":"Orb Walker","floor":35,"turns":2},{"damage":21,"enemies":"3 Shapes","floor":39,"turns":3},{"damage":18,"enemies":"Sphere and 2 Shapes","floor":41,"turns":4},{"damage":8,"enemies":"Jaw Worm Horde","floor":44,"turns":3},{"damage":27,"enemies":"Maw","floor":45,"turns":5},{"damage":3,"enemies":"Mind Bloom Boss Battle","floor":46,"turns":2},{"damage":14,"enemies":"Spire Growth","floor":48,"turns":3},{"damage":76,"enemies":"Donu and Deca","floor":50,"turns":5}],"seed_played":"1468584101761696120","potions_obtained":[{"floor":1,"key":"FearPotion"},{"floor":5,"key":"LiquidBronze"},{"floor":6,"key":"Explosive Potion"},{"floor":11,"key":"SkillPotion"},{"floor":25,"key":"Swift Potion"},{"floor":33,"key":"Block Potion"},{"floor":35,"key":"AttackPotion"},{"floor":45,"key":"Swift Potion"},{"floor":48,"key":"EssenceOfSteel"}],"is_trial":false,"path_per_floor":["M","?","?","T","M","E","M","?","T","$","M","R","M","M","R","B",null,"M","?","?","M","M","R","$","E","T","M","$","?","R","M","R","B",null,"M","?","?","$","M","R","M","T","T","M","M","?","R","M","R","B"],"character_chosen":"IRONCLAD","items_purchased":["Pommel Strike","Clash","Flex","Pummel","Inflame","Metallicize"],"campfire_rested":5,"item_purchase_floors":[10,10,24,24,28,38],"current_hp_per_floor":[80,73,61,61,67,73,77,77,77,77,76,76,80,80,80,49,80,80,67,51,47,42,66,66,50,50,32,32,32,56,49,73,26,80,75,75,75,75,60,60,48,48,48,46,25,28,52,44,68,0],"gold":560,"neow_bonus":"THREE_ENEMY_KILL","is_prod":false,"is_daily":false,"chose_seed":false,"campfire_upgraded":3,"win_rate":0,"timestamp":1549389728,"path_taken":["M","?","?","?","M","E","M","?","T","$","M","R","M","M","R","BOSS","M","?","?","M","M","R","$","E","T","?","$","?","R","?","R","BOSS","M","?","?","?","?","R","M","?","T","M","M","?","R","M","R","BOSS"],"build_version":"2019-01-23","purchased_purges":2,"victory":false,"max_hp_per_floor":[80,80,80,80,80,80,80,80,80,80,80,80,80,80,80,80,80,80,80,80,80,80,80,80,80,80,80,80,80,80,80,80,80,80,80,80,80,80,80,80,80,80,80,80,80,80,80,80,80,80],"card_choices":[{"not_picked":["Power Through","Havoc","Clothesline"],"picked":"SKIP","floor":1},{"not_picked":["Warcry","Body Slam"],"picked":"Sword Boomerang","floor":5},{"not_picked":["Bloodletting","Entrench"],"picked":"Clothesline","floor":6},{"not_picked":["Clash","Cleave"],"picked":"Perfected Strike","floor":7},{"not_picked":["Shrug It Off","Searing Blow"],"picked":"Headbutt","floor":11},{"not_picked":["Carnage","Sword Boomerang"],"picked":"Uppercut","floor":13},{"not_picked":["Feed","Rage","Clothesline"],"picked":"SKIP","floor":14},{"not_picked":["Berserk","Bludgeon"],"picked":"Offering","floor":16},{"not_picked":["Sword Boomerang"],"picked":"SKIP","floor":18},{"not_picked":["Dual Wield"],"picked":"SKIP","floor":21},{"not_picked":["Flame Barrier+1"],"picked":"SKIP","floor":22},{"not_picked":["Warcry+1"],"picked":"SKIP","floor":25},{"not_picked":["Flame Barrier"],"picked":"SKIP","floor":27},{"not_picked":["Intimidate"],"picked":"SKIP","floor":31},{"not_picked":["Ghostly Armor"],"picked":"SKIP","floor":35},{"not_picked":["Hemokinesis+1"],"picked":"SKIP","floor":39},{"not_picked":[],"picked":"Perfected Strike","floor":41},{"not_picked":["Burning Pact+1"],"picked":"SKIP","floor":44},{"not_picked":["Fire Breathing"],"picked":"SKIP","floor":45},{"not_picked":["Carnage"],"picked":"SKIP","floor":48}],"player_experience":452895,"relics_obtained":[{"floor":4,"key":"Orichalcum"},{"floor":6,"key":"Mummified Hand"},{"floor":9,"key":"Sundial"},{"floor":25,"key":"Blue Candle"},{"floor":26,"key":"PreservedInsect"},{"floor":42,"key":"Red Skull"},{"floor":43,"key":"Bag of Preparation"},{"floor":46,"key":"Gambling Chip"}],"event_choices":[{"cards_removed":["Defend_R"],"damage_healed":0,"gold_gain":0,"player_choice":"Card Removal","damage_taken":7,"max_hp_gain":0,"max_hp_loss":0,"event_name":"Golden Wing","floor":2,"gold_loss":0},{"damage_healed":0,"gold_gain":0,"player_choice":"Success","damage_taken":12,"relics_obtained":["Shuriken"],"max_hp_gain":0,"max_hp_loss":0,"event_name":"Scrap Ooze","floor":3,"gold_loss":0},{"cards_removed":["Defend_R"],"damage_healed":0,"gold_gain":0,"player_choice":"Card Removal","damage_taken":0,"max_hp_gain":0,"max_hp_loss":0,"event_name":"The Cleric","floor":8,"gold_loss":50},{"damage_healed":0,"gold_gain":0,"player_choice":"Fight","damage_taken":0,"max_hp_gain":0,"max_hp_loss":0,"event_name":"Colosseum","floor":19,"gold_loss":0},{"damage_healed":0,"gold_gain":0,"player_choice":"Fled From Nobs","damage_taken":0,"max_hp_gain":0,"max_hp_loss":0,"event_name":"Colosseum","floor":19,"gold_loss":0},{"damage_healed":0,"gold_gain":90,"player_choice":"GOLD ","damage_taken":16,"max_hp_gain":0,"max_hp_loss":0,"event_name":"Knowing Skull","floor":20,"potions_obtained":[],"gold_loss":0,"cards_obtained":[]},{"damage_healed":0,"gold_gain":200,"player_choice":"Gold","damage_taken":0,"max_hp_gain":0,"max_hp_loss":0,"event_name":"Wheel of Change","floor":29,"gold_loss":0},{"cards_removed":["Flex"],"damage_healed":0,"gold_gain":0,"player_choice":"Removed Skill","damage_taken":0,"max_hp_gain":0,"max_hp_loss":0,"event_name":"Falling","floor":36,"gold_loss":0},{"damage_healed":0,"gold_gain":0,"player_choice":"Memory 1","damage_taken":0,"max_hp_gain":0,"max_hp_loss":0,"event_name":"SensoryStone","floor":37,"gold_loss":0},{"damage_healed":0,"gold_gain":0,"player_choice":"Fight","damage_taken":0,"max_hp_gain":0,"max_hp_loss":0,"event_name":"MindBloom","floor":46,"gold_loss":0}],"is_beta":false,"boss_relics":[{"not_picked":["Astrolabe","Black Blood"],"picked":"Busted Crown"},{"not_picked":["Coffee Dripper","Runic Pyramid"],"picked":"Cursed Key"}],"items_purged_floors":[24,38],"is_endless":false,"potions_floor_spawned":[1,5,6,11,25,31,33,35,39,45,48],"killed_by":"Donu and Deca","ascension_level":0}