{"gold_per_floor":[364,50,50,50,70,70,105,29,29,29,42,42,62,62,62,62],"floor_reached":16,"playtime":422,"items_purged":["Doubt"],"score":98,"play_id":"de4fb9e8-7258-4431-abe3-c29097b9dcf8","local_time":"20181116223312","is_ascension_mode":false,"campfire_choices":[{"floor":6,"key":"RECALL"},{"data":"Defragment","floor":15,"key":"SMITH"}],"neow_cost":"CURSE","seed_source_timestamp":93175545558218,"circlet_count":0,"master_deck":["Strike_B","Strike_B","Defend_B","Defend_B","Defend_B","Defend_B","Zap","Dualcast","Consume","Defragment+1","Go for the Eyes","Defragment","Loop"],"relics":["Cracked Core","Matryoshka","Bag of Marbles","Orichalcum","Oddly Smooth Stone","Bronze Scales"],"potions_floor_usage":[],"damage_taken":[{"damage":0,"enemies":"Small Slimes","floor":1,"turns":3},{"damage":8,"enemies":"2 Louse","floor":5,"turns":2},{"damage":39,"enemies":"Lagavulin","floor":7,"turns":8},{"damage":4,"enemies":"Jaw Worm","floor":11,"turns":4},{"damage":0,"enemies":"2 Fungi Beasts","floor":13,"turns":4},{"damage":12,"enemies":"The Guardian","floor":16,"turns":8}],"seed_played":"813220957663637756","potions_obtained":[{"floor":1,"key":"FearPotion"},{"floor":7,"key":"Energy Potion"}],"is_trial":false,"path_per_floor":["M","$","?","?","M","R","E","$","T","$","M","?","M","$","R","B"],"character_chosen":"DEFECT","items_purchased":["Matryoshka","Defragment"],"campfire_rested":0,"item_purchase_floors":[2,8],"current_hp_per_floor":[75,75,75,68,60,60,21,21,21,21,17,10,10,10,10,0],"gold":62,"neow_bonus":"TWO_FIFTY_GOLD","is_prod":false,"is_daily":false,"chose_seed":false,"campfire_upgraded":1,"win_rate":0,"timestamp":1542375192,"path_taken":["M","$","?","?","M","R","E","$","T","$","M","?","M","?","R","BOSS"],"build_version":"2018-11-15","purchased_purges":1,"victory":false,"max_hp_per_floor":[75,75,75,75,75,75,75,75,75,75,75,75,75,75,75,75],"card_choices":[{"not_picked":["Reinforced Body","Fusion"],"picked":"Consume","floor":1},{"not_picked":["Blizzard","BootSequence"],"picked":"Defragment","floor":5},{"not_picked":["Cold Snap","Sweeping Beam"],"picked":"Go for the Eyes","floor":7},{"not_picked":["Turbo","Gash","Force Field"],"picked":"SKIP","floor":11},{"not_picked":["FTL","Go for the Eyes"],"picked":"Loop","floor":13}],"player_experience":583971,"relics_obtained":[{"floor":7,"key":"Bag of Marbles"},{"floor":9,"key":"Orichalcum"},{"floor":9,"key":"Oddly Smooth Stone"}],"event_choices":[{"cards_removed":["Strike_B"],"damage_healed":0,"gold_gain":0,"player_choice":"Forget","damage_taken":0,"max_hp_gain":0,"max_hp_loss":0,"event_name":"Living Wall","floor":3,"gold_loss":0},{"cards_removed":["Strike_B"],"damage_healed":0,"gold_gain":0,"player_choice":"Card Removal","damage_taken":7,"max_hp_gain":0,"max_hp_loss":0,"event_name":"Golden Wing","floor":4,"gold_loss":0},{"damage_healed":0,"gold_gain":0,"player_choice":"Success","damage_taken":7,"relics_obtained":["Bronze Scales"],"max_hp_gain":0,"max_hp_loss":0,"event_name":"Scrap Ooze","floor":12,"gold_loss":0}],"is_beta":false,"boss_relics":[],"items_purged_floors":[2],"is_endless":false,"potions_floor_spawned":[1,7],"killed_by":"The Guardian","ascension_level":0}