{"gold_per_floor":[113,113,130,143,218,218,228,286,332,332,332,342,358,283,283,358,358,376,376],"floor_reached":19,"playtime":797,"items_purged":["Defend_B"],"score":278,"play_id":"65eefb06-1e54-460b-ac5a-5f83188d39c2","local_time":"20190102160923","is_ascension_mode":true,"campfire_choices":[{"data":"Defragment","floor":6,"key":"SMITH"},{"data":"Dualcast","floor":10,"key":"SMITH"},{"data":"Capacitor","floor":15,"key":"SMITH"}],"neow_cost":"NONE","seed_source_timestamp":1379010490355617,"circlet_count":0,"master_deck":["AscendersBane","Zap","Dualcast+1","Machine Learning","Defragment+1","Chill","Capacitor+1","Self Repair","Sunder","FTL","Echo Form","Buffer","Amplify","Hologram","Melter","Darkness","Core Surge","Coolheaded"],"relics":["Cracked Core","Lantern","Oddly Smooth Stone","Pandora\u0027s Box"],"potions_floor_usage":[],"damage_taken":[{"damage":5,"enemies":"2 Louse","floor":1,"turns":2},{"damage":1,"enemies":"Cultist","floor":3,"turns":4},{"damage":0,"enemies":"Jaw Worm","floor":4,"turns":4},{"damage":3,"enemies":"3 Louse","floor":7,"turns":4},{"damage":14,"enemies":"3 Sentries","floor":8,"turns":11},{"damage":16,"enemies":"Large Slime","floor":12,"turns":6},{"damage":8,"enemies":"Blue Slaver","floor":13,"turns":3},{"damage":4,"enemies":"Hexaghost","floor":16,"turns":9},{"damage":28,"enemies":"Shell Parasite","floor":18,"turns":5},{"damage":71,"enemies":"Masked Bandits","floor":19,"turns":3}],"seed_played":"-7275958506200634998","potions_obtained":[{"floor":4,"key":"FearPotion"},{"floor":8,"key":"FocusPotion"},{"floor":13,"key":"FairyPotion"}],"is_trial":false,"path_per_floor":["M","?","M","M","?","R","M","?","T","R","?","M","M","$","R","B",null,"M","?"],"character_chosen":"DEFECT","items_purchased":[],"campfire_rested":0,"item_purchase_floors":[],"current_hp_per_floor":[59,59,58,58,47,47,44,37,37,37,37,28,20,20,20,30,61,47,0],"gold":376,"neow_bonus":"ONE_RANDOM_RARE_CARD","is_prod":false,"is_daily":false,"chose_seed":false,"campfire_upgraded":3,"win_rate":0,"timestamp":1546412963,"path_taken":["M","?","?","M","?","R","M","?","T","R","?","M","?","?","R","BOSS","M","?"],"build_version":"2018-12-20","purchased_purges":1,"victory":false,"max_hp_per_floor":[71,71,71,71,71,71,71,71,71,71,71,71,71,71,71,71,71,71,71],"card_choices":[{"not_picked":["Compile Driver","Doom and Gloom","Go for the Eyes"],"picked":"SKIP","floor":1},{"not_picked":["Streamline","Hologram"],"picked":"Chill","floor":3},{"not_picked":["Go for the Eyes","Hologram"],"picked":"Capacitor","floor":4},{"not_picked":["Compile Driver","Cold Snap"],"picked":"Self Repair","floor":7},{"not_picked":["Leap","Redo"],"picked":"FTL","floor":12},{"not_picked":["Streamline","Lockon"],"picked":"Echo Form","floor":13},{"not_picked":["Meteor Strike","All For One"],"picked":"Buffer","floor":16},{"not_picked":["Go for the Eyes","Ball Lightning"],"picked":"Coolheaded","floor":18}],"player_experience":702916,"relics_obtained":[{"floor":8,"key":"Lantern"},{"floor":9,"key":"Oddly Smooth Stone"}],"event_choices":[{"damage_healed":0,"gold_gain":0,"cards_transformed":["Strike_B"],"player_choice":"Transformed","damage_taken":0,"max_hp_gain":0,"max_hp_loss":0,"event_name":"Transmorgrifier","floor":2,"gold_loss":0,"cards_obtained":["Defragment"]},{"damage_healed":0,"gold_gain":75,"player_choice":"Gather Gold","damage_taken":11,"max_hp_gain":0,"max_hp_loss":0,"event_name":"World of Goop","floor":5,"gold_loss":0},{"damage_healed":0,"gold_gain":0,"player_choice":"Searched \u00272\u0027 times","damage_taken":0,"max_hp_gain":0,"max_hp_loss":0,"event_name":"Dead Adventurer","floor":8,"gold_loss":0},{"damage_healed":0,"gold_gain":0,"cards_transformed":["Strike_B"],"player_choice":"Change","damage_taken":0,"max_hp_gain":0,"max_hp_loss":0,"event_name":"Living Wall","floor":11,"gold_loss":0,"cards_obtained":["Sunder"]},{"damage_healed":0,"gold_gain":0,"player_choice":"Fought Bandits","damage_taken":0,"max_hp_gain":0,"max_hp_loss":0,"event_name":"Masked Bandits","floor":19,"gold_loss":0}],"is_beta":false,"boss_relics":[{"not_picked":["Ectoplasm","Tiny House"],"picked":"Pandora\u0027s Box"}],"items_purged_floors":[14],"is_endless":false,"potions_floor_spawned":[4,8,12,13,18],"killed_by":"Masked Bandits","ascension_level":15}