{"gold_per_floor":[212,89,100,117,128,128,28,62,89,89,39,39,51,84,84,186,186,198,198,211,231,248,248,262,177,177,188,202,202,202,220,220,220],"floor_reached":33,"playtime":3142,"items_purged":["Strike_R","Strike_R"],"score":338,"play_id":"c0a6a114-393d-4b69-bf41-46be472062d0","local_time":"20181027105133","is_ascension_mode":true,"campfire_choices":[{"data":"Uppercut","floor":6,"key":"SMITH"},{"data":"True Grit","floor":10,"key":"SMITH"},{"floor":15,"key":"REST"},{"floor":23,"key":"REST"},{"floor":32,"key":"REST"}],"neow_cost":"NONE","seed_source_timestamp":1500503076290856,"circlet_count":0,"master_deck":["Defend_R","Defend_R","Defend_R","Bash","Pommel Strike","True Grit+1","Uppercut+1","Flame Barrier","Disarm+1","Pommel Strike","Whirlwind","Limit Break+1","Anger+1","Rage+1","Heavy Blade","Battle Trance+1","Bite","Bite","Bite","Bite","Bite","Body Slam"],"relics":["Burning Blood","Anchor","Bronze Scales","Regal Pillow","Runic Pyramid","Enchiridion","War Paint","Bottled Flame"],"potions_floor_usage":[5,21,22,31,33,33,33],"damage_taken":[{"damage":1,"enemies":"Cultist","floor":1,"turns":4},{"damage":2,"enemies":"2 Louse","floor":3,"turns":3},{"damage":2,"enemies":"Jaw Worm","floor":4,"turns":4},{"damage":9,"enemies":"Lots of Slimes","floor":5,"turns":6},{"damage":11,"enemies":"Gremlin Nob","floor":8,"turns":4},{"damage":1,"enemies":"2 Fungi Beasts","floor":13,"turns":3},{"damage":34,"enemies":"Lagavulin","floor":14,"turns":8},{"damage":15,"enemies":"The Guardian","floor":16,"turns":15},{"damage":4,"enemies":"Chosen","floor":18,"turns":7},{"damage":15,"enemies":"Spheric Guardian","floor":20,"turns":6},{"damage":34,"enemies":"Centurion and Healer","floor":21,"turns":8},{"damage":2,"enemies":"Snecko","floor":22,"turns":4},{"damage":26,"enemies":"Snake Plant","floor":24,"turns":4},{"damage":11,"enemies":"Cultist and Chosen","floor":27,"turns":6},{"damage":1,"enemies":"Snecko","floor":28,"turns":4},{"damage":41,"enemies":"Sentry and Sphere","floor":31,"turns":7},{"damage":84,"enemies":"Automaton","floor":33,"turns":6}],"seed_played":"263384233519427970","potions_obtained":[{"floor":1,"key":"AttackPotion"},{"floor":13,"key":"Strength Potion"},{"floor":21,"key":"AttackPotion"},{"floor":24,"key":"Energy Potion"},{"floor":27,"key":"LiquidBronze"},{"floor":28,"key":"Fire Potion"},{"floor":31,"key":"Strength Potion"}],"is_trial":false,"path_per_floor":["M","$","M","M","M","R","$","E","T","R","?","$","M","E","R","B",null,"M","?","M","M","M","R","M","?","T","M","M","?","?","M","R"],"character_chosen":"IRONCLAD","items_purchased":["True Grit"],"campfire_rested":3,"item_purchase_floors":[2],"current_hp_per_floor":[80,80,80,80,77,77,77,72,72,72,72,72,77,49,80,71,80,80,64,55,27,31,70,50,50,50,45,50,42,42,23,54,0],"gold":220,"neow_bonus":"HUNDRED_GOLD","is_prod":false,"is_daily":false,"chose_seed":false,"campfire_upgraded":2,"win_rate":0,"timestamp":1540651893,"path_taken":["M","$","M","?","M","R","$","E","T","R","?","$","?","E","R","BOSS","M","?","M","M","M","R","M","?","T","M","M","?","?","M","R","BOSS"],"build_version":"2018-10-25v2","purchased_purges":2,"victory":false,"max_hp_per_floor":[80,80,80,80,80,80,80,80,80,80,80,80,80,80,80,80,80,80,80,80,80,80,80,80,80,80,80,80,80,56,56,56,56],"card_choices":[{"not_picked":["Rage","Warcry"],"picked":"Pommel Strike","floor":1},{"not_picked":["Iron Wave","Thunderclap"],"picked":"Uppercut","floor":3},{"not_picked":["Sword Boomerang","Heavy Blade"],"picked":"Flame Barrier","floor":4},{"not_picked":["Rupture","Twin Strike","Flex"],"picked":"SKIP","floor":5},{"not_picked":["Rupture","Twin Strike","Flex"],"picked":"SKIP","floor":5},{"not_picked":["Bloodletting","Cleave"],"picked":"Disarm","floor":8},{"not_picked":["Havoc","Headbutt"],"picked":"Pommel Strike","floor":13},{"not_picked":["True Grit","Cleave"],"picked":"Whirlwind","floor":14},{"not_picked":["Immolate","Juggernaut"],"picked":"Limit Break","floor":16},{"not_picked":["Anger+1","Havoc+1","Cleave"],"picked":"SKIP","floor":18},{"not_picked":["Rupture","Fire Breathing+1","Rampage"],"picked":"SKIP","floor":20},{"not_picked":["Perfected Strike","Warcry","Anger"],"picked":"SKIP","floor":21},{"not_picked":["Reckless Charge","Clash"],"picked":"Anger+1","floor":22},{"not_picked":["Evolve","Warcry"],"picked":"Rage+1","floor":24},{"not_picked":["Sword Boomerang","Hemokinesis"],"picked":"Heavy Blade","floor":27},{"not_picked":["Intimidate+1","True Grit"],"picked":"Battle Trance+1","floor":28},{"not_picked":["Anger+1","Flex"],"picked":"Body Slam","floor":31}],"player_experience":400422,"relics_obtained":[{"floor":8,"key":"Anchor"},{"floor":9,"key":"Bronze Scales"},{"floor":14,"key":"Regal Pillow"},{"floor":19,"key":"Enchiridion"},{"floor":26,"key":"Bottled Flame"}],"event_choices":[{"cards_removed":["Defend_R"],"damage_healed":0,"gold_gain":0,"player_choice":"Card Removal","damage_taken":0,"max_hp_gain":0,"max_hp_loss":0,"event_name":"The Cleric","floor":11,"gold_loss":50},{"damage_healed":0,"gold_gain":0,"player_choice":"Obtained Book","damage_taken":16,"max_hp_gain":0,"max_hp_loss":0,"event_name":"Cursed Tome","floor":19,"gold_loss":0},{"damage_healed":0,"gold_gain":0,"player_choice":"Obtained Relic","damage_taken":0,"relics_obtained":["War Paint"],"max_hp_gain":0,"max_hp_loss":0,"event_name":"Addict","floor":25,"gold_loss":85},{"damage_healed":0,"gold_gain":0,"player_choice":"","damage_taken":8,"max_hp_gain":0,"max_hp_loss":0,"event_name":"Knowing Skull","floor":29,"potions_obtained":[],"gold_loss":0,"cards_obtained":[]},{"damage_healed":0,"gold_gain":0,"player_choice":"Became a vampire","damage_taken":0,"max_hp_gain":0,"max_hp_loss":24,"event_name":"Vampires","floor":30,"gold_loss":0,"cards_obtained":["Bite","Bite","Bite","Bite","Bite"]}],"is_beta":false,"boss_relics":[{"not_picked":["Calling Bell","Black Blood"],"picked":"Runic Pyramid"}],"items_purged_floors":[2,7],"is_endless":false,"potions_floor_spawned":[1,13,21,24,27,28,31],"killed_by":"Automaton","ascension_level":4}