{"gold_per_floor":[113,38,38,38,55,65,65,77,77,77,77,27,27,72,72,167,167,184,196,212,112,128,128,128,128,128,128,47,58,89,105,105,206,206,220,238,291,309,329,329,329,329,354,368,166,166,166,180,180,180],"floor_reached":51,"playtime":1498,"items_purged":["Strike_B","Strike_B","Pain"],"score":682,"play_id":"56ec1ec5-73b0-4c58-b76e-f25f3f62b8ca","local_time":"20181205235830","is_ascension_mode":false,"campfire_choices":[{"data":"Loop","floor":7,"key":"SMITH"},{"data":"Static Discharge","floor":13,"key":"SMITH"},{"data":"Static Discharge","floor":15,"key":"SMITH"},{"data":"Thunder Strike","floor":23,"key":"SMITH"},{"data":"Go for the Eyes","floor":25,"key":"SMITH"},{"data":"Zap","floor":27,"key":"SMITH"},{"data":"Reboot","floor":32,"key":"SMITH"},{"data":"Fission","floor":40,"key":"SMITH"},{"data":"Glacier","floor":42,"key":"SMITH"},{"data":"Conserve Battery","floor":47,"key":"SMITH"},{"data":"Conserve Battery","floor":49,"key":"SMITH"}],"neow_cost":"NONE","seed_source_timestamp":549079295750121,"circlet_count":0,"master_deck":["Strike_B","Defend_B","Defend_B","Zap+1","Dualcast","Loop+1","Static Discharge+1","Conserve Battery+1","Static Discharge+1","Go for the Eyes+1","Reboot+1","Buffer+1","Electrodynamics+1","Self Repair+1","Conserve Battery+1","Glacier+1","Conserve Battery+1","Thunder Strike+1","FTL","Storm+1","Conserve Battery+1","Fission+1","Loop+1","Self Repair+1","Echo Form+1","Parasite","Static Discharge+1","Echo Form+1","FTL"],"relics":["Cracked Core","NeowsBlessing","Prayer Wheel","Frozen Egg 2","Lantern","Velvet Choker","Question Card","Mercury Hourglass","Cursed Key","Incense Burner","Omamori"],"potions_floor_usage":[50,50,50,50],"damage_taken":[{"damage":0,"enemies":"Small Slimes","floor":1,"turns":1},{"damage":0,"enemies":"Jaw Worm","floor":5,"turns":1},{"damage":0,"enemies":"Cultist","floor":6,"turns":1},{"damage":7,"enemies":"Large Slime","floor":8,"turns":5},{"damage":26,"enemies":"The Guardian","floor":16,"turns":9},{"damage":3,"enemies":"Spheric Guardian","floor":18,"turns":4},{"damage":0,"enemies":"3 Byrds","floor":19,"turns":2},{"damage":2,"enemies":"Centurion and Healer","floor":20,"turns":5},{"damage":0,"enemies":"Chosen and Byrds","floor":22,"turns":8},{"damage":0,"enemies":"Shelled Parasite and Fungi","floor":29,"turns":4},{"damage":7,"enemies":"Slavers","floor":30,"turns":3},{"damage":20,"enemies":"Centurion and Healer","floor":31,"turns":3},{"damage":18,"enemies":"Collector","floor":33,"turns":6},{"damage":0,"enemies":"3 Shapes","floor":35,"turns":1},{"damage":15,"enemies":"3 Darklings","floor":36,"turns":5},{"damage":27,"enemies":"2 Orb Walkers","floor":37,"turns":2},{"damage":22,"enemies":"Spire Growth","floor":38,"turns":4},{"damage":11,"enemies":"Writhing Mass","floor":39,"turns":4},{"damage":0,"enemies":"Jaw Worm Horde","floor":44,"turns":2},{"damage":0,"enemies":"Maw","floor":48,"turns":5},{"damage":2,"enemies":"Donu and Deca","floor":50,"turns":4}],"seed_played":"-2446557359950494223","potions_obtained":[{"floor":8,"key":"Strength Potion"},{"floor":16,"key":"Regen Potion"},{"floor":19,"key":"EntropicBrew"},{"floor":31,"key":"FocusPotion"},{"floor":35,"key":"FairyPotion"}],"is_trial":false,"path_per_floor":["M","$","?","?","M","M","R","M","T","?","$","?","R","T","R","B",null,"M","M","M","$","M","R","?","R","T","R","$","M","E","M","R","B",null,"M","M","?","M","M","R","?","R","T","M","$","?","R","M","R","B",null],"character_chosen":"DEFECT","items_purchased":["Loop+1","Echo Form+1"],"campfire_rested":0,"item_purchase_floors":[28,45],"current_hp_per_floor":[75,75,75,75,75,75,75,68,68,68,68,68,68,68,68,42,75,72,72,75,75,75,75,68,68,68,68,68,75,75,65,65,57,75,75,70,43,41,40,40,40,40,40,50,50,50,50,70,70,68],"gold":180,"neow_bonus":"THREE_ENEMY_KILL","is_prod":false,"is_daily":false,"chose_seed":false,"campfire_upgraded":11,"win_rate":0,"timestamp":1544021910,"path_taken":["M","$","?","?","M","M","R","?","T","?","?","?","R","?","R","BOSS","M","M","M","$","M","R","?","R","T","R","$","M","E","M","R","BOSS","M","?","?","M","M","R","?","R","T","M","$","?","R","M","R","BOSS"],"build_version":"2018-11-15","purchased_purges":3,"victory":true,"max_hp_per_floor":[75,75,75,75,75,75,75,75,75,75,75,75,75,75,75,75,75,75,75,75,75,75,75,75,75,75,75,75,75,75,75,75,75,75,75,75,75,75,75,75,75,75,75,75,75,75,75,75,75,75],"card_choices":[{"not_picked":["Hologram","Steam Power"],"picked":"Rip and Tear","floor":1},{"not_picked":["Gash","Go for the Eyes"],"picked":"Loop","floor":5},{"not_picked":["Compile Driver","Reprogram"],"picked":"Static Discharge","floor":5},{"not_picked":["Tempest","Streamline"],"picked":"Conserve Battery","floor":6},{"not_picked":["Beam Cell","Gash"],"picked":"Static Discharge","floor":6},{"not_picked":["Barrage","Rebound"],"picked":"Go for the Eyes","floor":8},{"not_picked":["Beam Cell","Gash"],"picked":"Reboot","floor":8},{"not_picked":["Multi-Cast","All For One"],"picked":"Electrodynamics+1","floor":16},{"not_picked":["Streamline","Storm+1"],"picked":"Self Repair+1","floor":18},{"not_picked":["Redo","Sweeping Beam+1","Barrage+1"],"picked":"SKIP","floor":18},{"not_picked":["Sunder","Reprogram"],"picked":"Conserve Battery+1","floor":19},{"not_picked":["Rebound","Aggregate"],"picked":"Glacier","floor":19},{"not_picked":["Coolheaded+1","Multi-Cast"],"picked":"Conserve Battery","floor":20},{"not_picked":["Streamline","Turbo","Barrage"],"picked":"SKIP","floor":20},{"not_picked":["Cold Snap","Beam Cell"],"picked":"Thunder Strike","floor":22},{"not_picked":["Turbo","Hologram","Leap"],"picked":"SKIP","floor":22},{"not_picked":["Hologram","Beam Cell+1","Barrage+1","Rebound"],"picked":"SKIP","floor":29},{"not_picked":["Redo","Compile Driver","Coolheaded","Leap+1"],"picked":"SKIP","floor":29},{"not_picked":["Machine Learning+1","Fusion","Melter+1"],"picked":"FTL","floor":30},{"not_picked":["Steam+1","Sweeping Beam","Lockon"],"picked":"Storm+1","floor":31},{"not_picked":["Barrage","Melter","Redo"],"picked":"Conserve Battery","floor":31},{"not_picked":["Buffer+1","Multi-Cast","Biased Cognition+1"],"picked":"Fission","floor":33},{"not_picked":["Double Energy","Redo","Hologram"],"picked":"Loop+1","floor":35},{"not_picked":["Genetic Algorithm","Beam Cell","Barrage","Doom and Gloom"],"picked":"SKIP","floor":35},{"not_picked":["Tempest","Hello World+1","Streamline+1","Cold Snap"],"picked":"SKIP","floor":36},{"not_picked":["Compile Driver+1","Coolheaded","Stack+1","Double Energy+1"],"picked":"SKIP","floor":36},{"not_picked":["Aggregate+1","Beam Cell","Force Field"],"picked":"Self Repair+1","floor":37},{"not_picked":["Reinforced Body","Force Field+1","Barrage+1"],"picked":"Echo Form+1","floor":38},{"not_picked":["Lockon+1","Aggregate+1","Chill+1","Redo"],"picked":"SKIP","floor":38},{"not_picked":["Leap","Streamline","Sunder+1","Rip and Tear"],"picked":"SKIP","floor":39},{"not_picked":["Rebound","Beam Cell+1","Force Field+1","Compile Driver"],"picked":"SKIP","floor":39},{"not_picked":["Beam Cell+1","Cold Snap","Stack"],"picked":"Static Discharge+1","floor":44},{"not_picked":["Stack+1","Compile Driver+1","Go for the Eyes","Redo"],"picked":"SKIP","floor":44},{"not_picked":["Blizzard","Sweeping Beam","Go for the Eyes+1"],"picked":"FTL","floor":48},{"not_picked":["All For One","Beam Cell+1","Hologram+1","Ball Lightning+1"],"picked":"SKIP","floor":48}],"player_experience":603004,"relics_obtained":[{"floor":9,"key":"Frozen Egg 2"},{"floor":14,"key":"Lantern"},{"floor":26,"key":"Question Card"},{"floor":30,"key":"Mercury Hourglass"},{"floor":37,"key":"Incense Burner"},{"floor":43,"key":"Omamori"}],"event_choices":[{"cards_removed":["Strike_B"],"damage_healed":0,"gold_gain":0,"player_choice":"Forget","damage_taken":0,"max_hp_gain":0,"max_hp_loss":0,"event_name":"Living Wall","floor":3,"gold_loss":0},{"cards_removed":["Rip and Tear"],"damage_healed":0,"gold_gain":0,"player_choice":"Gave Card","damage_taken":0,"relics_obtained":["Prayer Wheel"],"max_hp_gain":0,"max_hp_loss":0,"event_name":"WeMeetAgain","floor":4,"gold_loss":0},{"damage_healed":0,"gold_gain":0,"cards_transformed":["Defend_B"],"player_choice":"Transformed","damage_taken":0,"max_hp_gain":0,"max_hp_loss":0,"event_name":"Transmorgrifier","floor":10,"gold_loss":0,"cards_obtained":["Buffer"]},{"cards_removed":["Defend_B"],"damage_healed":0,"gold_gain":0,"player_choice":"Card Removal","damage_taken":0,"max_hp_gain":0,"max_hp_loss":0,"event_name":"The Cleric","floor":12,"gold_loss":50},{"damage_healed":0,"gold_gain":0,"player_choice":"Damaged","damage_taken":7,"max_hp_gain":0,"max_hp_loss":0,"event_name":"Wheel of Change","floor":24,"gold_loss":0},{"damage_healed":0,"gold_gain":0,"player_choice":"Fight","damage_taken":0,"max_hp_gain":0,"max_hp_loss":0,"event_name":"Mysterious Sphere","floor":37,"gold_loss":0},{"cards_removed":["Loop"],"damage_healed":0,"gold_gain":0,"player_choice":"Removed Power","damage_taken":0,"max_hp_gain":0,"max_hp_loss":0,"event_name":"Falling","floor":41,"gold_loss":0},{"damage_healed":0,"gold_gain":0,"player_choice":"Upgraded","damage_taken":0,"max_hp_gain":0,"max_hp_loss":0,"event_name":"Upgrade Shrine","floor":46,"gold_loss":0,"cards_upgraded":["Conserve Battery"]}],"is_beta":false,"boss_relics":[{"not_picked":["Runic Pyramid","Eternal Feather"],"picked":"Velvet Choker"},{"not_picked":["Calling Bell","Inserter"],"picked":"Cursed Key"}],"items_purged_floors":[2,21,45],"is_endless":false,"potions_floor_spawned":[8,16,19,30,31,35,36,44,48],"ascension_level":0}