{"gold_per_floor":[111,131,143,218,101,101,101,101,101,112,112],"floor_reached":11,"playtime":218,"items_purged":["Strike_B"],"score":117,"play_id":"1913a9ab-977e-44e4-ad8e-c6efdc7fab97","local_time":"20190102213527","is_ascension_mode":true,"campfire_choices":[{"data":"Zap","floor":6,"key":"SMITH"},{"data":"Hologram","floor":8,"key":"SMITH"}],"neow_cost":"PERCENT_DAMAGE","seed_source_timestamp":1399152506890268,"circlet_count":0,"master_deck":["AscendersBane","Strike_B","Strike_B","Strike_B","Defend_B","Defend_B","Defend_B","Defend_B","Zap+1","Dualcast","Hologram+1","Coolheaded","Capacitor"],"relics":["Cracked Core","Shuriken"],"potions_floor_usage":[],"damage_taken":[{"damage":6,"enemies":"2 Louse","floor":1,"turns":3},{"damage":14,"enemies":"Small Slimes","floor":2,"turns":3},{"damage":6,"enemies":"Jaw Worm","floor":3,"turns":4},{"damage":5,"enemies":"Looter","floor":10,"turns":3},{"damage":28,"enemies":"Gremlin Gang","floor":11,"turns":3}],"seed_played":"-3090925145018584830","potions_obtained":[{"floor":2,"key":"Regen Potion"}],"is_trial":false,"path_per_floor":["M","M","M","?","$","R","?","R","T","M","M"],"character_chosen":"DEFECT","items_purchased":["Capacitor"],"campfire_rested":0,"item_purchase_floors":[5],"current_hp_per_floor":[54,40,34,23,23,23,23,23,23,18,0],"gold":112,"neow_bonus":"TWENTY_PERCENT_HP_BONUS","is_prod":false,"is_daily":false,"chose_seed":false,"campfire_upgraded":2,"win_rate":0,"timestamp":1546432527,"path_taken":["M","M","M","?","$","R","?","R","T","M","M"],"build_version":"2018-12-20","purchased_purges":1,"victory":false,"max_hp_per_floor":[85,85,85,85,85,85,85,85,85,85,85],"card_choices":[{"not_picked":["Stack","Sweeping Beam"],"picked":"Hologram","floor":1},{"not_picked":["Leap","Reinforced Body","Redo"],"picked":"SKIP","floor":2},{"not_picked":["Undo","Sweeping Beam"],"picked":"Coolheaded","floor":3},{"not_picked":["Turbo","Rip and Tear","Rebound"],"picked":"SKIP","floor":10}],"player_experience":717493,"relics_obtained":[{"floor":9,"key":"Shuriken"}],"event_choices":[{"damage_healed":0,"gold_gain":75,"player_choice":"Gather Gold","damage_taken":11,"max_hp_gain":0,"max_hp_loss":0,"event_name":"World of Goop","floor":4,"gold_loss":0},{"damage_healed":0,"gold_gain":0,"player_choice":"Searched \u00270\u0027 times","damage_taken":0,"max_hp_gain":0,"max_hp_loss":0,"event_name":"Dead Adventurer","floor":7,"gold_loss":0}],"is_beta":false,"boss_relics":[],"items_purged_floors":[5],"is_endless":false,"potions_floor_spawned":[2],"killed_by":"Gremlin Gang","ascension_level":17}