{"path_per_floor":["M","?","M","$","M","E","R","M","T","R","M","R","E","M","R","B",null,"M","?","$","M","M","R","E","R","T","R","?","M","R","$","R"],"character_chosen":"DEFECT","items_purchased":["Recycle","Echo Form"],"gold_per_floor":[20,20,37,37,57,82,82,99,99,99,114,114,139,152,152,255,255,268,268,121,131,147,147,180,180,204,204,204,214,214,27,27,27],"floor_reached":33,"campfire_rested":5,"playtime":1710,"item_purchase_floors":[20,31],"current_hp_per_floor":[74,74,71,71,70,47,47,34,34,34,34,56,53,31,54,19,77,62,62,62,35,25,48,12,35,41,41,41,18,18,18,36,0],"items_purged":["Regret","Clumsy"],"gold":27,"score":314,"play_id":"d976f685-a39d-4761-ac07-bd989dcc9801","local_time":"20180528201111","is_prod":false,"is_daily":false,"chose_seed":false,"is_ascension_mode":true,"campfire_upgraded":4,"win_rate":0,"timestamp":1527505871,"campfire_choices":[{"data":"Multi-Cast","floor":7,"key":"SMITH"},{"data":"Zap","floor":10,"key":"SMITH"},{"floor":12,"key":"REST"},{"floor":15,"key":"REST"},{"floor":23,"key":"REST"},{"floor":25,"key":"REST"},{"data":"Redo","floor":27,"key":"SMITH"},{"data":"Static Discharge","floor":30,"key":"SMITH"},{"floor":32,"key":"REST"}],"path_taken":["M","?","M","$","M","E","R","?","T","R","M","R","E","M","R","BOSS","M","?","$","?","M","R","E","R","T","R","?","?","R","$","R","BOSS"],"build_version":"2018-05-27","seed_source_timestamp":12985975756156,"purchased_purges":2,"victory":false,"master_deck":["Defend_B","Defend_B","Defend_B","Defend_B","Zap+1","Dualcast","Multi-Cast+1","Steam","Turbo","Reprogram","Turbo","Steam","Redo+1","Creative AI","Static Discharge+1","Recycle","Defragment","Turbo+1","Bite","Bite","Bite","Bite","Bite","Echo Form"],"max_hp_per_floor":[75,75,75,75,75,75,75,75,75,75,75,75,77,77,77,77,77,77,77,77,79,79,79,79,79,85,85,59,61,61,61,61,61],"relics":["Cracked Core","Symbiotic Virus","Mummified Hand","Darkstone Periapt","Singing Bowl","Cursed Key","Smiling Mask","Boot"],"card_choices":[{"not_picked":["Buffer","Reboot"],"picked":"Multi-Cast","floor":0},{"not_picked":["Barrage","Streamline"],"picked":"Steam","floor":1},{"not_picked":["Go for the Eyes","Stack"],"picked":"Turbo","floor":3},{"not_picked":["Sunder","Rip and Tear"],"picked":"Reprogram","floor":5},{"not_picked":["Beam Cell","Doom and Gloom","Barrage"],"picked":"SKIP","floor":6},{"not_picked":["Rebound","Blizzard"],"picked":"Turbo","floor":8},{"not_picked":["Force Field","Doom and Gloom"],"picked":"Steam","floor":11},{"not_picked":["Ball Lightning","Heatsinks","Go for the Eyes"],"picked":"Singing Bowl","floor":13},{"not_picked":["Leap","Cold Snap"],"picked":"Redo","floor":14},{"not_picked":["Seek","Buffer"],"picked":"Creative AI","floor":16},{"not_picked":["Cold Snap","Leap"],"picked":"Static Discharge","floor":18},{"not_picked":["Coolheaded","Barrage","Force Field+1"],"picked":"Singing Bowl","floor":21},{"not_picked":["Rebound","Hologram"],"picked":"Defragment","floor":22},{"not_picked":["Double Energy+1","Doom and Gloom"],"picked":"Turbo+1","floor":24},{"not_picked":["Cold Snap+1","Melter","Steam"],"picked":"Singing Bowl","floor":29}],"player_experience":179316,"potions_floor_usage":[22,22,33,33],"damage_taken":[{"damage":1,"enemies":"Jaw Worm","floor":1,"turns":3},{"damage":3,"enemies":"Cultist","floor":3,"turns":3},{"damage":1,"enemies":"Small Slimes","floor":5,"turns":3},{"damage":23,"enemies":"Lagavulin","floor":6,"turns":5},{"damage":13,"enemies":"Exordium Wildlife","floor":8,"turns":3},{"damage":0,"enemies":"Blue Slaver","floor":11,"turns":2},{"damage":5,"enemies":"3 Sentries","floor":13,"turns":6},{"damage":22,"enemies":"Lots of Slimes","floor":14,"turns":3},{"damage":35,"enemies":"Hexaghost","floor":16,"turns":6},{"damage":15,"enemies":"3 Byrds","floor":18,"turns":5},{"damage":29,"enemies":"2 Thieves","floor":21,"turns":3},{"damage":10,"enemies":"Sentry and Sphere","floor":22,"turns":5},{"damage":36,"enemies":"Book of Stabbing","floor":24,"turns":4},{"damage":33,"enemies":"Chosen and Byrds","floor":29,"turns":6},{"damage":67,"enemies":"Automaton","floor":33,"turns":6}],"relics_obtained":[{"floor":6,"key":"Mummified Hand"},{"floor":9,"key":"Darkstone Periapt"},{"floor":13,"key":"Singing Bowl"},{"floor":24,"key":"Smiling Mask"},{"floor":26,"key":"Boot"}],"event_choices":[{"event_name":"Big Fish","player_choice":"Box","floor":2,"damage_taken":0},{"event_name":"Drug Dealer","player_choice":"Ignored","floor":19,"damage_taken":0},{"event_name":"Vampires","player_choice":"Became a vampire","floor":28,"damage_taken":0}],"boss_relics":[{"not_picked":["Nuclear Battery","Orrery"],"picked":"Cursed Key"}],"items_purged_floors":[20,31],"potions_floor_spawned":[3,8,13,16,18,29],"seed_played":"2534634504937208661","killed_by":"Automaton","ascension_level":1,"potions_obtained":[{"floor":3,"key":"SpeedPotion"},{"floor":8,"key":"Swift Potion"},{"floor":13,"key":"Block Potion"},{"floor":29,"key":"Regen Potion"}],"is_trial":false}