{"gold_per_floor":[11,86,86,9,9,29,29,29,54,54,54,80,98,21,21,21],"floor_reached":16,"playtime":541,"items_purged":[],"score":182,"play_id":"8647bc61-65dd-4e29-8635-7c7b861177fd","local_time":"20190209005406","is_ascension_mode":true,"campfire_choices":[{"data":"Sucker Punch","floor":7,"key":"SMITH"},{"floor":15,"key":"REST"}],"neow_cost":"NO_GOLD","seed_source_timestamp":2187101089115167,"circlet_count":0,"master_deck":["AscendersBane","Defend_G","Defend_G","Defend_G","Defend_G","Defend_G","Strike_G","Strike_G","Strike_G","Strike_G","Survivor","Neutralize","Sucker Punch+1","Dagger Spray","Deflect","Die Die Die","Dash","Caltrops"],"relics":["Ring of the Snake","Bird Faced Urn","GremlinMask","Boot","Lantern"],"potions_floor_usage":[12,16],"damage_taken":[{"damage":7,"enemies":"Cultist","floor":1,"turns":5},{"damage":2,"enemies":"Jaw Worm","floor":6,"turns":5},{"damage":29,"enemies":"Lagavulin","floor":12,"turns":9},{"damage":0,"enemies":"2 Louse","floor":13,"turns":2},{"damage":26,"enemies":"Slime Boss","floor":16,"turns":6}],"seed_played":"4260533790025933013","potions_obtained":[{"floor":1,"key":"LiquidBronze"},{"floor":12,"key":"EssenceOfSteel"}],"is_trial":false,"path_per_floor":["M","?","?","$","?","M","R","?","T","$","?","E","M","$","R","B"],"character_chosen":"THE_SILENT","items_purchased":["Dagger Spray","Deflect","Caltrops"],"campfire_rested":1,"item_purchase_floors":[4,4,14],"current_hp_per_floor":[52,41,34,34,34,32,32,32,32,32,32,3,3,3,22,0],"gold":21,"neow_bonus":"ONE_RARE_RELIC","is_prod":false,"is_daily":false,"chose_seed":false,"campfire_upgraded":1,"win_rate":0,"timestamp":1549691646,"path_taken":["M","?","?","$","?","?","R","?","T","?","?","E","M","$","R","BOSS"],"build_version":"2019-01-23","purchased_purges":0,"victory":false,"max_hp_per_floor":[66,66,66,66,66,66,66,66,66,66,66,66,66,66,66,66],"card_choices":[{"not_picked":["Eviscerate","Escape Plan"],"picked":"Sucker Punch","floor":1},{"not_picked":["Sucker Punch","Outmaneuver","Slice"],"picked":"SKIP","floor":6},{"not_picked":["Caltrops","Slice"],"picked":"Die Die Die","floor":12},{"not_picked":["Dagger Throw","Dagger Spray"],"picked":"Dash","floor":13}],"player_experience":3545600,"relics_obtained":[{"floor":9,"key":"Boot"},{"floor":12,"key":"Lantern"}],"event_choices":[{"damage_healed":0,"gold_gain":75,"player_choice":"Gather Gold","damage_taken":11,"max_hp_gain":0,"max_hp_loss":0,"event_name":"World of Goop","floor":2,"gold_loss":0},{"cards_removed":["Strike_G"],"damage_healed":0,"gold_gain":0,"player_choice":"Card Removal","damage_taken":7,"max_hp_gain":0,"max_hp_loss":0,"event_name":"Golden Wing","floor":3,"gold_loss":0},{"damage_healed":0,"gold_gain":0,"player_choice":"Trade","damage_taken":0,"relics_obtained":["GremlinMask"],"max_hp_gain":0,"max_hp_loss":0,"event_name":"FaceTrader","floor":5,"gold_loss":0},{"damage_healed":0,"gold_gain":0,"player_choice":"Leave","damage_taken":0,"max_hp_gain":0,"max_hp_loss":0,"event_name":"The Cleric","floor":8,"gold_loss":0},{"damage_healed":0,"gold_gain":0,"player_choice":"Ignored","damage_taken":0,"max_hp_gain":0,"max_hp_loss":0,"event_name":"Shining Light","floor":11,"gold_loss":0}],"is_beta":false,"boss_relics":[],"items_purged_floors":[],"is_endless":false,"potions_floor_spawned":[1,12],"killed_by":"Slime Boss","ascension_level":18}