{"gold_per_floor":[111,123,55,68,68,68,85,160,208,127,127,127,127,168,180,192],"floor_reached":16,"playtime":771,"items_purged":[],"score":98,"play_id":"c12a2013-f593-4f77-977a-e38209679209","local_time":"20190124135537","is_ascension_mode":false,"campfire_choices":[{"floor":6,"key":"REST"},{"data":"Capacitor","floor":11,"key":"SMITH"},{"floor":13,"key":"DIG"},{"floor":15,"key":"REST"}],"neow_cost":"NONE","seed_source_timestamp":1749495099197,"circlet_count":0,"master_deck":["Strike_B","Strike_B","Strike_B","Strike_B","Defend_B","Defend_B","Defend_B","Defend_B","Zap","Dualcast","Core Surge","Glacier","Capacitor","Coolheaded","Capacitor+1"],"relics":["Cracked Core","Blood Vial","Shovel","MawBank","Question Card"],"potions_floor_usage":[16],"damage_taken":[{"damage":1,"enemies":"Cultist","floor":1,"turns":3},{"damage":1,"enemies":"Jaw Worm","floor":2,"turns":3},{"damage":1,"enemies":"2 Louse","floor":4,"turns":3},{"damage":6,"enemies":"Blue Slaver","floor":7,"turns":5},{"damage":17,"enemies":"3 Sentries","floor":14,"turns":16},{"damage":70,"enemies":"Hexaghost","floor":16,"turns":23}],"seed_played":"3603757294567710706","potions_obtained":[{"floor":2,"key":"Poison Potion"},{"floor":7,"key":"Weak Potion"},{"floor":14,"key":"FearPotion"}],"is_trial":false,"path_per_floor":["M","M","$","M","?","R","M","?","T","$","R","T","R","E","R","B"],"character_chosen":"DEFECT","items_purchased":["Capacitor","Capacitor"],"campfire_rested":2,"item_purchase_floors":[3,10],"current_hp_per_floor":[74,73,73,72,72,75,69,58,58,58,58,58,58,43,65,0],"gold":192,"neow_bonus":"ONE_RANDOM_RARE_CARD","is_prod":false,"is_daily":false,"chose_seed":false,"campfire_upgraded":1,"win_rate":0.0,"timestamp":1548356137,"path_taken":["M","?","$","M","?","R","M","?","T","$","R","?","R","E","R","BOSS"],"build_version":"2019-01-23","purchased_purges":0,"victory":false,"max_hp_per_floor":[75,75,75,75,75,75,75,75,75,75,75,75,75,75,75,75],"card_choices":[{"not_picked":["Beam Cell","White Noise","Hologram"],"picked":"SKIP","floor":1},{"not_picked":["Self Repair","Cold Snap"],"picked":"Glacier","floor":2},{"not_picked":["Sweeping Beam","Go for the Eyes"],"picked":"Coolheaded","floor":4},{"not_picked":["Turbo","Reprogram","Rebound"],"picked":"SKIP","floor":7},{"not_picked":["Meteor Strike","Static Discharge","Sweeping Beam"],"picked":"SKIP","floor":14}],"player_experience":98893,"relics_obtained":[{"floor":9,"key":"Blood Vial"},{"floor":12,"key":"Shovel"},{"floor":13,"key":"MawBank"},{"floor":14,"key":"Question Card"}],"event_choices":[{"damage_healed":0,"gold_gain":0,"player_choice":"Ignored","damage_taken":0,"max_hp_gain":0,"max_hp_loss":0,"event_name":"Liars Game","floor":5,"gold_loss":0},{"damage_healed":0,"gold_gain":75,"player_choice":"Gather Gold","damage_taken":11,"max_hp_gain":0,"max_hp_loss":0,"event_name":"World of Goop","floor":8,"gold_loss":0}],"is_beta":false,"boss_relics":[],"items_purged_floors":[],"is_endless":false,"potions_floor_spawned":[2,7,14],"killed_by":"Hexaghost","ascension_level":0}