{"gold_per_floor":[109,127,277,277,192,192,192,192,244,244,256,256,276,290,290,367,367,382,227,243,141,161,161,161,161,187,187,187],"floor_reached":28,"playtime":1207,"items_purged":["Strike_G","Strike_G"],"score":412,"play_id":"4e5ca5e1-bd6d-4f3c-ac7f-9bd8212c9438","local_time":"20181104223356","is_ascension_mode":true,"campfire_choices":[{"data":"Noxious Fumes","floor":6,"key":"SMITH"},{"data":"Neutralize","floor":8,"key":"SMITH"},{"data":"Sucker Punch","floor":15,"key":"SMITH"},{"data":"Footwork","floor":23,"key":"SMITH"},{"data":"Acrobatics","floor":27,"key":"SMITH"}],"neow_cost":"NONE","seed_source_timestamp":276480172513599,"circlet_count":0,"master_deck":["AscendersBane","Defend_G","Defend_G","Defend_G","Defend_G","Defend_G","Strike_G","Strike_G","Survivor","Neutralize+1","Dagger Throw","Acrobatics+1","Noxious Fumes+1","Dash","Terror","Sucker Punch+1","Malaise","PiercingWail","Backflip","Footwork+1","Dodge and Roll","Unload"],"relics":["Coffee Dripper","Smiling Mask","Bottled Lightning","Sozu","MutagenicStrength","Centennial Puzzle"],"potions_floor_usage":[14,20,28],"damage_taken":[{"damage":0,"enemies":"2 Louse","floor":1,"turns":4},{"damage":2,"enemies":"Small Slimes","floor":2,"turns":4},{"damage":2,"enemies":"Jaw Worm","floor":11,"turns":4},{"damage":0,"enemies":"Blue Slaver","floor":13,"turns":4},{"damage":10,"enemies":"Lots of Slimes","floor":14,"turns":4},{"damage":24,"enemies":"The Guardian","floor":16,"turns":10},{"damage":26,"enemies":"Spheric Guardian","floor":18,"turns":6},{"damage":12,"enemies":"3 Byrds","floor":20,"turns":5},{"damage":6,"enemies":"Centurion and Healer","floor":22,"turns":8},{"damage":23,"enemies":"Slavers","floor":28,"turns":4}],"seed_played":"4559066467035379914","potions_obtained":[{"floor":11,"key":"Energy Potion"},{"floor":13,"key":"GamblersBrew"},{"floor":16,"key":"FearPotion"}],"is_trial":false,"path_per_floor":["M","M","?","?","$","R","?","R","T","?","M","T","M","M","R","B",null,"M","$","M","$","M","R","?","?","T","R","E"],"character_chosen":"THE_SILENT","items_purchased":["Noxious Fumes","Backflip","Footwork","Dodge and Roll"],"campfire_rested":0,"item_purchase_floors":[5,19,19,21],"current_hp_per_floor":[59,57,57,57,57,57,62,62,62,62,60,60,60,50,50,26,60,34,34,22,22,16,16,16,16,16,16,0],"gold":187,"neow_bonus":"BOSS_RELIC","is_prod":false,"is_daily":false,"chose_seed":false,"campfire_upgraded":5,"win_rate":0,"timestamp":1541388836,"path_taken":["M","M","?","?","$","R","?","R","T","?","M","?","?","M","R","BOSS","M","$","M","$","M","R","?","?","T","R","E"],"build_version":"2018-11-01","purchased_purges":2,"victory":false,"max_hp_per_floor":[66,66,66,66,66,66,71,71,71,71,71,71,71,71,71,71,71,71,71,71,71,71,71,71,71,71,71,71],"card_choices":[{"not_picked":["Outmaneuver","Bane"],"picked":"Dagger Throw","floor":1},{"not_picked":["Masterful Stab","Caltrops"],"picked":"Acrobatics","floor":2},{"not_picked":["Bane","Doppelganger"],"picked":"Dash","floor":11},{"not_picked":["Poisoned Stab","Blur"],"picked":"Terror","floor":13},{"not_picked":["Flechettes","Poisoned Stab"],"picked":"Sucker Punch","floor":14},{"not_picked":["Bullet Time","Unload"],"picked":"Malaise","floor":16},{"not_picked":["Bane","Outmaneuver"],"picked":"PiercingWail","floor":18},{"not_picked":["Reflex","Outmaneuver","Flying Knee"],"picked":"SKIP","floor":20},{"not_picked":["Eviscerate+1","Deflect","Backstab"],"picked":"SKIP","floor":22}],"player_experience":1630596,"relics_obtained":[{"floor":9,"key":"Smiling Mask"},{"floor":12,"key":"Bottled Lightning"},{"floor":26,"key":"Centennial Puzzle"}],"event_choices":[{"damage_healed":0,"gold_gain":150,"player_choice":"AGREE","damage_taken":0,"max_hp_gain":0,"max_hp_loss":0,"event_name":"Liars Game","floor":3,"gold_loss":0,"cards_obtained":["Doubt"]},{"cards_removed":["Doubt"],"damage_healed":0,"gold_gain":0,"player_choice":"Forget","damage_taken":0,"max_hp_gain":0,"max_hp_loss":0,"event_name":"Living Wall","floor":4,"gold_loss":0},{"damage_healed":0,"gold_gain":0,"player_choice":"Donut","damage_taken":0,"max_hp_gain":5,"max_hp_loss":0,"event_name":"Big Fish","floor":7,"gold_loss":0},{"damage_healed":0,"gold_gain":0,"player_choice":"Leave","damage_taken":0,"max_hp_gain":0,"max_hp_loss":0,"event_name":"The Cleric","floor":10,"gold_loss":0},{"damage_healed":0,"gold_gain":0,"player_choice":"Inject Mutagens","damage_taken":0,"relics_obtained":["MutagenicStrength"],"max_hp_gain":0,"max_hp_loss":0,"event_name":"Drug Dealer","floor":24,"gold_loss":0},{"damage_healed":0,"gold_gain":0,"cards_transformed":["Strike_G"],"player_choice":"Transformed","damage_taken":0,"max_hp_gain":0,"max_hp_loss":0,"event_name":"Transmorgrifier","floor":25,"gold_loss":0,"cards_obtained":["Unload"]}],"is_beta":true,"boss_relics":[{"not_picked":["Pandora\u0027s Box","WristBlade"],"picked":"Sozu"}],"items_purged_floors":[19,21],"is_endless":false,"potions_floor_spawned":[11,13,16,20],"killed_by":"Slavers","ascension_level":20}