{"gold_per_floor":[110,120,136,156,156,156,174,186,186,212,212,229,229,89,89,191,191,204,189,207,224,224,224,244,244,244,256,276,276,294,294],"floor_reached":31,"playtime":2915,"items_purged":[],"score":294,"play_id":"78e23b94-0888-477c-bf85-138b7739482a","local_time":"20190205202410","is_ascension_mode":true,"campfire_choices":[{"floor":6,"key":"RECALL"},{"floor":15,"key":"REST"},{"data":"Armaments","floor":23,"key":"SMITH"},{"data":"Immolate","floor":25,"key":"SMITH"},{"floor":29,"key":"REST"}],"neow_cost":"NONE","seed_source_timestamp":370888872290090,"circlet_count":0,"master_deck":["Strike_R","Strike_R","Defend_R","Defend_R","Defend_R","Defend_R","Bash","Reaper","Clothesline","Thunderclap","Armaments+1","Rampage","Shrug It Off","Cleave","Metallicize","Double Tap","Disarm","Immolate+1","Pommel Strike","Dual Wield+1","Inflame","Rampage+1","Writhe","Decay","Shrug It Off","Flame Barrier"],"relics":["Burning Blood","Blue Candle","Gambling Chip","PreservedInsect","Cursed Key","Meat on the Bone","Frozen Egg 2"],"potions_floor_usage":[28,30,30],"damage_taken":[{"damage":18,"enemies":"Jaw Worm","floor":1,"turns":6},{"damage":19,"enemies":"Cultist","floor":2,"turns":5},{"damage":11,"enemies":"Small Slimes","floor":3,"turns":2},{"damage":22,"enemies":"3 Louse","floor":4,"turns":3},{"damage":11,"enemies":"Blue Slaver","floor":7,"turns":5},{"damage":10,"enemies":"Large Slime","floor":8,"turns":7},{"damage":39,"enemies":"Gremlin Nob","floor":10,"turns":5},{"damage":8,"enemies":"3 Louse","floor":12,"turns":3},{"damage":3,"enemies":"The Guardian","floor":16,"turns":14},{"damage":8,"enemies":"Chosen","floor":18,"turns":4},{"damage":13,"enemies":"2 Thieves","floor":19,"turns":4},{"damage":22,"enemies":"Snecko","floor":20,"turns":6},{"damage":3,"enemies":"3 Cultists","floor":21,"turns":3},{"damage":34,"enemies":"Shelled Parasite and Fungi","floor":24,"turns":5},{"damage":30,"enemies":"Cultist and Chosen","floor":27,"turns":7},{"damage":49,"enemies":"Snecko","floor":28,"turns":5},{"damage":17,"enemies":"Shelled Parasite and Fungi","floor":30,"turns":5},{"damage":80,"enemies":"Gremlin Leader","floor":31,"turns":7}],"seed_played":"-1290074573610699686","potions_obtained":[{"floor":4,"key":"SteroidPotion"},{"floor":7,"key":"EssenceOfSteel"},{"floor":8,"key":"Dexterity Potion"},{"floor":19,"key":"Fire Potion"},{"floor":28,"key":"Swift Potion"}],"is_trial":false,"path_per_floor":["M","M","M","M","?","R","M","M","T","E","?","M","?","$","R","B",null,"M","M","M","M","?","R","M","R","T","M","M","R","M","E"],"character_chosen":"IRONCLAD","items_purchased":["Double Tap","Disarm"],"campfire_rested":2,"item_purchase_floors":[14,14],"current_hp_per_floor":[68,61,56,52,52,52,47,48,48,18,18,28,28,28,52,55,80,78,72,61,64,64,64,48,48,48,43,22,46,47,0],"gold":294,"neow_bonus":"TRANSFORM_CARD","is_prod":false,"is_daily":false,"chose_seed":false,"campfire_upgraded":2,"win_rate":0,"timestamp":1549394650,"path_taken":["M","M","M","M","?","R","?","?","T","E","?","?","?","$","R","BOSS","M","M","?","M","?","R","M","R","T","M","M","R","M","E"],"build_version":"2019-01-23","purchased_purges":0,"victory":false,"max_hp_per_floor":[80,80,80,80,80,80,80,80,80,80,80,80,80,80,80,80,80,80,80,80,80,80,80,80,80,80,80,80,80,80,80],"card_choices":[{"not_picked":["Body Slam","Fire Breathing"],"picked":"Clothesline","floor":1},{"not_picked":["Burning Pact","Clothesline"],"picked":"Thunderclap","floor":2},{"not_picked":["Corruption","Sever Soul"],"picked":"Armaments","floor":3},{"not_picked":["Perfected Strike","Power Through","Thunderclap"],"picked":"SKIP","floor":4},{"not_picked":["Sever Soul","Dropkick"],"picked":"Rampage","floor":7},{"not_picked":["Dark Embrace","Clothesline","Reckless Charge"],"picked":"SKIP","floor":8},{"not_picked":["Infernal Blade","Clash"],"picked":"Shrug It Off","floor":10},{"not_picked":["Armaments","Sentinel"],"picked":"Metallicize","floor":12},{"not_picked":["Offering","Limit Break"],"picked":"Immolate","floor":16},{"not_picked":["Pummel","Dropkick"],"picked":"Pommel Strike","floor":18},{"not_picked":["Heavy Blade","Clothesline"],"picked":"Dual Wield+1","floor":19},{"not_picked":["Sword Boomerang+1","Shrug It Off"],"picked":"Inflame","floor":20},{"not_picked":["Ghostly Armor","Body Slam+1"],"picked":"Rampage+1","floor":21},{"not_picked":["Headbutt","Clash","Sword Boomerang+1"],"picked":"SKIP","floor":24},{"not_picked":["Clash","Havoc","Sentinel"],"picked":"SKIP","floor":27},{"not_picked":["Infernal Blade","Hemokinesis+1"],"picked":"Shrug It Off","floor":28},{"not_picked":["Wild Strike","Armaments"],"picked":"Flame Barrier","floor":30}],"player_experience":570632,"relics_obtained":[{"floor":9,"key":"Blue Candle"},{"floor":10,"key":"Gambling Chip"},{"floor":26,"key":"Frozen Egg 2"}],"event_choices":[{"cards_removed":["Strike_R"],"damage_healed":0,"gold_gain":0,"player_choice":"Purged","damage_taken":0,"max_hp_gain":0,"max_hp_loss":0,"event_name":"Purifier","floor":5,"gold_loss":0},{"damage_healed":0,"gold_gain":0,"cards_transformed":["Strike_R"],"player_choice":"Transformed","damage_taken":0,"max_hp_gain":0,"max_hp_loss":0,"event_name":"Transmorgrifier","floor":11,"gold_loss":0,"cards_obtained":["Cleave"]},{"damage_healed":0,"gold_gain":0,"player_choice":"Gave Potion","damage_taken":0,"relics_obtained":["PreservedInsect"],"max_hp_gain":0,"max_hp_loss":0,"event_name":"WeMeetAgain","floor":13,"gold_loss":0},{"damage_healed":0,"gold_gain":0,"player_choice":"Opened","damage_taken":0,"relics_obtained":["Meat on the Bone"],"max_hp_gain":0,"max_hp_loss":0,"event_name":"The Mausoleum","floor":22,"gold_loss":0,"cards_obtained":["Writhe"]}],"is_beta":false,"boss_relics":[{"not_picked":["Black Star","Pandora\u0027s Box"],"picked":"Cursed Key"}],"items_purged_floors":[],"is_endless":false,"potions_floor_spawned":[4,7,8,12,19,27,28],"killed_by":"Gremlin Leader","ascension_level":4}