{"gold_per_floor":[114,114,129,38,38,38,53,53,353,353,383,458,36,51,51,151,151,166,181,196,55,70,70,85,100,100,130,130,45,45,60,60,60],"floor_reached":33,"playtime":1947,"items_purged":["Bouncing Flask"],"score":292,"play_id":"0cc06239-ca5a-40ba-9eaf-7a88ebc2bd94","local_time":"20181021105431","daily_mods":["Draft","Red Cards","Elite Swarm"],"is_ascension_mode":false,"campfire_choices":[{"data":"Discovery","floor":6,"key":"SMITH"},{"data":"Entrench","floor":8,"key":"SMITH"},{"data":"Pommel Strike","floor":10,"key":"SMITH"},{"floor":15,"key":"REST"},{"data":"Armaments","floor":23,"key":"SMITH"},{"floor":32,"key":"REST"}],"neow_cost":"","seed_source_timestamp":0,"circlet_count":0,"master_deck":["Dagger Throw","True Grit","Rampage+1","Dagger Throw","Flame Barrier","Pommel Strike+1","Entrench+1","Backstab","Dagger Throw","Thunderclap+1","Quick Slash","Shrug It Off","Flying Knee","Backflip","Discovery+1","Prepared","Bullet Time","Body Slam","Burning Pact","Warcry","Feed","Armaments+1","Clothesline","Corpse Explosion","Tactician","Fiend Fire","Reflex"],"special_seed":17825,"relics":["Ring of the Snake","Dream Catcher","Old Coin","Peace Pipe","Whetstone","Orichalcum","Snecko Eye","Paper Crane","Girya","MutagenicStrength","Regal Pillow","Bag of Preparation"],"potions_floor_usage":[14,20,27,27,33],"damage_taken":[{"damage":0,"enemies":"2 Louse","floor":1,"turns":1},{"damage":0,"enemies":"Cultist","floor":3,"turns":2},{"damage":6,"enemies":"Jaw Worm","floor":7,"turns":2},{"damage":14,"enemies":"Gremlin Nob","floor":11,"turns":3},{"damage":7,"enemies":"Exordium Thugs","floor":14,"turns":3},{"damage":38,"enemies":"Hexaghost","floor":16,"turns":11},{"damage":4,"enemies":"Shell Parasite","floor":18,"turns":4},{"damage":8,"enemies":"2 Thieves","floor":19,"turns":3},{"damage":5,"enemies":"Snake Plant","floor":20,"turns":4},{"damage":0,"enemies":"Snecko","floor":22,"turns":3},{"damage":6,"enemies":"3 Cultists","floor":24,"turns":4},{"damage":9,"enemies":"Chosen and Byrds","floor":25,"turns":4},{"damage":25,"enemies":"Slavers","floor":27,"turns":4},{"damage":0,"enemies":"Cultist and Chosen","floor":31,"turns":2},{"damage":53,"enemies":"Collector","floor":33,"turns":7}],"seed_played":"-5153985604349914774","potions_obtained":[{"floor":7,"key":"GhostInAJar"},{"floor":11,"key":"LiquidBronze"},{"floor":19,"key":"Weak Potion"},{"floor":20,"key":"SkillPotion"},{"floor":24,"key":"AttackPotion"},{"floor":31,"key":"Weak Potion"}],"is_trial":false,"path_per_floor":["M","?","M","$","?","R","M","R","T","R","E","?","$","M","R","B",null,"M","M","M","$","M","R","M","M","T","E","?","?","?","M","R"],"character_chosen":"THE_SILENT","items_purchased":["Discovery","Body Slam","Whetstone","Orichalcum","Corpse Explosion"],"campfire_rested":2,"item_purchase_floors":[4,13,13,13,21],"current_hp_per_floor":[70,70,70,70,67,67,61,61,61,61,47,36,36,29,50,12,70,66,58,53,53,53,53,47,38,38,13,13,13,13,13,49,0],"gold":60,"neow_bonus":"","is_prod":false,"is_daily":true,"chose_seed":false,"campfire_upgraded":4,"win_rate":0,"timestamp":1540133671,"path_taken":["M","?","M","?","?","R","?","R","T","R","E","?","$","M","R","BOSS","M","M","M","$","M","R","M","M","T","E","?","?","?","?","R","BOSS"],"build_version":"2018-10-18","purchased_purges":1,"victory":false,"max_hp_per_floor":[70,70,70,70,70,70,70,70,70,70,70,70,70,70,70,70,70,70,70,70,70,70,70,70,70,70,70,70,70,70,70,70,70],"card_choices":[{"not_picked":["Flex","Riddle With Holes"],"picked":"Dagger Throw","floor":0},{"not_picked":["Deadly Poison","Anger"],"picked":"True Grit","floor":0},{"not_picked":["PiercingWail","Underhanded Strike"],"picked":"Rampage","floor":0},{"not_picked":["Cloak And Dagger","Rage"],"picked":"Dagger Throw","floor":0},{"not_picked":["Cleave","Underhanded Strike"],"picked":"Flame Barrier","floor":0},{"not_picked":["Burning Pact","Entrench"],"picked":"Pommel Strike","floor":0},{"not_picked":["Dodge and Roll","Twin Strike"],"picked":"Entrench","floor":0},{"not_picked":["Flex","Distraction"],"picked":"Bouncing Flask","floor":0},{"not_picked":["Eviscerate","Poisoned Stab"],"picked":"Backstab","floor":0},{"not_picked":["Well Laid Plans","Cloak And Dagger"],"picked":"Dagger Throw","floor":0},{"not_picked":["Wild Strike","Body Slam"],"picked":"Thunderclap","floor":0},{"not_picked":["Bane","Well Laid Plans"],"picked":"Quick Slash","floor":0},{"not_picked":["Perfected Strike","Cleave"],"picked":"Shrug It Off","floor":0},{"not_picked":["Intimidate","Blade Dance"],"picked":"Flying Knee","floor":0},{"not_picked":["Pommel Strike","Outmaneuver"],"picked":"Backflip","floor":0},{"not_picked":["Expertise","Cloak And Dagger"],"picked":"Disarm","floor":1},{"not_picked":["Sword Boomerang","Deflect","Clash"],"picked":"SKIP","floor":3},{"not_picked":["Clash","Hemokinesis"],"picked":"Prepared","floor":7},{"not_picked":["Berserk","Wraith Form v2"],"picked":"Bullet Time","floor":11},{"not_picked":["Pommel Strike","Thunderclap"],"picked":"Burning Pact","floor":14},{"not_picked":["Headbutt","Doppelganger"],"picked":"Warcry","floor":15},{"not_picked":["Dark Embrace","Bludgeon"],"picked":"Feed","floor":16},{"not_picked":["Catalyst","Flying Knee","Bane"],"picked":"SKIP","floor":18},{"not_picked":["Slice","Concentrate+1"],"picked":"Armaments","floor":19},{"not_picked":["Sword Boomerang","Quick Slash"],"picked":"Clothesline","floor":20},{"not_picked":["Sword Boomerang","Shrug It Off","Outmaneuver"],"picked":"SKIP","floor":22},{"not_picked":["Rupture","Thunderclap"],"picked":"Tactician","floor":24},{"not_picked":["Riddle With Holes","Deflect+1","Bane"],"picked":"SKIP","floor":25},{"not_picked":["Doppelganger","Phantasmal Killer"],"picked":"Fiend Fire","floor":27},{"not_picked":["Dodge and Roll","Deflect","Well Laid Plans"],"picked":"SKIP","floor":31},{"not_picked":["Sword Boomerang","Deadly Poison"],"picked":"Reflex","floor":32}],"player_experience":347010,"relics_obtained":[{"floor":9,"key":"Old Coin"},{"floor":11,"key":"Peace Pipe"},{"floor":26,"key":"Paper Crane"},{"floor":27,"key":"Girya"}],"event_choices":[{"cards_removed":["Disarm"],"damage_healed":0,"gold_gain":0,"player_choice":"Offered Uncommon","damage_taken":0,"max_hp_gain":0,"max_hp_loss":0,"event_name":"Bonfire Elementals","floor":2,"gold_loss":0},{"damage_healed":0,"gold_gain":0,"player_choice":"Success","damage_taken":3,"relics_obtained":["Dream Catcher"],"max_hp_gain":0,"max_hp_loss":0,"event_name":"Scrap Ooze","floor":5,"gold_loss":0},{"damage_healed":0,"gold_gain":75,"player_choice":"Gather Gold","damage_taken":11,"max_hp_gain":0,"max_hp_loss":0,"event_name":"World of Goop","floor":12,"gold_loss":0},{"damage_healed":0,"gold_gain":0,"player_choice":"Inject Mutagens","damage_taken":0,"relics_obtained":["MutagenicStrength"],"max_hp_gain":0,"max_hp_loss":0,"event_name":"Drug Dealer","floor":28,"gold_loss":0},{"damage_healed":0,"gold_gain":0,"player_choice":"Obtained Relic","damage_taken":0,"relics_obtained":["Regal Pillow"],"max_hp_gain":0,"max_hp_loss":0,"event_name":"Addict","floor":29,"gold_loss":85},{"damage_healed":0,"gold_gain":0,"player_choice":"Opened","damage_taken":0,"relics_obtained":["Bag of Preparation"],"max_hp_gain":0,"max_hp_loss":0,"event_name":"The Mausoleum","floor":30,"gold_loss":0}],"is_beta":false,"boss_relics":[{"not_picked":["Coffee Dripper","White Beast Statue"],"picked":"Snecko Eye"}],"items_purged_floors":[13],"is_endless":false,"potions_floor_spawned":[7,11,19,20,24,31],"killed_by":"Collector","ascension_level":0}