{"gold_per_floor":[115,132,307,321,321,351,351,351,402,402,402,9,80,98,98,229,229,243,243,267,267,55,88,88,112,135,135,153,153,196,214,214,214],"floor_reached":33,"playtime":3988,"items_purged":["Doubt"],"score":283,"play_id":"4e53a802-9fc8-42e9-8a65-04d2ed3cc76e","local_time":"20181224203327","is_ascension_mode":false,"campfire_choices":[{"data":"Multi-Cast","floor":7,"key":"SMITH"},{"data":"Lockon","floor":11,"key":"SMITH"},{"floor":15,"key":"REST"},{"data":"Rainbow","floor":24,"key":"SMITH"},{"data":"Defragment","floor":27,"key":"SMITH"},{"floor":32,"key":"REST"}],"neow_cost":"NONE","seed_source_timestamp":2281804350713232,"circlet_count":0,"master_deck":["Strike_B","Strike_B","Strike_B","Strike_B","Defend_B","Defend_B","Defend_B","Defend_B","Zap","Dualcast","Go for the Eyes","Lockon+1","Glacier","Multi-Cast+1","Injury","Defragment+1","Melter","Loop","Redo","Reboot","Ball Lightning","Conserve Battery+1","Defragment","Heatsinks","Rainbow+1","Creative AI","Beam Cell","Fusion","Seek","Hello World"],"relics":["Cracked Core","Bag of Preparation","Bottled Lightning","Golden Idol","Omamori","Membership Card","Mummified Hand","Nunchaku","Runic Pyramid","Nloth\u0027s Gift","PreservedInsect","Bird Faced Urn","Orichalcum","Ornamental Fan"],"potions_floor_usage":[],"damage_taken":[{"damage":0,"enemies":"Small Slimes","floor":1,"turns":1},{"damage":0,"enemies":"2 Louse","floor":2,"turns":1},{"damage":0,"enemies":"Cultist","floor":4,"turns":1},{"damage":32,"enemies":"Lagavulin","floor":6,"turns":11},{"damage":9,"enemies":"Gremlin Nob","floor":13,"turns":4},{"damage":4,"enemies":"Blue Slaver","floor":14,"turns":3},{"damage":49,"enemies":"Slime Boss","floor":16,"turns":16},{"damage":6,"enemies":"Spheric Guardian","floor":18,"turns":5},{"damage":0,"enemies":"Chosen","floor":20,"turns":6},{"damage":23,"enemies":"Book of Stabbing","floor":23,"turns":5},{"damage":0,"enemies":"Centurion and Healer","floor":25,"turns":8},{"damage":14,"enemies":"Shelled Parasite and Fungi","floor":28,"turns":5},{"damage":54,"enemies":"Gremlin Leader","floor":30,"turns":7},{"damage":5,"enemies":"Cultist and Chosen","floor":31,"turns":7},{"damage":66,"enemies":"Collector","floor":33,"turns":6}],"seed_played":"-197501402676833130","potions_obtained":[{"floor":2,"key":"LiquidBronze"},{"floor":16,"key":"Explosive Potion"},{"floor":25,"key":"Strength Potion"}],"is_trial":false,"path_per_floor":["M","M","?","M","?","E","R","?","T","?","R","$","?","M","R","B",null,"M","?","M","?","$","E","R","M","T","R","M","?","E","M","R","B"],"character_chosen":"DEFECT","items_purchased":["Defragment","Membership Card","Mummified Hand","Melter","Heatsinks","PreservedInsect","Rainbow"],"campfire_rested":2,"item_purchase_floors":[12,12,12,12,22,22,22],"current_hp_per_floor":[75,75,75,75,75,43,43,43,43,43,43,43,34,30,52,3,75,69,69,69,69,69,46,46,64,64,64,50,50,8,21,43,0],"gold":214,"neow_bonus":"THREE_ENEMY_KILL","is_prod":false,"is_daily":false,"chose_seed":false,"campfire_upgraded":4,"win_rate":0.0,"timestamp":1545680007,"path_taken":["M","M","?","M","?","E","R","?","T","?","R","?","?","M","R","BOSS","M","?","?","?","$","E","R","M","T","R","M","?","E","M","R","BOSS"],"build_version":"2018-12-20","purchased_purges":1,"victory":false,"max_hp_per_floor":[75,75,75,75,75,75,75,75,75,75,75,75,75,75,75,75,75,75,75,75,75,75,75,75,75,75,75,75,75,75,75,75,75],"card_choices":[{"not_picked":["Gash","Leap"],"picked":"Go for the Eyes","floor":1},{"not_picked":["Streamline","Chaos"],"picked":"Lockon","floor":2},{"not_picked":["Redo","Ball Lightning"],"picked":"Glacier","floor":4},{"not_picked":["Gash","Auto Shields"],"picked":"Multi-Cast","floor":6},{"not_picked":["Conserve Battery","Reprogram"],"picked":"Loop","floor":13},{"not_picked":["Sweeping Beam","Steam Power"],"picked":"Redo","floor":14},{"not_picked":["Fission","Rainbow"],"picked":"Reboot","floor":16},{"not_picked":["Coolheaded","Aggregate"],"picked":"Ball Lightning","floor":18},{"not_picked":["Compile Driver","Leap"],"picked":"Conserve Battery+1","floor":20},{"not_picked":["Hologram+1","Compile Driver"],"picked":"Creative AI","floor":23},{"not_picked":["Compile Driver","Auto Shields"],"picked":"Beam Cell","floor":25},{"not_picked":["Ball Lightning","Steam"],"picked":"Fusion","floor":28},{"not_picked":["Rainbow","Creative AI"],"picked":"Seek","floor":30},{"not_picked":["Undo","Sweeping Beam"],"picked":"Hello World","floor":31}],"player_experience":22599,"relics_obtained":[{"floor":6,"key":"Bottled Lightning"},{"floor":9,"key":"Omamori"},{"floor":13,"key":"Nunchaku"},{"floor":23,"key":"Bird Faced Urn"},{"floor":26,"key":"Orichalcum"},{"floor":30,"key":"Ornamental Fan"}],"event_choices":[{"damage_healed":0,"gold_gain":175,"player_choice":"AGREE","damage_taken":0,"max_hp_gain":0,"max_hp_loss":0,"event_name":"Liars Game","floor":3,"gold_loss":0,"cards_obtained":["Doubt"]},{"damage_healed":0,"gold_gain":0,"player_choice":"Box","damage_taken":0,"relics_obtained":["Bag of Preparation"],"max_hp_gain":0,"max_hp_loss":0,"event_name":"Big Fish","floor":5,"gold_loss":0,"cards_obtained":["Regret"]},{"damage_healed":0,"gold_gain":0,"player_choice":"Take Wound","damage_taken":0,"relics_obtained":["Golden Idol"],"max_hp_gain":0,"max_hp_loss":0,"event_name":"Golden Idol","floor":8,"gold_loss":0,"cards_obtained":["Injury"]},{"damage_healed":0,"gold_gain":0,"cards_transformed":["Regret"],"player_choice":"Change","damage_taken":0,"max_hp_gain":0,"max_hp_loss":0,"event_name":"Living Wall","floor":10,"gold_loss":0,"cards_obtained":["Pain"]},{"damage_healed":0,"gold_gain":0,"player_choice":"Searched \u00272\u0027 times","damage_taken":0,"max_hp_gain":0,"max_hp_loss":0,"event_name":"Dead Adventurer","floor":13,"gold_loss":0},{"damage_healed":0,"gold_gain":0,"player_choice":"Traded Relic","damage_taken":0,"relics_obtained":["Nloth\u0027s Gift"],"max_hp_gain":0,"max_hp_loss":0,"event_name":"N\u0027loth","floor":19,"relics_lost":["NeowsBlessing"],"gold_loss":0},{"damage_healed":0,"gold_gain":0,"player_choice":"Read","damage_taken":0,"max_hp_gain":0,"max_hp_loss":0,"event_name":"The Library","floor":21,"gold_loss":0,"cards_obtained":["Defragment"]},{"damage_healed":0,"gold_gain":0,"player_choice":"Ignored","damage_taken":0,"max_hp_gain":0,"max_hp_loss":0,"event_name":"Ghosts","floor":29,"gold_loss":0}],"is_beta":false,"boss_relics":[{"not_picked":["Snecko Eye","Ectoplasm"],"picked":"Runic Pyramid"}],"items_purged_floors":[22],"is_endless":false,"potions_floor_spawned":[2,16,25,28,30],"killed_by":"Collector","ascension_level":0}