{"gold_per_floor":[116,37,52,104,104,104,435,435,459,486,503,516,516,530,530,629,629,641,641,589,549,372,372,386,386],"floor_reached":25,"playtime":1418,"items_purged":[],"score":219,"play_id":"ec94508b-6049-4982-824a-a4b6710bb9c0","local_time":"20190116215406","is_ascension_mode":true,"campfire_choices":[{"data":"Neutralize","floor":6,"key":"SMITH"},{"data":"Dash","floor":8,"key":"SMITH"},{"data":"Cloak And Dagger","floor":13,"key":"SMITH"},{"floor":15,"key":"RECALL"},{"data":"Cloak And Dagger","floor":23,"key":"SMITH"}],"neow_cost":"NONE","seed_source_timestamp":91633754755135,"circlet_count":0,"master_deck":["Defend_G","Defend_G","Defend_G","Defend_G","Defend_G","Strike_G+1","Strike_G+1","Strike_G","Strike_G+1","Strike_G","Survivor","Neutralize+1","Poisoned Stab","Dash+1","Dagger Spray+1","Leg Sweep","Cloak And Dagger+1","Backflip","Backflip","Malaise","PiercingWail","J.A.X.","Cloak And Dagger+1","PiercingWail"],"relics":["Ring of the Snake","Old Coin","Snake Skull","Pen Nib","Black Star","Whetstone"],"potions_floor_usage":[7,10,14,16,25],"damage_taken":[{"damage":1,"enemies":"Cultist","floor":1,"turns":4},{"damage":0,"enemies":"Small Slimes","floor":3,"turns":4},{"damage":17,"enemies":"Gremlin Nob","floor":7,"turns":5},{"damage":4,"enemies":"Lagavulin","floor":10,"turns":7},{"damage":0,"enemies":"2 Louse","floor":11,"turns":3},{"damage":0,"enemies":"Large Slime","floor":12,"turns":5},{"damage":0,"enemies":"Exordium Thugs","floor":14,"turns":3},{"damage":26,"enemies":"Hexaghost","floor":16,"turns":12},{"damage":5,"enemies":"Chosen","floor":18,"turns":7},{"damage":12,"enemies":"Spheric Guardian","floor":24,"turns":9},{"damage":14,"enemies":"Slavers","floor":25,"turns":3}],"seed_played":"5555855616009374375","potions_obtained":[{"floor":1,"key":"Weak Potion"},{"floor":5,"key":"Explosive Potion"},{"floor":5,"key":"Dexterity Potion"},{"floor":11,"key":"LiquidBronze"},{"floor":14,"key":"SpeedPotion"},{"floor":24,"key":"PowerPotion"}],"is_trial":false,"path_per_floor":["M","$","M","T","?","R","E","R","T","E","M","M","R","M","R","B",null,"M","?","$","?","$","R","M","E"],"character_chosen":"THE_SILENT","items_purchased":["Dash","Cloak And Dagger","PiercingWail","Whetstone"],"campfire_rested":0,"item_purchase_floors":[2,20,22,22],"current_hp_per_floor":[76,76,76,76,76,76,59,59,59,55,55,55,55,55,55,29,77,72,72,72,72,72,72,60,46],"gold":386,"neow_bonus":"TEN_PERCENT_HP_BONUS","is_prod":false,"is_daily":false,"chose_seed":false,"campfire_upgraded":4,"win_rate":0,"timestamp":1547704446,"path_taken":["M","$","M","?","?","R","E","R","T","E","M","?","R","M","R","BOSS","M","?","$","?","$","R","?","E"],"build_version":"2019-01-10","purchased_purges":0,"victory":false,"max_hp_per_floor":[77,77,77,77,77,77,77,77,77,77,77,77,77,77,77,77,77,77,77,77,77,77,77,77,77],"card_choices":[{"not_picked":["Outmaneuver","Heel Hook"],"picked":"Poisoned Stab","floor":1},{"not_picked":["Deadly Poison","Deflect"],"picked":"Dagger Spray","floor":3},{"not_picked":["Reflex","Bane","Underhanded Strike"],"picked":"SKIP","floor":7},{"not_picked":["Bullet Time","Distraction"],"picked":"Leg Sweep","floor":10},{"not_picked":["Acrobatics","Flying Knee"],"picked":"Cloak And Dagger","floor":11},{"not_picked":["Tactician","Bane"],"picked":"Backflip","floor":12},{"not_picked":["Dagger Spray","Acrobatics"],"picked":"Backflip","floor":14},{"not_picked":["Unload","Envenom"],"picked":"Malaise","floor":16},{"not_picked":["Deadly Poison","Slice"],"picked":"PiercingWail","floor":18},{"not_picked":["Heel Hook","Riddle With Holes","Prepared"],"picked":"SKIP","floor":24}],"player_experience":239778,"relics_obtained":[{"floor":7,"key":"Old Coin"},{"floor":9,"key":"Snake Skull"},{"floor":10,"key":"Pen Nib"}],"event_choices":[{"damage_healed":0,"gold_gain":0,"player_choice":"Got Potions","damage_taken":0,"max_hp_gain":0,"max_hp_loss":0,"event_name":"Lab","floor":5,"gold_loss":0},{"damage_healed":0,"gold_gain":0,"player_choice":"Obtain J.A.X.","damage_taken":0,"max_hp_gain":0,"max_hp_loss":0,"event_name":"Drug Dealer","floor":19,"gold_loss":0,"cards_obtained":["J.A.X."]},{"damage_healed":0,"gold_gain":0,"player_choice":"Upgraded Two","damage_taken":0,"max_hp_gain":0,"max_hp_loss":0,"event_name":"Designer","floor":21,"gold_loss":40,"cards_upgraded":["Strike_G","Strike_G"]}],"is_beta":false,"boss_relics":[{"not_picked":["HoveringKite","Coffee Dripper"],"picked":"Black Star"}],"items_purged_floors":[],"is_endless":false,"potions_floor_spawned":[1,11,14,24],"killed_by":"Slavers","ascension_level":1}