{"gold_per_floor":[119,135,46,62,62,62,89,89,89,101,101,134,134,134,134,134],"floor_reached":16,"playtime":880,"items_purged":[],"score":216,"play_id":"ffbd2662-9cc8-425e-bdf8-221774d0bb45","local_time":"20190121213453","is_ascension_mode":true,"campfire_choices":[{"data":"Hemokinesis","floor":6.0,"key":"SMITH"},{"data":"Feel No Pain","floor":8.0,"key":"SMITH"},{"data":"Bash","floor":11.0,"key":"SMITH"},{"floor":15.0,"key":"REST"}],"neow_cost":"NONE","seed_source_timestamp":802196633830106,"circlet_count":0,"master_deck":["AscendersBane","Strike_R","Strike_R","Strike_R","Strike_R+1","Strike_R","Defend_R+1","Defend_R","Defend_R+1","Defend_R+1","Bash+1","Feel No Pain+1","Twin Strike","Hemokinesis+1","Clothesline","Headbutt","Exhume","Flame Barrier"],"special_seed":0,"relics":["Burning Blood","War Paint","Dead Branch","Omamori","Pear","Magic Flower"],"potions_floor_usage":[16],"damage_taken":[{"damage":8.0,"enemies":"Small Slimes","floor":1.0,"turns":5.0},{"damage":0.0,"enemies":"2 Louse","floor":2.0,"turns":3.0},{"damage":0.0,"enemies":"Jaw Worm","floor":4.0,"turns":5.0},{"damage":15.0,"enemies":"3 Sentries","floor":7.0,"turns":8.0},{"damage":8.0,"enemies":"Looter","floor":10.0,"turns":3.0},{"damage":10.0,"enemies":"Gremlin Nob","floor":12.0,"turns":3.0},{"damage":78,"enemies":"Hexaghost","floor":16,"turns":11}],"seed_played":"7730019648922950599","potions_obtained":[{"floor":1.0,"key":"FairyPotion"},{"floor":4.0,"key":"AttackPotion"},{"floor":12.0,"key":"GamblersBrew"}],"is_trial":false,"path_per_floor":["M","M","$","M","?","R","E","R","T","M","R","E","?","?","R","B"],"character_chosen":"IRONCLAD","items_purchased":["Hemokinesis"],"campfire_rested":1,"item_purchase_floors":[3],"current_hp_per_floor":[66,72,72,75,70,70,61,61,71,69,69,65,65,39,64,0],"gold":134,"neow_bonus":"RANDOM_COMMON_RELIC","is_prod":false,"is_daily":false,"chose_seed":false,"campfire_upgraded":3,"win_rate":0,"timestamp":1548066893,"path_taken":["M","M","$","M","?","R","E","R","T","M","R","E","?","?","R","BOSS"],"build_version":"2019-01-17v2","purchased_purges":0,"victory":false,"max_hp_per_floor":[75,75,75,75,75,75,75,75,85,85,85,85,85,85,85,85],"card_choices":[{"not_picked":["True Grit","Searing Blow"],"picked":"Feel No Pain","floor":1.0},{"not_picked":["Sever Soul","Warcry"],"picked":"Twin Strike","floor":2.0},{"not_picked":["Heavy Blade","Havoc"],"picked":"Clothesline","floor":4.0},{"not_picked":["Seeing Red","Clothesline"],"picked":"Headbutt","floor":7.0},{"not_picked":["Perfected Strike","Iron Wave"],"picked":"Exhume","floor":10.0},{"not_picked":["Warcry","Iron Wave"],"picked":"Flame Barrier","floor":12.0}],"player_experience":651444,"relics_obtained":[{"floor":7.0,"key":"Omamori"},{"floor":9.0,"key":"Pear"},{"floor":12.0,"key":"Magic Flower"}],"event_choices":[{"damage_healed":0.0,"max_hp_gain":0.0,"max_hp_loss":0.0,"gold_gain":0.0,"event_name":"Scrap Ooze","player_choice":"Success","floor":5.0,"gold_loss":0.0,"damage_taken":5.0,"relics_obtained":["Dead Branch"]},{"damage_healed":0.0,"max_hp_gain":0.0,"max_hp_loss":0.0,"gold_gain":0.0,"event_name":"Liars Game","player_choice":"Ignored","floor":13.0,"gold_loss":0.0,"damage_taken":0.0},{"damage_healed":0.0,"max_hp_gain":0.0,"max_hp_loss":0.0,"gold_gain":0.0,"event_name":"Shining Light","player_choice":"Entered Light","floor":14.0,"gold_loss":0.0,"damage_taken":26.0,"cards_upgraded":["Defend_R","Strike_R"]}],"is_beta":false,"boss_relics":[],"items_purged_floors":[],"is_endless":false,"potions_floor_spawned":[1,4,12],"killed_by":"Hexaghost","ascension_level":20}