{"gold_per_floor":[116,116,116,191,191,191,206,206,206,206,52,76,76,111,111,232,295,318,85,45,60,80,80,80],"floor_reached":24,"playtime":889,"items_purged":[],"score":263,"play_id":"bd00d58f-1602-4158-8f53-a0e6c045f322","local_time":"20190127172032","is_ascension_mode":true,"campfire_choices":[{"data":"Thunderclap","floor":6,"key":"SMITH"},{"floor":8,"key":"REST"},{"data":"Wild Strike","floor":10,"key":"SMITH"},{"floor":15,"key":"REST"}],"neow_cost":"NONE","seed_source_timestamp":1572919497907142,"circlet_count":0,"master_deck":["Strike_R","Strike_R","Strike_R","Strike_R","Strike_R+1","Defend_R","Defend_R","Defend_R","Defend_R","Bash","Wild Strike+1","Thunderclap+1","Limit Break+1","Combust","Reckless Charge","Feed","Pommel Strike","Heavy Blade+1","Flame Barrier","Fire Breathing+1"],"relics":["Burning Blood","Bag of Marbles","Blood Vial","Odd Mushroom","Golden Idol","Shuriken","Tiny House","PreservedInsect"],"potions_floor_usage":[14,18,22,24],"damage_taken":[{"damage":1,"enemies":"Cultist","floor":1,"turns":3},{"damage":2,"enemies":"Jaw Worm","floor":7,"turns":2},{"damage":13,"enemies":"The Mushroom Lair","floor":12,"turns":4},{"damage":23,"enemies":"Gremlin Nob","floor":14,"turns":4},{"damage":11,"enemies":"Slime Boss","floor":16,"turns":7},{"damage":12,"enemies":"Chosen","floor":18,"turns":2},{"damage":24,"enemies":"2 Thieves","floor":21,"turns":5},{"damage":41,"enemies":"Chosen and Byrds","floor":22,"turns":7},{"damage":54,"enemies":"Gremlin Leader","floor":24,"turns":5}],"seed_played":"-8638557825506523572","potions_obtained":[{"floor":12,"key":"PowerPotion"},{"floor":17,"key":"AttackPotion"},{"floor":18,"key":"Swift Potion"},{"floor":22,"key":"PowerPotion"}],"is_trial":false,"path_per_floor":["M","$","?","?","?","R","M","R","T","R","$","?","?","E","R","B",null,"M","$","?","M","M","$","E"],"character_chosen":"IRONCLAD","items_purchased":["Limit Break","PreservedInsect","Flame Barrier"],"campfire_rested":2,"item_purchase_floors":[11,19,19],"current_hp_per_floor":[88,88,76,65,65,65,69,88,88,88,88,81,59,44,70,67,88,84,84,84,71,41,41,0],"gold":80,"neow_bonus":"TEN_PERCENT_HP_BONUS","is_prod":false,"is_daily":false,"chose_seed":false,"campfire_upgraded":2,"win_rate":0,"timestamp":1548631232,"path_taken":["M","$","?","?","?","R","?","R","T","R","$","?","?","E","R","BOSS","M","$","?","?","M","$","E"],"build_version":"2019-01-23","purchased_purges":0,"victory":false,"max_hp_per_floor":[88,88,88,88,88,88,88,88,88,88,88,88,88,88,88,88,93,93,93,93,96,99,99,99],"card_choices":[{"not_picked":["Shrug It Off","Body Slam"],"picked":"Wild Strike","floor":1},{"not_picked":["Headbutt","Havoc","Bloodletting"],"picked":"SKIP","floor":7},{"not_picked":["Burning Pact","Uppercut"],"picked":"Combust","floor":12},{"not_picked":["Fire Breathing","Feel No Pain"],"picked":"Reckless Charge","floor":14},{"not_picked":["Berserk","Dark Embrace"],"picked":"Feed","floor":16},{"not_picked":["Warcry","Armaments"],"picked":"Pommel Strike","floor":17},{"not_picked":["Perfected Strike","Body Slam"],"picked":"Heavy Blade+1","floor":18},{"not_picked":["Twin Strike","Anger","Armaments"],"picked":"SKIP","floor":21},{"not_picked":["Pummel","Hemokinesis"],"picked":"Fire Breathing+1","floor":22}],"player_experience":298980,"relics_obtained":[{"floor":9,"key":"Blood Vial"},{"floor":12,"key":"Odd Mushroom"},{"floor":14,"key":"Shuriken"}],"event_choices":[{"damage_healed":0,"gold_gain":0,"player_choice":"Success","damage_taken":12,"relics_obtained":["Bag of Marbles"],"max_hp_gain":0,"max_hp_loss":0,"event_name":"Scrap Ooze","floor":3,"gold_loss":0},{"damage_healed":0,"gold_gain":75,"player_choice":"Gather Gold","damage_taken":11,"max_hp_gain":0,"max_hp_loss":0,"event_name":"World of Goop","floor":4,"gold_loss":0},{"damage_healed":0,"gold_gain":0,"player_choice":"1 cards matched","damage_taken":0,"max_hp_gain":0,"max_hp_loss":0,"event_name":"Match and Keep!","floor":5,"gold_loss":0,"cards_obtained":["Thunderclap"]},{"damage_healed":0,"gold_gain":0,"player_choice":"Fought Mushrooms","damage_taken":0,"max_hp_gain":0,"max_hp_loss":0,"event_name":"Mushrooms","floor":12,"gold_loss":0},{"damage_healed":0,"gold_gain":0,"player_choice":"Take Damage","damage_taken":22,"relics_obtained":["Golden Idol"],"max_hp_gain":0,"max_hp_loss":0,"event_name":"Golden Idol","floor":13,"gold_loss":0},{"damage_healed":0,"gold_gain":0,"player_choice":"Upgrade","damage_taken":0,"max_hp_gain":0,"max_hp_loss":0,"event_name":"Designer","floor":20,"gold_loss":40,"cards_upgraded":["Limit Break"]}],"is_beta":false,"boss_relics":[{"not_picked":["Busted Crown","Philosopher\u0027s Stone"],"picked":"Tiny House"}],"items_purged_floors":[],"is_endless":false,"potions_floor_spawned":[12,18,22],"killed_by":"Gremlin Leader","ascension_level":5}