{"gold_per_floor":[113,133,145,155,155,155,230,244,270,282,349,375,387,399,411,519,531,557,250,250,216,216],"floor_reached":22,"playtime":932,"items_purged":["Fiend Fire+1"],"score":211,"play_id":"dd1cd47f-7afd-45b8-b579-e6dc137a335d","local_time":"20190201220420","is_ascension_mode":false,"campfire_choices":[{"data":"Armaments","floor":6,"key":"SMITH"},{"floor":13,"key":"REST"},{"floor":15,"key":"REST"}],"neow_cost":"NONE","seed_source_timestamp":2064793370900501,"circlet_count":0,"master_deck":["Defend_R","Defend_R","Defend_R","Defend_R","Bash+1","Heavy Blade","Heavy Blade","Armaments+1","Bandage Up","Whirlwind","Flex","Berserk+1","Carnage+1","Flex","Disarm","Bite","Bite","Bite","Bite","Bite","Dual Wield+1"],"relics":["Burning Blood","MawBank","Tiny Chest","Astrolabe","Membership Card"],"potions_floor_usage":[11,16,21,22],"damage_taken":[{"damage":11,"enemies":"Jaw Worm","floor":1,"turns":5},{"damage":5,"enemies":"2 Louse","floor":2,"turns":2},{"damage":6,"enemies":"Cultist","floor":3,"turns":3},{"damage":10,"enemies":"3 Louse","floor":4,"turns":3},{"damage":14,"enemies":"Exordium Thugs","floor":8,"turns":4},{"damage":42,"enemies":"Lagavulin","floor":11,"turns":8},{"damage":14,"enemies":"2 Fungi Beasts","floor":12,"turns":3},{"damage":39,"enemies":"Slime Boss","floor":16,"turns":13},{"damage":45,"enemies":"3 Byrds","floor":18,"turns":6},{"damage":36,"enemies":"2 Thieves","floor":21,"turns":5},{"damage":42,"enemies":"Snake Plant","floor":22,"turns":3}],"seed_played":"-4477071326995404088","potions_obtained":[{"floor":3,"key":"BloodPotion"},{"floor":4,"key":"Regen Potion"},{"floor":11,"key":"Fire Potion"},{"floor":16,"key":"FearPotion"},{"floor":18,"key":"Dexterity Potion"}],"is_trial":false,"path_per_floor":["M","M","M","M","?","R","?","M","T","?","E","M","R","?","R","B",null,"M","$","?","M","M"],"character_chosen":"IRONCLAD","items_purchased":["Membership Card","Disarm"],"campfire_rested":2,"item_purchase_floors":[19,19],"current_hp_per_floor":[75,76,76,72,72,72,61,53,53,53,35,31,55,39,63,36,80,45,45,45,31,0],"gold":216,"neow_bonus":"THREE_CARDS","is_prod":false,"is_daily":false,"chose_seed":false,"campfire_upgraded":1,"win_rate":0.0,"timestamp":1549094660,"path_taken":["M","M","M","M","?","R","?","M","T","?","E","?","R","?","R","BOSS","M","$","?","M","M"],"build_version":"2019-01-23","purchased_purges":1,"victory":false,"max_hp_per_floor":[80,80,80,80,80,80,80,80,80,80,80,80,80,80,80,80,80,80,80,56,56,56],"card_choices":[{"not_picked":["Combust","Clothesline"],"picked":"Heavy Blade","floor":0},{"not_picked":["Reckless Charge","Cleave"],"picked":"Perfected Strike","floor":1},{"not_picked":["Clothesline","Burning Pact"],"picked":"Heavy Blade","floor":2},{"not_picked":["Iron Wave","Headbutt"],"picked":"Armaments","floor":3},{"not_picked":["Rampage","Feel No Pain","Warcry"],"picked":"SKIP","floor":4},{"not_picked":["Clash","Heavy Blade","Sword Boomerang"],"picked":"SKIP","floor":8},{"not_picked":["Fiend Fire","Blood for Blood"],"picked":"Whirlwind","floor":11},{"not_picked":["Metallicize","Cleave"],"picked":"Flex","floor":12},{"not_picked":["Berserk","Dark Embrace"],"picked":"Bludgeon","floor":16},{"not_picked":["Havoc","Anger"],"picked":"Flex","floor":18},{"not_picked":["Headbutt","Anger"],"picked":"Dual Wield+1","floor":21}],"player_experience":59603,"relics_obtained":[{"floor":9,"key":"MawBank"},{"floor":11,"key":"Tiny Chest"}],"event_choices":[{"damage_healed":0,"gold_gain":0,"player_choice":"Ignored","damage_taken":0,"max_hp_gain":0,"max_hp_loss":0,"event_name":"Liars Game","floor":5,"gold_loss":0},{"damage_healed":0,"gold_gain":75,"player_choice":"Gather Gold","damage_taken":11,"max_hp_gain":0,"max_hp_loss":0,"event_name":"World of Goop","floor":7,"gold_loss":0},{"damage_healed":0,"gold_gain":0,"player_choice":"2 cards matched","damage_taken":0,"max_hp_gain":0,"max_hp_loss":0,"event_name":"Match and Keep!","floor":10,"gold_loss":0,"cards_obtained":["Reckless Charge","Bandage Up"]},{"damage_healed":0,"gold_gain":0,"player_choice":"Entered Light","damage_taken":16,"max_hp_gain":0,"max_hp_loss":0,"event_name":"Shining Light","floor":14,"gold_loss":0,"cards_upgraded":["Bash","Strike_R"]},{"damage_healed":0,"gold_gain":0,"player_choice":"Became a vampire","damage_taken":0,"max_hp_gain":0,"max_hp_loss":24,"event_name":"Vampires","floor":20,"gold_loss":0,"cards_obtained":["Bite","Bite","Bite","Bite","Bite"]}],"is_beta":false,"boss_relics":[{"not_picked":["Black Blood","Orrery"],"picked":"Astrolabe"}],"items_purged_floors":[19],"is_endless":false,"potions_floor_spawned":[3,4,11,16,18],"killed_by":"Snake Plant","ascension_level":0}