{"gold_per_floor":[109,284,284,299,69,99,99,118,142,170,59,59,59,59,59,161,161,172,87,87,37,50,81,81,108,132,132],"floor_reached":27,"playtime":1940,"items_purged":["Doubt","Strike_G"],"score":357,"play_id":"470a18fd-e865-45b1-ae54-92a825f2b19a","local_time":"20190201201652","is_ascension_mode":true,"campfire_choices":[{"data":"Footwork","floor":7,"key":"SMITH"},{"floor":13,"key":"REST"},{"data":"Skewer","floor":15,"key":"SMITH"},{"floor":24,"key":"REST"}],"neow_cost":"NONE","seed_source_timestamp":85979418977659,"circlet_count":0,"master_deck":["Defend_G","Defend_G","Defend_G","Defend_G","Defend_G","Strike_G+1","Strike_G","Strike_G","Strike_G","Survivor","Neutralize+1","Corpse Explosion","Flechettes","Backflip","Footwork+1","Skewer+1","Deadly Poison","Dagger Spray","PiercingWail","Caltrops","Envenom+1","Dodge and Roll","Dagger Throw+1","Cloak And Dagger","Footwork"],"relics":["Ring of the Snake","Whetstone","Oddly Smooth Stone","Kunai","Smiling Mask","Sozu","Vajra","Bronze Scales","Pantograph","Happy Flower"],"potions_floor_usage":[6,10,16],"damage_taken":[{"damage":0,"enemies":"Small Slimes","floor":1,"turns":5},{"damage":1,"enemies":"2 Louse","floor":4,"turns":3},{"damage":36,"enemies":"Lagavulin","floor":6,"turns":10},{"damage":9,"enemies":"Jaw Worm","floor":8,"turns":4},{"damage":15,"enemies":"3 Sentries","floor":10,"turns":3},{"damage":23,"enemies":"The Guardian","floor":16,"turns":13},{"damage":4,"enemies":"3 Byrds","floor":18,"turns":5},{"damage":32,"enemies":"2 Thieves","floor":22,"turns":4},{"damage":12,"enemies":"Book of Stabbing","floor":23,"turns":7},{"damage":33,"enemies":"Gremlin Leader","floor":25,"turns":9},{"damage":17,"enemies":"Centurion and Healer","floor":27,"turns":4}],"seed_played":"-4705084657669738533","potions_obtained":[{"floor":1,"key":"Energy Potion"},{"floor":6,"key":"AttackPotion"},{"floor":8,"key":"Weak Potion"}],"is_trial":false,"path_per_floor":["M","?","?","M","$","E","R","M","T","E","$","T","R","$","R","B",null,"M","?","?","$","M","E","R","E","T","M"],"character_chosen":"THE_SILENT","items_purchased":["Footwork","Skewer","Caltrops","Regen Potion"],"campfire_rested":2,"item_purchase_floors":[5,5,11,11],"current_hp_per_floor":[63,63,68,67,67,31,31,22,22,7,7,7,29,29,29,21,62,58,58,58,58,26,14,36,3,3,0],"gold":132,"neow_bonus":"ONE_RANDOM_RARE_CARD","is_prod":false,"is_daily":false,"chose_seed":false,"campfire_upgraded":2,"win_rate":0,"timestamp":1549081012,"path_taken":["M","?","?","M","$","E","R","M","T","E","$","?","R","?","R","BOSS","M","?","?","$","?","E","R","E","T","M"],"build_version":"2019-01-23","purchased_purges":2,"victory":false,"max_hp_per_floor":[70,70,75,75,75,75,75,75,75,75,75,75,75,75,75,75,75,75,75,75,75,75,75,75,75,75,75],"card_choices":[{"not_picked":["Blade Dance","Deflect"],"picked":"Flechettes","floor":1},{"not_picked":["Deadly Poison","Reflex"],"picked":"Backflip","floor":4},{"not_picked":["Deflect","Blade Dance"],"picked":"Deadly Poison","floor":6},{"not_picked":["Eviscerate","Tactician"],"picked":"Dagger Spray","floor":8},{"not_picked":["Dodge and Roll","Dagger Spray"],"picked":"PiercingWail","floor":10},{"not_picked":["Doppelganger","Phantasmal Killer"],"picked":"Envenom","floor":16},{"not_picked":["Reflex","Outmaneuver+1"],"picked":"Dodge and Roll","floor":18},{"not_picked":["Crippling Poison","Bane"],"picked":"Dagger Throw+1","floor":22},{"not_picked":["Endless Agony","Slice+1"],"picked":"Cloak And Dagger","floor":23},{"not_picked":["Dagger Spray+1","Burst"],"picked":"Footwork","floor":25}],"player_experience":443155,"relics_obtained":[{"floor":6,"key":"Whetstone"},{"floor":9,"key":"Oddly Smooth Stone"},{"floor":10,"key":"Kunai"},{"floor":12,"key":"Smiling Mask"},{"floor":23,"key":"Bronze Scales"},{"floor":25,"key":"Pantograph"},{"floor":26,"key":"Happy Flower"}],"event_choices":[{"damage_healed":0,"gold_gain":175,"player_choice":"AGREE","damage_taken":0,"max_hp_gain":0,"max_hp_loss":0,"event_name":"Liars Game","floor":2,"gold_loss":0,"cards_obtained":["Doubt"]},{"damage_healed":0,"gold_gain":0,"player_choice":"Donut","damage_taken":0,"max_hp_gain":5,"max_hp_loss":0,"event_name":"Big Fish","floor":3,"gold_loss":0},{"damage_healed":0,"gold_gain":0,"player_choice":"Obtained Relic","damage_taken":0,"relics_obtained":["Vajra"],"max_hp_gain":0,"max_hp_loss":0,"event_name":"Addict","floor":19,"gold_loss":85},{"damage_healed":0,"gold_gain":0,"player_choice":"Forge","damage_taken":0,"max_hp_gain":0,"max_hp_loss":0,"event_name":"Accursed Blacksmith","floor":20,"gold_loss":0,"cards_upgraded":["Envenom"]}],"is_beta":false,"boss_relics":[{"not_picked":["Orrery","Busted Crown"],"picked":"Sozu"}],"items_purged_floors":[5,21],"is_endless":false,"potions_floor_spawned":[1,6,8,25],"killed_by":"Centurion and Healer","ascension_level":8}