{"path_per_floor":["M","?","$","M","M","R","E","M","T","M","R","?","?","$","R","B",null,"M","?","?","?","$","M","R","E","T","R","M","R","?","?","R","B",null,"M","M","?"],"character_chosen":"DEFECT","items_purchased":["Redo","Lantern"],"gold_per_floor":[115,115,115,127,147,147,172,184,211,226,226,226,226,98,98,197,197,216,216,216,216,62,78,78,111,138,138,153,153,153,76,76,175,175,189,204,204,204],"floor_reached":38,"campfire_rested":6,"playtime":2037,"item_purchase_floors":[14,22],"current_hp_per_floor":[74,62,62,61,59,82,46,36,36,37,62,55,55,55,80,36,84,56,56,56,40,40,42,42,7,7,35,37,66,66,66,96,7,96,34,38,38,0],"items_purged":["Strike_B"],"gold":204,"score":415,"play_id":"934e5808-4fa2-4d2a-9c62-31b523529664","local_time":"20180606195952","is_prod":false,"is_daily":false,"chose_seed":false,"is_ascension_mode":false,"campfire_upgraded":1,"win_rate":0.0,"timestamp":1528329592,"campfire_choices":[{"floor":6,"key":"REST"},{"floor":11,"key":"REST"},{"floor":15,"key":"REST"},{"data":"Loop","floor":24,"key":"SMITH"},{"floor":27,"key":"REST"},{"floor":29,"key":"REST"},{"floor":32,"key":"REST"}],"path_taken":["M","?","?","?","M","R","E","M","T","M","R","?","?","?","R","BOSS","M","?","?","?","$","M","R","E","T","R","M","R","?","?","R","BOSS","M","M","?","?"],"build_version":"2018-05-31","seed_source_timestamp":775711763749184,"purchased_purges":1,"victory":false,"master_deck":["Strike_B+1","Strike_B+1","Defend_B+1","Defend_B+1","Defend_B+1","Defend_B+1","Zap","Dualcast","FTL","Turbo","Genetic Algorithm+1","Ball Lightning","Multi-Cast","Redo","Biased Cognition","Streamline","Melter","Loop+1","Redo","Streamline","Redo+1","J.A.X.","Creative AI","Storm","Madness"],"max_hp_per_floor":[82,82,82,82,82,82,84,84,84,84,84,84,84,84,84,84,84,86,86,86,86,86,88,88,88,88,90,92,94,94,94,96,96,96,96,98,98,98],"relics":["Cracked Core","Strawberry","Singing Bowl","Blood Vial","Bronze Scales","Orrery","Darkstone Periapt","Enchiridion","Lantern","Boot","Dream Catcher","Inserter"],"card_choices":[{"not_picked":["Hello World","Steam"],"picked":"FTL","floor":1},{"not_picked":["Sweeping Beam","Barrage"],"picked":"Turbo","floor":4},{"not_picked":["Streamline","Hello World"],"picked":"Genetic Algorithm","floor":5},{"not_picked":["Glacier","Lockon","Turbo"],"picked":"Singing Bowl","floor":7},{"not_picked":["Sweeping Beam","Glacier"],"picked":"Ball Lightning","floor":8},{"not_picked":["Undo","Chill"],"picked":"Multi-Cast","floor":10},{"not_picked":["Rainbow","Creative AI"],"picked":"Biased Cognition","floor":16},{"not_picked":["Stack","Beam Cell"],"picked":"Streamline","floor":17},{"not_picked":["Fusion","Leap"],"picked":"Melter","floor":17},{"not_picked":["Cold Snap","Fission"],"picked":"Loop","floor":17},{"not_picked":["Cold Snap","Scrape"],"picked":"Redo","floor":17},{"not_picked":["Genetic Algorithm","Cold Snap"],"picked":"Streamline","floor":17},{"not_picked":["Compile Driver","Leap","Go for the Eyes"],"picked":"Singing Bowl","floor":18},{"not_picked":["Chaos","Heatsinks","Gash"],"picked":"Singing Bowl","floor":23},{"not_picked":["Hologram","Gash"],"picked":"Redo+1","floor":25},{"not_picked":["Barrage","Ball Lightning+1","Stack"],"picked":"Singing Bowl","floor":27},{"not_picked":["Reinforced Body","Sweeping Beam","Ball Lightning"],"picked":"Singing Bowl","floor":28},{"not_picked":["Go for the Eyes","Steam","Machine Learning"],"picked":"Singing Bowl","floor":29},{"not_picked":["Aggregate","Go for the Eyes","Cold Snap"],"picked":"Singing Bowl","floor":32},{"not_picked":["Multi-Cast","Seek"],"picked":"Creative AI","floor":33},{"not_picked":["Rebound+1","Defragment"],"picked":"Storm","floor":35},{"not_picked":["Barrage","Beam Cell+1","Stack+1"],"picked":"Singing Bowl","floor":36},{"not_picked":["Mind Blast","Purity"],"picked":"Madness","floor":37}],"player_experience":110157,"potions_floor_usage":[5,10,25,28,33,35,38,38],"damage_taken":[{"damage":8,"enemies":"Jaw Worm","floor":1,"turns":4},{"damage":1,"enemies":"Cultist","floor":4,"turns":3},{"damage":2,"enemies":"Small Slimes","floor":5,"turns":3},{"damage":38,"enemies":"3 Sentries","floor":7,"turns":7},{"damage":12,"enemies":"3 Louse","floor":8,"turns":4},{"damage":1,"enemies":"2 Fungi Beasts","floor":10,"turns":3},{"damage":46,"enemies":"Slime Boss","floor":16,"turns":11},{"damage":30,"enemies":"2 Thieves","floor":18,"turns":4},{"damage":2,"enemies":"3 Byrds","floor":23,"turns":2},{"damage":37,"enemies":"Slavers","floor":25,"turns":4},{"damage":2,"enemies":"Centurion and Healer","floor":28,"turns":3},{"damage":89,"enemies":"Automaton","floor":33,"turns":9},{"damage":62,"enemies":"3 Darklings","floor":35,"turns":5},{"damage":0,"enemies":"Orb Walker","floor":36,"turns":3},{"damage":63,"enemies":"Maw","floor":38,"turns":5}],"relics_obtained":[{"floor":7,"key":"Blood Vial"},{"floor":9,"key":"Bronze Scales"},{"floor":21,"key":"Enchiridion"},{"floor":25,"key":"Boot"},{"floor":26,"key":"Dream Catcher"}],"event_choices":[{"event_name":"Scrap Ooze","player_choice":"success","floor":2,"damage_taken":12},{"event_name":"Golden Wing","player_choice":"Card Removal","floor":12,"damage_taken":0},{"event_name":"Living Wall","player_choice":"Grow","floor":13,"damage_taken":0},{"event_name":"The Mausoleum","player_choice":"Yes","floor":19,"damage_taken":0},{"event_name":"Ghosts","player_choice":"Ignored","floor":20,"damage_taken":0},{"event_name":"Cursed Tome","player_choice":"Obtained Book","floor":21,"damage_taken":0},{"event_name":"Back to Basics","player_choice":"Simplicity","floor":30,"damage_taken":0},{"event_name":"Drug Dealer","player_choice":"Got JAXXED","floor":31,"damage_taken":0},{"event_name":"SensoryStone","player_choice":"Memory 1","floor":37,"damage_taken":0}],"boss_relics":[{"not_picked":["Black Star","Ectoplasm"],"picked":"Orrery"},{"not_picked":["Cursed Key","White Beast Statue"],"picked":"Inserter"}],"items_purged_floors":[14],"potions_floor_spawned":[1,8,16,23,25,33,35,36],"seed_played":"-6791080333543452032","killed_by":"Maw","ascension_level":0,"potions_obtained":[{"floor":1,"key":"Poison Potion"},{"floor":8,"key":"PowerPotion"},{"floor":16,"key":"GamblersBrew"},{"floor":23,"key":"FearPotion"},{"floor":25,"key":"Poison Potion"},{"floor":33,"key":"EssenceOfSteel"},{"floor":35,"key":"Fire Potion"},{"floor":36,"key":"SkillPotion"}],"is_trial":false}