{"gold_per_floor":[110,36,111,111,121,121,46,77,77,90,125,141,141,166,166,263,263,263,263,263,263,263,263,263,263,263,263,263,263,263,263,263,263,263,263,82,42,42,42,42,42,42,42,42,42,42,42,42,42,42,42,42,42,42,42],"floor_reached":56,"playtime":3572,"items_purged":["Strike_G"],"score":1502,"play_id":"2f37711e-cf1d-4779-9f0f-953815ae1fe8","local_time":"20181202131800","is_ascension_mode":true,"campfire_choices":[{"data":"Neutralize","floor":6,"key":"SMITH"},{"floor":13,"key":"REST"},{"floor":15,"key":"REST"},{"data":"Adrenaline","floor":24,"key":"SMITH"},{"floor":29,"key":"RECALL"},{"floor":32,"key":"REST"},{"floor":41,"key":"REST"},{"floor":45,"key":"REST"},{"data":"Noxious Fumes","floor":49,"key":"SMITH"},{"data":"Skewer","floor":52,"key":"SMITH"}],"neow_cost":"NONE","seed_source_timestamp":226025629029575,"circlet_count":0,"master_deck":["Survivor+1","Neutralize+1","Backflip","Backstab","Cloak And Dagger+1","Bouncing Flask","Terror","Adrenaline+1","Dodge and Roll+1","Dodge and Roll+1","Blur","Quick Slash+1","Backflip+1","Leg Sweep","Caltrops+1","Noxious Fumes+1","After Image","Underhanded Strike","Skewer+1","Underhanded Strike","Prepared","PiercingWail","Slice","Dagger Spray","Dagger Throw","Prepared+1","Panache","Setup+1","Blur","Dash+1","Noxious Fumes+1"],"relics":["Black Star","Sundial","Mercury Hourglass","Paper Crane","Peace Pipe","Tingsha","War Paint","Pen Nib","Ectoplasm","Shuriken","Ninja Scroll","PreservedInsect","Whetstone","Tiny Chest","Bag of Marbles","Pandora\u0027s Box","Mango","Torii","Boot","Anchor","Meat on the Bone","Strawberry","Centennial Puzzle","Molten Egg 2","Blue Candle","Question Card"],"potions_floor_usage":[8,8,8,11,28,28,35,39,40,47,50,50],"damage_taken":[{"damage":1,"enemies":"Jaw Worm","floor":1,"turns":8},{"damage":0,"enemies":"Cultist","floor":5,"turns":4},{"damage":13,"enemies":"Lagavulin","floor":8,"turns":8},{"damage":1,"enemies":"Small Slimes","floor":10,"turns":2},{"damage":19,"enemies":"3 Sentries","floor":11,"turns":11},{"damage":0,"enemies":"Gremlin Gang","floor":12,"turns":4},{"damage":9,"enemies":"Gremlin Nob","floor":14,"turns":4},{"damage":13,"enemies":"The Guardian","floor":16,"turns":10},{"damage":0,"enemies":"Spheric Guardian","floor":18,"turns":4},{"damage":0,"enemies":"3 Byrds","floor":19,"turns":4},{"damage":8,"enemies":"Centurion and Healer","floor":20,"turns":9},{"damage":1,"enemies":"Shelled Parasite and Fungi","floor":21,"turns":6},{"damage":2,"enemies":"Book of Stabbing","floor":23,"turns":6},{"damage":0,"enemies":"Snecko","floor":25,"turns":4},{"damage":2,"enemies":"Cultist and Chosen","floor":27,"turns":6},{"damage":5,"enemies":"Slavers","floor":28,"turns":4},{"damage":0,"enemies":"Book of Stabbing","floor":30,"turns":4},{"damage":9,"enemies":"Snake Plant","floor":31,"turns":2},{"damage":9,"enemies":"Champ","floor":33,"turns":11},{"damage":16,"enemies":"3 Darklings","floor":35,"turns":3},{"damage":3,"enemies":"3 Shapes","floor":38,"turns":2},{"damage":16,"enemies":"Writhing Mass","floor":39,"turns":5},{"damage":7,"enemies":"Nemesis","floor":40,"turns":3},{"damage":0,"enemies":"Giant Head","floor":42,"turns":7},{"damage":0,"enemies":"Nemesis","floor":44,"turns":3},{"damage":0,"enemies":"Spire Growth","floor":46,"turns":3},{"damage":0,"enemies":"Sphere and 2 Shapes","floor":47,"turns":3},{"damage":31,"enemies":"Awakened One","floor":50,"turns":12},{"damage":12,"enemies":"Shield and Spear","floor":54,"turns":5},{"damage":71,"enemies":"The Heart","floor":55,"turns":11}],"seed_played":"-9011254084218305653","potions_obtained":[{"floor":1,"key":"SkillPotion"},{"floor":4,"key":"Block Potion"},{"floor":4,"key":"SkillPotion"},{"floor":10,"key":"GamblersBrew"},{"floor":16,"key":"FearPotion"},{"floor":18,"key":"SteroidPotion"},{"floor":19,"key":"Explosive Potion"},{"floor":27,"key":"AttackPotion"},{"floor":30,"key":"SteroidPotion"},{"floor":33,"key":"PowerPotion"},{"floor":35,"key":"GhostInAJar"},{"floor":42,"key":"SpeedPotion"},{"floor":44,"key":"Swift Potion"}],"is_trial":false,"path_per_floor":["M","$","?","?","M","R","$","E","T","M","E","M","R","E","R","B",null,"M","M","M","M","?","E","R","M","T","M","E","R","E","M","R","B",null,"M","$","?","M","M","E","R","E","T","E","R","M","M","T","R","B",null,"R","$","E","B",null],"character_chosen":"THE_SILENT","items_purchased":["Backstab","Panache"],"campfire_rested":5,"item_purchase_floors":[2,36],"current_hp_per_floor":[69,69,58,58,58,58,58,45,45,44,25,25,46,37,58,45,70,70,70,62,61,61,59,59,59,59,57,52,52,52,43,64,55,70,54,54,54,51,35,42,67,67,67,74,91,91,91,91,91,60,91,91,91,79,20],"gold":42,"neow_bonus":"BOSS_RELIC","is_prod":false,"is_daily":false,"chose_seed":false,"campfire_upgraded":4,"win_rate":0,"timestamp":1543774680,"path_taken":["M","$","?","?","?","R","?","E","T","M","E","M","R","E","R","BOSS","M","M","M","M","?","E","R","M","T","M","E","R","E","?","R","BOSS","M","$","?","M","?","E","R","E","T","E","R","?","?","?","R","BOSS","R","$","E","BOSS"],"build_version":"2018-11-15","purchased_purges":1,"victory":true,"max_hp_per_floor":[70,70,70,70,70,70,70,70,70,70,70,70,70,70,70,70,70,70,70,70,70,70,70,70,70,70,70,70,70,70,70,70,70,70,70,70,70,70,70,84,84,84,84,91,91,91,91,91,91,91,91,91,91,91,91],"card_choices":[{"not_picked":["Skewer","Bane"],"picked":"Backflip","floor":1},{"not_picked":["Deadly Poison","All Out Attack"],"picked":"Cloak And Dagger","floor":5},{"not_picked":["Storm of Steel","Outmaneuver","Poisoned Stab"],"picked":"SKIP","floor":8},{"not_picked":["Acrobatics","Outmaneuver","Bane"],"picked":"SKIP","floor":10},{"not_picked":["Sucker Punch","Caltrops"],"picked":"Bouncing Flask","floor":11},{"not_picked":["Blade Dance","Riddle With Holes","Slice"],"picked":"SKIP","floor":12},{"not_picked":["Choke","Deadly Poison"],"picked":"Terror","floor":14},{"not_picked":["Envenom","Phantasmal Killer"],"picked":"Adrenaline","floor":16},{"not_picked":["Bane","Underhanded Strike"],"picked":"Dodge and Roll+1","floor":18},{"not_picked":["Skewer","Slice+1"],"picked":"Dodge and Roll+1","floor":19},{"not_picked":["Eviscerate","Blade Dance"],"picked":"Blur","floor":20},{"not_picked":["Slice+1","All Out Attack","Acrobatics"],"picked":"SKIP","floor":21},{"not_picked":["All Out Attack","Flying Knee+1"],"picked":"Backflip","floor":23},{"not_picked":["Dagger Throw","Bane"],"picked":"Leg Sweep","floor":25},{"not_picked":["Deadly Poison","Envenom"],"picked":"Caltrops+1","floor":27},{"not_picked":["Backflip","Eviscerate"],"picked":"Noxious Fumes+1","floor":28},{"not_picked":["Tactician+1","Dagger Spray","Flechettes+1"],"picked":"SKIP","floor":30},{"not_picked":["Eviscerate","Dagger Spray","Quick Slash"],"picked":"SKIP","floor":31},{"not_picked":["Tools of the Trade","Grand Finale"],"picked":"After Image","floor":33},{"not_picked":["Skewer","Dagger Throw"],"picked":"Prepared+1","floor":35},{"not_picked":["Dagger Throw+1","Flying Knee+1"],"picked":"Setup+1","floor":38},{"not_picked":["Leg Sweep","Prepared"],"picked":"Blur","floor":39},{"not_picked":["Bane","Masterful Stab+1","Blade Dance"],"picked":"SKIP","floor":40},{"not_picked":["Predator+1","Setup+1"],"picked":"Dash+1","floor":42},{"not_picked":["Infinite Blades+1","Escape Plan"],"picked":"Noxious Fumes","floor":44},{"not_picked":["Acrobatics","Slice+1","Masterful Stab+1"],"picked":"SKIP","floor":46},{"not_picked":["Choke","Dodge and Roll+1","Setup+1"],"picked":"SKIP","floor":47},{"not_picked":["Poisoned Stab+1","Bouncing Flask","Blade Dance"],"picked":"SKIP","floor":54}],"player_experience":675307,"relics_obtained":[{"floor":8,"key":"Sundial"},{"floor":8,"key":"Mercury Hourglass"},{"floor":9,"key":"Paper Crane"},{"floor":11,"key":"Peace Pipe"},{"floor":11,"key":"Tingsha"},{"floor":14,"key":"War Paint"},{"floor":14,"key":"Pen Nib"},{"floor":23,"key":"Shuriken"},{"floor":23,"key":"Ninja Scroll"},{"floor":28,"key":"PreservedInsect"},{"floor":28,"key":"Whetstone"},{"floor":30,"key":"Tiny Chest"},{"floor":30,"key":"Bag of Marbles"},{"floor":40,"key":"Mango"},{"floor":40,"key":"Torii"},{"floor":42,"key":"Boot"},{"floor":42,"key":"Anchor"},{"floor":43,"key":"Meat on the Bone"},{"floor":44,"key":"Strawberry"},{"floor":44,"key":"Centennial Puzzle"},{"floor":48,"key":"Molten Egg 2"},{"floor":54,"key":"Blue Candle"},{"floor":54,"key":"Question Card"}],"event_choices":[{"damage_healed":0,"gold_gain":75,"player_choice":"Gather Gold","damage_taken":11,"max_hp_gain":0,"max_hp_loss":0,"event_name":"World of Goop","floor":3,"gold_loss":0},{"damage_healed":0,"gold_gain":0,"player_choice":"Got Potions","damage_taken":0,"max_hp_gain":0,"max_hp_loss":0,"event_name":"Lab","floor":4,"gold_loss":0},{"damage_healed":0,"gold_gain":0,"cards_transformed":["Strike_G"],"player_choice":"Transformed","damage_taken":0,"max_hp_gain":0,"max_hp_loss":0,"event_name":"Transmorgrifier","floor":22,"gold_loss":0,"cards_obtained":["Quick Slash"]},{"damage_healed":0,"gold_gain":0,"player_choice":"Upgraded Two","damage_taken":0,"max_hp_gain":0,"max_hp_loss":0,"event_name":"Designer","floor":37,"gold_loss":40,"cards_upgraded":["Survivor","Backflip"]}],"is_beta":false,"boss_relics":[{"not_picked":["Coffee Dripper","Runic Pyramid"],"picked":"Ectoplasm"},{"not_picked":["Empty Cage","Busted Crown"],"picked":"Pandora\u0027s Box"}],"items_purged_floors":[7],"is_endless":false,"potions_floor_spawned":[1,10,16,18,19,27,30,33,35,42,44,46],"ascension_level":1}