{"gold_per_floor":[110,35,53,53,65,93,93,119,119,148,160,260,260],"floor_reached":13,"playtime":382,"items_purged":["Defend_B"],"score":108,"play_id":"98af4bac-2acc-4bd6-b1a7-331a952b28aa","local_time":"20181004200905","is_ascension_mode":true,"campfire_choices":[{"data":"Cold Snap","floor":7,"key":"SMITH"}],"neow_cost":"NONE","seed_source_timestamp":1799982874603161,"circlet_count":0,"master_deck":["Strike_B","Strike_B","Strike_B","Strike_B","Defend_B","Defend_B","Defend_B","Zap","Dualcast","Streamline+1","Beam Cell","Cold Snap+1","Doom and Gloom","Thunder Strike","Hologram","Ball Lightning","Genetic Algorithm"],"relics":["Cracked Core","NeowsBlessing","Ornamental Fan","Kunai","Pear","Prayer Wheel"],"potions_floor_usage":[],"damage_taken":[{"damage":0,"enemies":"Cultist","floor":1,"turns":1},{"damage":0,"enemies":"Small Slimes","floor":3,"turns":1},{"damage":0,"enemies":"Jaw Worm","floor":5,"turns":1},{"damage":15,"enemies":"3 Sentries","floor":6,"turns":6},{"damage":29,"enemies":"Lagavulin","floor":8,"turns":5},{"damage":12,"enemies":"Gremlin Nob","floor":10,"turns":3},{"damage":5,"enemies":"Looter","floor":11,"turns":2},{"damage":26,"enemies":"Gremlin Gang","floor":13,"turns":1}],"seed_played":"-4366227998819432263","potions_obtained":[{"floor":5,"key":"Ancient Potion"},{"floor":11,"key":"Block Potion"}],"is_trial":false,"path_per_floor":["M","$","M","?","M","E","R","E","T","E","M","?"],"character_chosen":"DEFECT","items_purchased":[],"campfire_rested":0,"item_purchase_floors":[],"current_hp_per_floor":[75,75,75,75,75,60,60,31,41,29,24,24,0],"gold":260,"neow_bonus":"THREE_ENEMY_KILL","is_prod":false,"is_daily":false,"chose_seed":false,"campfire_upgraded":1,"win_rate":0,"timestamp":1538698145,"path_taken":["M","$","M","?","M","E","R","E","T","E","M","?","M"],"build_version":"2018-10-04","purchased_purges":1,"victory":false,"max_hp_per_floor":[75,75,75,75,75,75,75,75,85,85,85,85,85],"card_choices":[{"not_picked":["Hologram","Steam"],"picked":"Streamline","floor":1},{"not_picked":["Loop","Sunder"],"picked":"Beam Cell","floor":3},{"not_picked":["BootSequence","Beam Cell"],"picked":"Cold Snap","floor":5},{"not_picked":["Glacier","Steam"],"picked":"Doom and Gloom","floor":6},{"not_picked":["Steam","Streamline"],"picked":"Thunder Strike","floor":8},{"not_picked":["Skim","Force Field"],"picked":"Hologram","floor":10},{"not_picked":["Steam","Gash"],"picked":"Ball Lightning","floor":11},{"not_picked":["Go for the Eyes","Hello World"],"picked":"Genetic Algorithm","floor":11}],"player_experience":165161,"relics_obtained":[{"floor":6,"key":"Ornamental Fan"},{"floor":8,"key":"Kunai"},{"floor":9,"key":"Pear"},{"floor":10,"key":"Prayer Wheel"}],"event_choices":[{"event_name":"Upgrade Shrine","player_choice":"Upgraded","floor":4,"damage_taken":0},{"event_name":"Wheel of Change","player_choice":"Gold","floor":12,"damage_taken":0}],"is_beta":false,"boss_relics":[],"items_purged_floors":[2],"is_endless":false,"potions_floor_spawned":[5,11],"killed_by":"Gremlin Gang","ascension_level":1}