{"gold_per_floor":[119,137,137,30,50,50,63,38,38,38,13,27,27,0,0,105,105,119,3,18,18,18,45,45,45,45,45,45,59,59,393,393,393],"floor_reached":33,"playtime":2743,"items_purged":[],"score":296,"play_id":"f54020fc-db53-4ade-b9b4-db76b5a07918","local_time":"20190102210932","is_ascension_mode":false,"campfire_choices":[{"data":"Combust","floor":6.0,"key":"SMITH"},{"data":"Reaper","floor":10.0,"key":"SMITH"},{"data":"Inflame","floor":13.0,"key":"SMITH"},{"floor":15.0,"key":"REST"},{"data":"Dark Embrace","floor":24.0,"key":"SMITH"},{"data":"Double Tap","floor":28.0,"key":"SMITH"},{"floor":32,"key":"REST"}],"neow_cost":"NONE","seed_source_timestamp":0,"circlet_count":0,"master_deck":["Defend_R","Defend_R","Defend_R","Defend_R","Bash","Purity","Cleave","Armaments+1","Combust+1","Heavy Blade","Inflame+1","Reaper+1","Clothesline","Thunderclap","Heavy Blade","Double Tap+1","Fire Breathing","Fire Breathing","Twin Strike","Heavy Blade+1","Necronomicurse","Bite","Bite","Bite","Bite","Bite","Dark Embrace+1","Uppercut+1"],"special_seed":0,"relics":["Burning Blood","Pear","Happy Flower","Black Star","Necronomicon","Letter Opener","Question Card","MutagenicStrength","Ancient Tea Set","Potion Belt","Old Coin"],"potions_floor_usage":[],"damage_taken":[{"damage":2.0,"enemies":"2 Louse","floor":1.0,"turns":3.0},{"damage":5.0,"enemies":"Jaw Worm","floor":2.0,"turns":4.0},{"damage":3.0,"enemies":"Small Slimes","floor":5.0,"turns":3.0},{"damage":20.0,"enemies":"3 Louse","floor":7.0,"turns":2.0},{"damage":19.0,"enemies":"2 Fungi Beasts","floor":12.0,"turns":3.0},{"damage":40.0,"enemies":"Slime Boss","floor":16.0,"turns":7.0},{"damage":29.0,"enemies":"3 Byrds","floor":18.0,"turns":4.0},{"damage":24.0,"enemies":"Chosen","floor":20.0,"turns":6.0},{"damage":37.0,"enemies":"Gremlin Leader","floor":23.0,"turns":5.0},{"damage":29.0,"enemies":"Centurion and Healer","floor":29.0,"turns":5.0},{"damage":54.0,"enemies":"Book of Stabbing","floor":31.0,"turns":6.0},{"damage":54,"enemies":"Champ","floor":33,"turns":7}],"seed_played":"1690528379986495055","potions_obtained":[{"floor":5.0,"key":"SpeedPotion"},{"floor":7.0,"key":"Fruit Juice"},{"floor":16.0,"key":"GamblersBrew"},{"floor":18.0,"key":"BloodPotion"}],"is_trial":false,"path_per_floor":["M","M","?","$","M","R","M","$","T","R","$","M","R","?","R","B",null,"M","$","M","?","?","E","R","?","T","?","R","M","$","E","E","R","B"],"character_chosen":"IRONCLAD","items_purchased":["Combust","Heavy Blade","Clothesline","Thunderclap","Fire Breathing","Twin Strike"],"campfire_rested":2,"item_purchase_floors":[4,4,8,11,19,19],"current_hp_per_floor":[80,80,78,78,81,81,72,72,72,72,72,66,66,66,94,84,95,86,86,68,52,52,49,49,49,49,49,49,30,30,10,29,0],"gold":393,"neow_bonus":"RANDOM_COLORLESS","is_prod":false,"is_daily":false,"chose_seed":false,"campfire_upgraded":5,"win_rate":0.0,"timestamp":1546481372,"path_taken":["M","M","?","$","M","R","M","$","T","R","$","M","R","?","R","BOSS","M","$","M","?","?","E","R","?","T","?","R","?","$","E","R","BOSS"],"build_version":"2018-12-20","purchased_purges":0,"victory":false,"max_hp_per_floor":[80,80,90,90,90,90,95,95,95,95,95,95,95,95,95,95,95,95,95,95,95,66,66,66,66,66,66,66,66,66,66,66,66],"card_choices":[{"not_picked":["Perfected Strike","Shrug It Off"],"picked":"Cleave","floor":1.0},{"not_picked":["Flex","Clothesline"],"picked":"Armaments","floor":2.0},{"not_picked":["Searing Blow","Armaments"],"picked":"Inflame","floor":5.0},{"not_picked":["Power Through","Spot Weakness"],"picked":"Reaper","floor":7.0},{"not_picked":["Flex","Body Slam"],"picked":"Heavy Blade","floor":12.0},{"not_picked":["Berserk","Impervious"],"picked":"Double Tap","floor":16.0},{"not_picked":["Reckless Charge","Flex"],"picked":"Fire Breathing","floor":18.0},{"not_picked":["Headbutt","True Grit"],"picked":"Heavy Blade+1","floor":20.0},{"not_picked":["Fiend Fire","Cleave"],"picked":"Dark Embrace","floor":23.0},{"not_picked":["Clothesline","Perfected Strike","Pommel Strike","Iron Wave"],"picked":"SKIP","floor":29.0},{"not_picked":["Feed","Armaments+1","True Grit+1"],"picked":"Uppercut+1","floor":31}],"player_experience":12768,"relics_obtained":[{"floor":9.0,"key":"Happy Flower"},{"floor":21.0,"key":"Necronomicon"},{"floor":23.0,"key":"Letter Opener"},{"floor":23.0,"key":"Question Card"},{"floor":26.0,"key":"Ancient Tea Set"},{"floor":31,"key":"Potion Belt"},{"floor":31,"key":"Old Coin"}],"event_choices":[{"damage_healed":0.0,"max_hp_gain":0.0,"max_hp_loss":0.0,"gold_gain":0.0,"event_name":"Scrap Ooze","player_choice":"Success","floor":3.0,"gold_loss":0.0,"damage_taken":12.0,"relics_obtained":["Pear"]},{"damage_healed":0.0,"max_hp_gain":0.0,"max_hp_loss":0.0,"gold_gain":0.0,"event_name":"World of Goop","player_choice":"Left Gold","floor":14.0,"gold_loss":27.0,"damage_taken":0.0},{"damage_healed":0.0,"max_hp_gain":0.0,"max_hp_loss":0.0,"gold_gain":0.0,"event_name":"Cursed Tome","player_choice":"Obtained Book","floor":21.0,"gold_loss":0.0,"damage_taken":16.0},{"damage_healed":0.0,"max_hp_gain":0.0,"max_hp_loss":29.0,"gold_gain":0.0,"event_name":"Vampires","player_choice":"Became a vampire","floor":22.0,"gold_loss":0.0,"damage_taken":0.0,"cards_obtained":["Bite","Bite","Bite","Bite","Bite"]},{"damage_healed":0.0,"max_hp_gain":0.0,"max_hp_loss":0.0,"gold_gain":0.0,"event_name":"Drug Dealer","player_choice":"Inject Mutagens","floor":25.0,"gold_loss":0.0,"damage_taken":0.0,"relics_obtained":["MutagenicStrength"]},{"damage_healed":0.0,"max_hp_gain":0.0,"max_hp_loss":0.0,"gold_gain":0.0,"event_name":"Upgrade Shrine","player_choice":"Upgraded","floor":27.0,"gold_loss":0.0,"damage_taken":0.0,"cards_upgraded":["Armaments"]}],"is_beta":false,"boss_relics":[{"not_picked":["Black Blood","Runic Pyramid"],"picked":"Black Star"}],"items_purged_floors":[],"is_endless":false,"potions_floor_spawned":[5,7,16,18],"killed_by":"Champ","ascension_level":0}