{"gold_per_floor":[109,61,61,136,84,84,95,130,130,130,156,5,105,121,121,221,221,238,51,63,63,77,110,121,148,148,174,174,192,210,235,235,335,335,351,369,107,120,220,246,246,261,261,261,261,261,261,261,261,261],"floor_reached":50,"playtime":1727,"items_purged":["FTL"],"score":1109,"play_id":"f67bc4e5-3ff2-435b-b91c-795b156184ff","local_time":"20181215215725","is_ascension_mode":true,"campfire_choices":[{"data":"Zap","floor":6,"key":"SMITH"},{"data":"1","floor":10,"key":"LIFT"},{"data":"2","floor":15,"key":"LIFT"},{"data":"3","floor":32,"key":"LIFT"},{"data":"Apotheosis","floor":41,"key":"SMITH"},{"floor":46,"key":"RECALL"},{"floor":49,"key":"REST"}],"neow_cost":"NONE","seed_source_timestamp":110144139368765,"circlet_count":0,"master_deck":["AscendersBane","Zap+1","Gash","Gash","Leap","Gash","Hologram","All For One","Beam Cell","Gash","Go for the Eyes","Core Surge","Aggregate","Buffer","Compile Driver","FTL","All For One","Turbo","Steam Power","Steam","Undo","Skim+1","Streamline+1","Stack+1","Steam Power+1","Go for the Eyes","Core Surge","Turbo","Apotheosis+1","Conserve Battery+1","Hologram+1","Madness","Madness","Echo Form","Secret Weapon"],"relics":["Cracked Core","NeowsBlessing","Shuriken","Girya","Meat on the Bone","Pandora\u0027s Box","PreservedInsect","Omamori","Juzu Bracelet","Bottled Lightning","WingedGreaves","Cables","Empty Cage","Torii","Peace Pipe","Calipers"],"potions_floor_usage":[16,24,33,33,50,50],"damage_taken":[{"damage":0,"enemies":"Jaw Worm","floor":1,"turns":1},{"damage":0,"enemies":"Small Slimes","floor":7,"turns":1},{"damage":0,"enemies":"3 Sentries","floor":8,"turns":1},{"damage":11,"enemies":"Lagavulin","floor":11,"turns":6},{"damage":0,"enemies":"Cultist","floor":14,"turns":2},{"damage":16,"enemies":"Hexaghost","floor":16,"turns":4},{"damage":0,"enemies":"3 Byrds","floor":18,"turns":2},{"damage":30,"enemies":"2 Thieves","floor":20,"turns":3},{"damage":8,"enemies":"Chosen and Byrds","floor":22,"turns":2},{"damage":0,"enemies":"Book of Stabbing","floor":23,"turns":2},{"damage":4,"enemies":"Snecko","floor":24,"turns":4},{"damage":16,"enemies":"Slavers","floor":25,"turns":2},{"damage":0,"enemies":"Gremlin Leader","floor":27,"turns":2},{"damage":17,"enemies":"Snake Plant","floor":29,"turns":3},{"damage":6,"enemies":"Chosen and Byrds","floor":30,"turns":2},{"damage":0,"enemies":"Slavers","floor":31,"turns":1},{"damage":35,"enemies":"Automaton","floor":33,"turns":5},{"damage":3,"enemies":"3 Shapes","floor":35,"turns":2},{"damage":0,"enemies":"Orb Walker","floor":36,"turns":1},{"damage":4,"enemies":"Maw","floor":38,"turns":4},{"damage":0,"enemies":"Mind Bloom Boss Battle","floor":39,"turns":3},{"damage":0,"enemies":"Giant Head","floor":40,"turns":1},{"damage":0,"enemies":"Spire Growth","floor":42,"turns":2},{"damage":72,"enemies":"Awakened One","floor":50,"turns":5}],"seed_played":"-1743898825274658421","potions_obtained":[{"floor":7,"key":"Energy Potion"},{"floor":8,"key":"LiquidBronze"},{"floor":23,"key":"PowerPotion"},{"floor":24,"key":"Energy Potion"},{"floor":25,"key":"PowerPotion"},{"floor":33,"key":"PowerPotion"},{"floor":38,"key":"Dexterity Potion"},{"floor":39,"key":"AttackPotion"}],"is_trial":false,"path_per_floor":["M","$","?","?","$","R","M","E","T","R","E","$","?","M","R","B",null,"M","$","M","?","M","E","M","E","T","E","?","M","M","E","R","B",null,"M","M","$","M","?","E","R","M","T","?","?","R","?","?","R","B"],"character_chosen":"DEFECT","items_purchased":["Gash","Leap","Beam Cell","Hologram","Gash","PreservedInsect","Steam Power","Apotheosis"],"campfire_rested":1,"item_purchase_floors":[2,5,12,12,12,19,19,37],"current_hp_per_floor":[68,68,61,50,50,50,50,50,50,50,39,39,39,39,39,35,65,65,65,47,33,37,49,45,41,41,41,67,50,44,44,44,21,65,62,62,62,58,58,58,58,58,58,48,48,48,48,48,72,0],"gold":261,"neow_bonus":"THREE_ENEMY_KILL","is_prod":false,"is_daily":false,"chose_seed":false,"campfire_upgraded":2,"win_rate":0,"timestamp":1544929045,"path_taken":["M","$","?","?","$","R","M","E","T","R","E","?","?","M","R","BOSS","M","$","?","?","M","E","M","E","T","E","?","M","M","E","R","BOSS","M","M","$","M","?","E","R","M","T","?","?","R","?","?","R","BOSS"],"build_version":"2018-12-13","purchased_purges":1,"victory":false,"max_hp_per_floor":[75,75,75,75,75,75,75,75,75,75,75,75,75,75,75,75,75,75,75,75,80,80,80,80,80,80,80,80,80,80,80,80,80,80,80,80,80,80,80,80,80,80,80,80,80,80,80,80,80,80],"card_choices":[{"not_picked":["Redo","Self Repair"],"picked":"Gash","floor":1},{"not_picked":["Reprogram","Compile Driver"],"picked":"Gash","floor":7},{"not_picked":["Lockon","FTL"],"picked":"Hologram","floor":8},{"not_picked":["Ball Lightning","Reprogram"],"picked":"All For One","floor":11},{"not_picked":["Leap","Streamline"],"picked":"Go for the Eyes","floor":14},{"not_picked":["Amplify","Electrodynamics"],"picked":"Core Surge","floor":16},{"not_picked":["Compile Driver","Hologram","Sunder"],"picked":"SKIP","floor":18},{"not_picked":["Chaos+1","Barrage"],"picked":"Steam","floor":20},{"not_picked":["Sunder","Go for the Eyes"],"picked":"Undo","floor":22},{"not_picked":["Rebound","Reinforced Body+1"],"picked":"Skim+1","floor":23},{"not_picked":["Conserve Battery","Capacitor+1"],"picked":"Streamline+1","floor":24},{"not_picked":["Fission","Steam"],"picked":"Stack+1","floor":25},{"not_picked":["Turbo","Static Discharge"],"picked":"Steam Power+1","floor":27},{"not_picked":["Redo","Compile Driver+1"],"picked":"Go for the Eyes","floor":29},{"not_picked":["Leap","Sunder+1","Sweeping Beam"],"picked":"SKIP","floor":30},{"not_picked":["Streamline","Reinforced Body","Rebound+1"],"picked":"SKIP","floor":31},{"not_picked":["Amplify","Hyperbeam"],"picked":"Core Surge","floor":33},{"not_picked":["FTL+1","Sweeping Beam"],"picked":"Turbo","floor":35},{"not_picked":["Compile Driver","Sweeping Beam+1","Chaos+1"],"picked":"SKIP","floor":36},{"not_picked":["Barrage","Capacitor"],"picked":"Conserve Battery+1","floor":38},{"not_picked":["Reboot","Loop+1","Cold Snap"],"picked":"SKIP","floor":40},{"not_picked":["Chill+1","Redo+1"],"picked":"Hologram+1","floor":42},{"not_picked":["Mind Blast","Panacea"],"picked":"Secret Weapon","floor":48}],"player_experience":346160,"relics_obtained":[{"floor":8,"key":"Girya"},{"floor":11,"key":"Meat on the Bone"},{"floor":23,"key":"Omamori"},{"floor":25,"key":"Juzu Bracelet"},{"floor":26,"key":"Bottled Lightning"},{"floor":27,"key":"WingedGreaves"},{"floor":31,"key":"Cables"},{"floor":39,"key":"Torii"},{"floor":40,"key":"Peace Pipe"},{"floor":43,"key":"Calipers"}],"event_choices":[{"damage_healed":0,"gold_gain":0,"player_choice":"Success","damage_taken":7,"relics_obtained":["Shuriken"],"max_hp_gain":0,"max_hp_loss":0,"event_name":"Scrap Ooze","floor":3,"gold_loss":0},{"damage_healed":0,"gold_gain":75,"player_choice":"Gather Gold","damage_taken":11,"max_hp_gain":0,"max_hp_loss":0,"event_name":"World of Goop","floor":4,"gold_loss":0},{"damage_healed":0,"gold_gain":100,"player_choice":"Pray","damage_taken":0,"max_hp_gain":0,"max_hp_loss":0,"event_name":"Golden Shrine","floor":13,"gold_loss":0},{"damage_healed":0,"gold_gain":0,"player_choice":"Shed Blood","damage_taken":19,"max_hp_gain":5,"max_hp_loss":0,"event_name":"Forgotten Altar","floor":21,"gold_loss":0},{"damage_healed":26,"gold_gain":0,"player_choice":"Heal","damage_taken":0,"max_hp_gain":0,"max_hp_loss":0,"event_name":"The Library","floor":28,"gold_loss":0},{"damage_healed":0,"gold_gain":0,"player_choice":"Fight","damage_taken":0,"max_hp_gain":0,"max_hp_loss":0,"event_name":"MindBloom","floor":39,"gold_loss":0},{"damage_healed":0,"gold_gain":0,"player_choice":"Embrace Madness","damage_taken":10,"max_hp_gain":0,"max_hp_loss":0,"event_name":"Winding Halls","floor":44,"gold_loss":0,"cards_obtained":["Madness","Madness"]},{"damage_healed":0,"gold_gain":0,"cards_transformed":["Hologram"],"player_choice":"Transformed","damage_taken":0,"max_hp_gain":0,"max_hp_loss":0,"event_name":"Transmorgrifier","floor":45,"gold_loss":0,"cards_obtained":["Echo Form"]},{"damage_healed":0,"gold_gain":0,"player_choice":"Ignored","damage_taken":0,"max_hp_gain":0,"max_hp_loss":0,"event_name":"Tomb of Lord Red Mask","floor":47,"gold_loss":0},{"damage_healed":0,"gold_gain":0,"player_choice":"Memory 1","damage_taken":0,"max_hp_gain":0,"max_hp_loss":0,"event_name":"SensoryStone","floor":48,"gold_loss":0}],"is_beta":false,"boss_relics":[{"not_picked":["Lizard Tail","Calling Bell"],"picked":"Pandora\u0027s Box"},{"not_picked":["White Beast Statue","Runic Dome"],"picked":"Empty Cage"}],"items_purged_floors":[37],"is_endless":false,"potions_floor_spawned":[7,8,23,24,25,30,33,38,39,42],"killed_by":"Awakened One","ascension_level":10}