{"gold_per_floor":[119,129,139,139,1,1,19,19,19,19,32,61,61,73,73,151,151,166,166,166,166,179,179,192,112,191,209,226,14,14],"floor_reached":30,"playtime":1211,"items_purged":["Writhe"],"score":464,"play_id":"f36c72df-f83f-4fee-b733-3a8d3fc1f46f","local_time":"20181101191803","is_ascension_mode":true,"campfire_choices":[{"data":"Neutralize","floor":6,"key":"SMITH"},{"data":"Poisoned Stab","floor":8,"key":"SMITH"},{"data":"Dagger Throw","floor":10,"key":"SMITH"},{"data":"Catalyst","floor":13,"key":"SMITH"},{"data":"Well Laid Plans","floor":15,"key":"SMITH"},{"data":"Deadly Poison","floor":23,"key":"SMITH"}],"neow_cost":"NONE","seed_source_timestamp":1920653115300,"circlet_count":0,"master_deck":["AscendersBane","Defend_G+1","Defend_G","Defend_G","Defend_G+1","Defend_G","Strike_G","Strike_G","Strike_G","Survivor","Neutralize+1","Acrobatics","Dagger Throw+1","Poisoned Stab+1","Well Laid Plans+1","Cloak And Dagger","Backflip","Infinite Blades","Catalyst+1","Terror","Malaise","Deadly Poison+1","Ghostly","Ghostly","Ghostly","All Out Attack","Dash+1","Catalyst","Footwork","Dodge and Roll","Noxious Fumes","PiercingWail"],"relics":["Coffee Dripper","Gremlin Horn","War Paint","Sozu","Dodecahedron","Sundial"],"potions_floor_usage":[12,12],"damage_taken":[{"damage":3,"enemies":"Cultist","floor":1,"turns":5},{"damage":4,"enemies":"Jaw Worm","floor":2,"turns":5},{"damage":0,"enemies":"2 Louse","floor":3,"turns":2},{"damage":4,"enemies":"Large Slime","floor":7,"turns":5},{"damage":9,"enemies":"Red Slaver","floor":11,"turns":4},{"damage":8,"enemies":"Gremlin Nob","floor":12,"turns":3},{"damage":0,"enemies":"Looter","floor":14,"turns":4},{"damage":10,"enemies":"Hexaghost","floor":16,"turns":9},{"damage":26,"enemies":"3 Byrds","floor":18,"turns":7},{"damage":2,"enemies":"Chosen","floor":22,"turns":5},{"damage":0,"enemies":"Snake Plant","floor":24,"turns":5},{"damage":9,"enemies":"3 Cultists","floor":27,"turns":8},{"damage":2,"enemies":"Snecko","floor":28,"turns":5},{"damage":22,"enemies":"Centurion and Healer","floor":30,"turns":4}],"seed_played":"5807797662284346233","potions_obtained":[{"floor":2,"key":"Ancient Potion"},{"floor":3,"key":"Poison Potion"},{"floor":11,"key":"FearPotion"}],"is_trial":false,"path_per_floor":["M","M","M","?","$","R","M","R","T","R","M","E","R","M","R","B",null,"M","?","?","?","M","R","M","$","T","M","M","$","M"],"character_chosen":"THE_SILENT","items_purchased":["Well Laid Plans","Cloak And Dagger","Catalyst","Noxious Fumes","PiercingWail"],"campfire_rested":0,"item_purchase_floors":[5,5,25,29,29],"current_hp_per_floor":[56,52,52,52,52,52,48,48,48,48,39,31,31,31,31,21,55,29,29,29,29,27,27,27,27,27,18,16,16,0],"gold":14,"neow_bonus":"BOSS_RELIC","is_prod":false,"is_daily":false,"chose_seed":false,"campfire_upgraded":6,"win_rate":0,"timestamp":1541114283,"path_taken":["M","M","?","?","$","R","M","R","T","R","M","E","R","?","R","BOSS","M","?","?","?","?","R","M","?","T","M","M","$","M"],"build_version":"2018-11-01","purchased_purges":1,"victory":false,"max_hp_per_floor":[66,66,66,66,66,66,66,66,66,66,66,66,66,66,66,66,66,66,66,33,33,33,33,33,33,33,33,33,33,33],"card_choices":[{"not_picked":["Slice","Bane"],"picked":"Acrobatics","floor":1},{"not_picked":["PiercingWail","Expertise"],"picked":"Dagger Throw","floor":2},{"not_picked":["Quick Slash","Caltrops"],"picked":"Poisoned Stab","floor":3},{"not_picked":["Acrobatics","Choke"],"picked":"Backflip","floor":7},{"not_picked":["Outmaneuver","Prepared"],"picked":"Infinite Blades","floor":11},{"not_picked":["Dagger Throw","Distraction"],"picked":"Catalyst","floor":12},{"not_picked":["Masterful Stab","Doppelganger"],"picked":"Terror","floor":14},{"not_picked":["Unload","Glass Knife"],"picked":"Malaise","floor":16},{"not_picked":["Riddle With Holes+1","Prepared"],"picked":"Deadly Poison","floor":18},{"not_picked":["Underhanded Strike+1","Outmaneuver","Dagger Throw"],"picked":"SKIP","floor":22},{"not_picked":["Flying Knee","Calculated Gamble+1"],"picked":"Dash+1","floor":24},{"not_picked":["Leg Sweep","Flying Knee"],"picked":"Footwork","floor":27},{"not_picked":["Setup","Unload"],"picked":"Dodge and Roll","floor":28}],"player_experience":1586644,"relics_obtained":[{"floor":9,"key":"Gremlin Horn"},{"floor":12,"key":"War Paint"},{"floor":26,"key":"Sundial"}],"event_choices":[{"cards_removed":["Strike_G"],"damage_healed":0,"gold_gain":0,"player_choice":"Offered Basic","damage_taken":0,"max_hp_gain":0,"max_hp_loss":0,"event_name":"Bonfire Elementals","floor":4,"gold_loss":0},{"damage_healed":0,"gold_gain":0,"player_choice":"Opened","damage_taken":0,"relics_obtained":["Dodecahedron"],"max_hp_gain":0,"max_hp_loss":0,"event_name":"The Mausoleum","floor":19,"gold_loss":0,"cards_obtained":["Writhe"]},{"damage_healed":0,"gold_gain":0,"player_choice":"Became a Ghost","damage_taken":0,"max_hp_gain":0,"max_hp_loss":33,"event_name":"Ghosts","floor":20,"gold_loss":0,"cards_obtained":["Ghostly","Ghostly","Ghostly"]},{"damage_healed":0,"gold_gain":0,"cards_transformed":["Strike_G"],"player_choice":"Transformed","damage_taken":0,"max_hp_gain":0,"max_hp_loss":0,"event_name":"Transmorgrifier","floor":21,"gold_loss":0,"cards_obtained":["All Out Attack"]}],"is_beta":true,"boss_relics":[{"not_picked":["Ectoplasm","HoveringKite"],"picked":"Sozu"}],"items_purged_floors":[29],"is_endless":false,"potions_floor_spawned":[2,3,11,22,27],"killed_by":"Centurion and Healer","ascension_level":20}