{"gold_per_floor":[112,212,212,144,144,144,158,186,213,213,248,21,38,50,50,153,153,167,266,119,119,139,164,164,183,183,195,226,33,33,51,51,151,151,171,171,185,185,201,229,229,77,127,177,0,0,15,115,115,115],"floor_reached":51,"playtime":4032,"items_purged":[],"score":971,"play_id":"3d284b24-273d-4156-a264-24c31e5bf9d6","local_time":"20180725185319","daily_mods":["Draft"],"is_ascension_mode":false,"campfire_choices":[{"data":"Loop","floor":6,"key":"SMITH"},{"data":"Loop","floor":10,"key":"SMITH"},{"data":"Loop","floor":15,"key":"SMITH"},{"data":"Loop","floor":24,"key":"SMITH"},{"data":"Rainbow","floor":32,"key":"SMITH"},{"data":"Barrage","floor":41,"key":"SMITH"},{"data":"Creative AI","floor":46,"key":"SMITH"},{"data":"Mayhem","floor":49,"key":"SMITH"}],"neow_cost":"","seed_source_timestamp":110955204238873,"circlet_count":0,"master_deck":["Double Energy","Barrage+1","Cold Snap","Coolheaded","Conserve Battery","Coolheaded","Go for the Eyes","Loop+1","Force Field","Turbo","Conserve Battery","Heatsinks","Ball Lightning+1","Turbo","Loop+1","Zap","Loop+1","Coolheaded","Creative AI+1","Reboot","Loop+1","Mayhem+1","Steam","Go for the Eyes","Rainbow+1","Beam Cell","Go for the Eyes+1","Turbo","Capacitor","Streamline+1","White Noise","Ghostly","Ghostly","Ghostly","Ghostly","Ghostly","Melter+1","All For One","Ball Lightning+1","Beam Cell+1","Turbo+1","Coolheaded+1","Capacitor","BootSequence","Go for the Eyes+1"],"relics":["Cracked Core","Incense Burner","Cables","Omamori","Orichalcum","Cursed Key","Lantern","Happy Flower","Bottled Lightning","Ancient Tea Set","HandDrill","Eternal Feather","The Courier","Whetstone","Bronze Scales","Thread and Needle","Red Mask"],"potions_floor_usage":[25,28,44,44,50,50],"damage_taken":[{"damage":4,"enemies":"Cultist","floor":1,"turns":3},{"damage":9,"enemies":"2 Louse","floor":7,"turns":2},{"damage":8,"enemies":"Gremlin Nob","floor":8,"turns":5},{"damage":5,"enemies":"Lagavulin","floor":11,"turns":5},{"damage":9,"enemies":"Small Slimes","floor":13,"turns":3},{"damage":5,"enemies":"2 Fungi Beasts","floor":14,"turns":4},{"damage":2,"enemies":"Slime Boss","floor":16,"turns":8},{"damage":8,"enemies":"3 Byrds","floor":18,"turns":5},{"damage":2,"enemies":"Chosen","floor":22,"turns":3},{"damage":0,"enemies":"Book of Stabbing","floor":23,"turns":5},{"damage":0,"enemies":"Centurion and Healer","floor":25,"turns":6},{"damage":2,"enemies":"Cultist and Chosen","floor":27,"turns":8},{"damage":24,"enemies":"Gremlin Leader","floor":28,"turns":6},{"damage":4,"enemies":"Chosen and Byrds","floor":31,"turns":5},{"damage":0,"enemies":"Champ","floor":33,"turns":11},{"damage":0,"enemies":"3 Shapes","floor":35,"turns":8},{"damage":0,"enemies":"Flame Bruiser 1 Orb","floor":37,"turns":4},{"damage":0,"enemies":"Transient","floor":39,"turns":5},{"damage":8,"enemies":"2 Orb Walkers","floor":40,"turns":7},{"damage":16,"floor":44,"turns":4},{"damage":19,"enemies":"Maw","floor":47,"turns":8},{"damage":24,"enemies":"Time Eater","floor":50,"turns":14}],"seed_played":"2295699336728097295","potions_obtained":[{"floor":1,"key":"GamblersBrew"},{"floor":11,"key":"SneckoOil"},{"floor":14,"key":"Explosive Potion"},{"floor":22,"key":"SteroidPotion"},{"floor":23,"key":"Fruit Juice"},{"floor":35,"key":"Poison Potion"},{"floor":39,"key":"AttackPotion"},{"floor":47,"key":"Energy Potion"}],"is_trial":true,"path_per_floor":["M","?","?","$","?","R","M","E","T","R","E","$","M","M","R","B",null,"M","?","$","?","M","E","R","M","T","M","E","$","?","M","R","B",null,"M","?","M","$","M","E","R","$","T","?","?","R","M","?","R","B"],"character_chosen":"DEFECT","items_purchased":["Loop","Loop","Mayhem","Lantern","HandDrill","Capacitor","Whetstone"],"campfire_rested":0,"item_purchase_floors":[4,12,12,20,29,42,42],"current_hp_per_floor":[71,71,71,71,71,71,62,54,54,54,49,49,40,35,35,33,75,67,67,67,67,65,65,65,70,70,68,44,44,40,36,36,40,40,40,40,40,40,40,32,40,40,40,24,24,40,21,21,40,16],"gold":115,"neow_bonus":"","is_prod":false,"is_daily":false,"chose_seed":false,"campfire_upgraded":8,"win_rate":0,"timestamp":1532512399,"path_taken":["M","?","?","$","?","R","?","E","T","R","E","?","M","M","R","BOSS","M","?","$","?","M","E","R","M","T","?","E","$","?","?","R","BOSS","M","?","?","$","M","E","R","$","T","?","?","R","?","?","R","BOSS"],"build_version":"2018-07-24","purchased_purges":0,"victory":true,"max_hp_per_floor":[75,75,75,75,75,75,75,75,75,75,75,75,75,75,75,75,75,75,75,75,75,75,75,75,80,80,80,80,80,40,40,40,40,40,40,40,40,40,40,40,40,40,40,40,40,40,40,40,40,40],"card_choices":[{"not_picked":["Compile Driver","Redo"],"picked":"Double Energy","floor":0},{"not_picked":["Fusion","Genetic Algorithm"],"picked":"Barrage","floor":0},{"not_picked":["Tempest","Auto Shields"],"picked":"Cold Snap","floor":0},{"not_picked":["Leap","Gash"],"picked":"Coolheaded","floor":0},{"not_picked":["Reprogram","Sweeping Beam"],"picked":"Conserve Battery","floor":0},{"not_picked":["Beam Cell","Cold Snap"],"picked":"Coolheaded","floor":0},{"not_picked":["Fusion","Barrage"],"picked":"Go for the Eyes","floor":0},{"not_picked":["Leap","Sweeping Beam"],"picked":"Loop","floor":0},{"not_picked":["Compile Driver","Darkness"],"picked":"Force Field","floor":0},{"not_picked":["Reprogram","Streamline"],"picked":"Turbo","floor":0},{"not_picked":["Barrage","Hologram"],"picked":"Conserve Battery","floor":0},{"not_picked":["Skim","Scrape"],"picked":"Heatsinks","floor":0},{"not_picked":["Gash","Skim"],"picked":"Ball Lightning","floor":0},{"not_picked":["Undo","Consume"],"picked":"Ball Lightning","floor":0},{"not_picked":["Go for the Eyes","Beam Cell"],"picked":"Turbo","floor":0},{"not_picked":["Auto Shields","Rebound"],"picked":"Loop","floor":1},{"not_picked":["Force Field","Beam Cell"],"picked":"Coolheaded","floor":7},{"not_picked":["Compile Driver","Thunder Strike"],"picked":"Creative AI","floor":8},{"not_picked":["Undo","Beam Cell"],"picked":"Reboot","floor":11},{"not_picked":["Heatsinks","Sweeping Beam"],"picked":"Steam","floor":13},{"not_picked":["Reprogram","Conserve Battery"],"picked":"Go for the Eyes","floor":14},{"not_picked":["Hyperbeam","Meteor Strike"],"picked":"Rainbow","floor":16},{"not_picked":["Leap","Cold Snap"],"picked":"Beam Cell","floor":18},{"not_picked":["Undo","Steam+1"],"picked":"Go for the Eyes+1","floor":22},{"not_picked":["Reinforced Body","Barrage"],"picked":"Turbo","floor":23},{"not_picked":["Hello World+1","Thunder Strike"],"picked":"Capacitor","floor":25},{"not_picked":["Rebound","Scrape"],"picked":"Streamline+1","floor":27},{"not_picked":["Heatsinks+1","Tempest"],"picked":"White Noise","floor":28},{"not_picked":["Undo","Steam"],"picked":"Melter+1","floor":31},{"not_picked":["Hyperbeam","Meteor Strike"],"picked":"All For One","floor":33},{"not_picked":["FTL","Go for the Eyes+1"],"picked":"Ball Lightning+1","floor":35},{"not_picked":["Reinforced Body","Gash+1"],"picked":"Beam Cell","floor":37},{"not_picked":["Sweeping Beam+1","Rainbow"],"picked":"Turbo+1","floor":39},{"not_picked":["Rebound","Meteor Strike"],"picked":"Coolheaded+1","floor":40},{"not_picked":["Sweeping Beam+1","Undo+1"],"picked":"BootSequence","floor":44},{"not_picked":["Rip and Tear+1","Hologram"],"picked":"Go for the Eyes+1","floor":47}],"player_experience":292906,"relics_obtained":[{"floor":8,"key":"Cables"},{"floor":9,"key":"Omamori"},{"floor":11,"key":"Orichalcum"},{"floor":23,"key":"Happy Flower"},{"floor":26,"key":"Bottled Lightning"},{"floor":28,"key":"Ancient Tea Set"},{"floor":40,"key":"The Courier"},{"floor":43,"key":"Bronze Scales"},{"floor":44,"key":"Thread and Needle"}],"event_choices":[{"event_name":"Golden Shrine","player_choice":"Pray","floor":2,"damage_taken":0},{"event_name":"Match and Keep!","player_choice":"1 cards matched","floor":3,"damage_taken":0},{"event_name":"Big Fish","player_choice":"Box","floor":5,"damage_taken":0},{"event_name":"Nest","player_choice":"Stole From Cult","floor":19,"damage_taken":0},{"event_name":"Fountain of Cleansing","player_choice":"Removed Curse","floor":21,"damage_taken":0},{"event_name":"Ghosts","player_choice":"Became a Ghost","floor":30,"damage_taken":0},{"event_name":"Falling","player_choice":"Removed Attack","floor":36,"damage_taken":0},{"event_name":"Mysterious Sphere","player_choice":"Fight","floor":44,"damage_taken":0},{"event_name":"Tomb of Lord Red Mask","player_choice":"Paid","floor":45,"damage_taken":0},{"event_name":"Golden Shrine","player_choice":"Pray","floor":48,"damage_taken":0}],"is_beta":true,"boss_relics":[{"not_picked":["Lizard Tail","FrozenCore"],"picked":"Cursed Key"},{"not_picked":["Velvet Choker","Black Star"],"picked":"Eternal Feather"}],"items_purged_floors":[],"is_endless":false,"potions_floor_spawned":[1,11,14,22,23,35,39,47],"ascension_level":0}