{"gold_per_floor":[109,74,44,55,73,107,107,137,137,137,137,137,148,181,181,260,260,277,290,490,510,128,128,154,154,154,69,69,82,82,95,95,166,166,176,176,525,538,549,549,549],"floor_reached":41,"playtime":1974,"items_purged":["Strike_R"],"score":758,"play_id":"20a0e8cc-b821-452d-b816-dc00d181a18a","local_time":"20190209215839","is_ascension_mode":true,"campfire_choices":[{"data":"Anger","floor":7,"key":"SMITH"},{"floor":10,"key":"REST"},{"data":"Feed","floor":12,"key":"SMITH"},{"data":"Bash","floor":15,"key":"SMITH"},{"floor":23,"key":"REST"},{"floor":25,"key":"REST"},{"data":"Corruption","floor":30,"key":"SMITH"},{"floor":32,"key":"REST"},{"data":"Apotheosis","floor":40,"key":"SMITH"}],"neow_cost":"PERCENT_DAMAGE","seed_source_timestamp":1045874397812253,"circlet_count":0,"master_deck":["AscendersBane","Strike_R","Strike_R","Strike_R","Strike_R","Defend_R","Defend_R","Defend_R+1","Defend_R","Bash+1","Evolve","Anger+1","Iron Wave","Feed+1","Inflame","Sword Boomerang","Shrug It Off","Limit Break","Heavy Blade","Corruption+1","Spot Weakness+1","Feel No Pain","Spot Weakness","Dark Embrace","Flex","Feed","Disarm","Apotheosis+1","Shrug It Off","Thunderclap","Parasite"],"relics":["Black Blood","WingedGreaves","Pantograph","Unceasing Top","FossilizedHelix","PreservedInsect","Boot","Oddly Smooth Stone","Bag of Preparation","War Paint","Red Skull","Dream Catcher","Bag of Marbles","Snecko Eye","Old Coin"],"potions_floor_usage":[8,14,19,19,21,24,29,33,39],"damage_taken":[{"damage":7,"enemies":"Small Slimes","floor":1,"turns":4},{"damage":16,"enemies":"Jaw Worm","floor":4,"turns":5},{"damage":1,"enemies":"Cultist","floor":5,"turns":3},{"damage":30,"enemies":"Lagavulin","floor":6,"turns":7},{"damage":27,"enemies":"Gremlin Nob","floor":8,"turns":4},{"damage":0,"enemies":"Large Slime","floor":13,"turns":5},{"damage":9,"enemies":"3 Sentries","floor":14,"turns":4},{"damage":49,"enemies":"The Guardian","floor":16,"turns":11},{"damage":40,"enemies":"Spheric Guardian","floor":18,"turns":6},{"damage":30,"enemies":"3 Byrds","floor":19,"turns":7},{"damage":44,"enemies":"Centurion and Healer","floor":21,"turns":7},{"damage":38,"enemies":"Slavers","floor":24,"turns":8},{"damage":22,"enemies":"Shelled Parasite and Fungi","floor":29,"turns":4},{"damage":32,"enemies":"Snake Plant","floor":31,"turns":4},{"damage":18,"enemies":"Champ","floor":33,"turns":9},{"damage":18,"enemies":"3 Darklings","floor":35,"turns":4},{"damage":51,"enemies":"2 Orb Walkers","floor":37,"turns":5},{"damage":0,"enemies":"3 Shapes","floor":38,"turns":5},{"damage":22,"enemies":"Writhing Mass","floor":39,"turns":5},{"damage":53,"enemies":"4 Shapes","floor":41,"turns":3}],"seed_played":"2370016400475373199","potions_obtained":[{"floor":3,"key":"Energy Potion"},{"floor":3,"key":"Fire Potion"},{"floor":13,"key":"Fire Potion"},{"floor":14,"key":"Explosive Potion"},{"floor":19,"key":"BloodPotion"},{"floor":21,"key":"SkillPotion"},{"floor":24,"key":"Energy Potion"},{"floor":31,"key":"SpeedPotion"},{"floor":35,"key":"LiquidBronze"}],"is_trial":false,"path_per_floor":["M","?","?","M","M","E","R","E","T","R","?","R","M","E","R","B",null,"M","M","?","M","$","R","E","R","T","?","T","M","R","M","R","B",null,"M","?","?","M","M","R","M"],"character_chosen":"IRONCLAD","items_purchased":["Oddly Smooth Stone","Bag of Preparation"],"campfire_rested":4,"item_purchase_floors":[22,22],"current_hp_per_floor":[50,70,70,60,65,41,41,23,23,47,47,47,57,58,58,40,78,48,32,32,11,11,40,12,41,41,41,41,33,33,11,41,58,92,84,84,43,57,49,49,0],"gold":549,"neow_bonus":"ONE_RARE_RELIC","is_prod":false,"is_daily":false,"chose_seed":false,"campfire_upgraded":5,"win_rate":0,"timestamp":1549771119,"path_taken":["M","?","?","?","M","E","R","E","T","R","?","R","M","E","R","BOSS","M","M","?","?","$","R","E","R","T","?","?","M","R","?","R","BOSS","M","?","?","M","M","R","M"],"build_version":"2019-01-23","purchased_purges":1,"victory":false,"max_hp_per_floor":[80,80,80,80,80,80,80,83,83,83,83,83,87,91,91,91,91,91,95,95,99,99,99,99,99,99,99,99,103,103,103,103,103,103,103,103,103,107,111,111,111],"card_choices":[{"not_picked":["Heavy Blade","Twin Strike"],"picked":"Evolve","floor":1},{"not_picked":["Warcry","Feel No Pain"],"picked":"Anger","floor":4},{"not_picked":["Flex","Hemokinesis"],"picked":"Iron Wave","floor":5},{"not_picked":["Reaper","Wild Strike"],"picked":"Feed","floor":6},{"not_picked":["Infernal Blade","Searing Blow"],"picked":"Inflame","floor":8},{"not_picked":["Thunderclap","Perfected Strike"],"picked":"Sword Boomerang","floor":13},{"not_picked":["Ghostly Armor","Entrench"],"picked":"Shrug It Off","floor":14},{"not_picked":["Offering","Dark Embrace"],"picked":"Limit Break","floor":16},{"not_picked":["Cleave","Anger"],"picked":"Heavy Blade","floor":18},{"not_picked":["Perfected Strike+1","Headbutt"],"picked":"Corruption","floor":19},{"not_picked":["Evolve","Twin Strike+1"],"picked":"Spot Weakness","floor":21},{"not_picked":["Flex","Clothesline"],"picked":"Feel No Pain","floor":24},{"not_picked":["Flex","Twin Strike"],"picked":"Spot Weakness","floor":29},{"not_picked":["Rupture","Iron Wave"],"picked":"Dark Embrace","floor":31},{"not_picked":["Anger","Perfected Strike"],"picked":"Flex","floor":32},{"not_picked":["Barricade","Fiend Fire"],"picked":"Feed","floor":33},{"not_picked":["Rage","Anger"],"picked":"Disarm","floor":35},{"not_picked":["Discovery","Transmutation"],"picked":"Apotheosis","floor":36},{"not_picked":["Body Slam","True Grit"],"picked":"Shrug It Off","floor":37},{"not_picked":["Warcry","Carnage+1"],"picked":"Thunderclap","floor":38},{"not_picked":["Rampage","Twin Strike","Infernal Blade"],"picked":"SKIP","floor":39}],"player_experience":542820,"relics_obtained":[{"floor":6,"key":"Pantograph"},{"floor":8,"key":"Unceasing Top"},{"floor":9,"key":"FossilizedHelix"},{"floor":14,"key":"Boot"},{"floor":24,"key":"War Paint"},{"floor":26,"key":"Red Skull"},{"floor":28,"key":"Bag of Marbles"},{"floor":37,"key":"Old Coin"}],"event_choices":[{"damage_healed":20,"gold_gain":0,"player_choice":"Healed","damage_taken":0,"max_hp_gain":0,"max_hp_loss":0,"event_name":"The Cleric","floor":2,"gold_loss":35},{"damage_healed":0,"gold_gain":0,"player_choice":"Bought 2 Potions","damage_taken":0,"max_hp_gain":0,"max_hp_loss":0,"event_name":"The Woman in Blue","floor":3,"gold_loss":0},{"damage_healed":0,"gold_gain":0,"player_choice":"Searched \u00272\u0027 times","damage_taken":0,"relics_obtained":["PreservedInsect"],"max_hp_gain":0,"max_hp_loss":0,"event_name":"Dead Adventurer","floor":11,"gold_loss":0},{"damage_healed":0,"gold_gain":200,"player_choice":"Gold","damage_taken":0,"max_hp_gain":0,"max_hp_loss":0,"event_name":"Wheel of Change","floor":20,"gold_loss":0},{"damage_healed":0,"gold_gain":0,"player_choice":"Obtained Relic","damage_taken":0,"relics_obtained":["Dream Catcher"],"max_hp_gain":0,"max_hp_loss":0,"event_name":"Addict","floor":27,"gold_loss":85},{"damage_healed":0,"gold_gain":0,"player_choice":"Memory 1","damage_taken":0,"max_hp_gain":0,"max_hp_loss":0,"event_name":"SensoryStone","floor":36,"gold_loss":0},{"damage_healed":0,"gold_gain":0,"player_choice":"Fight","damage_taken":0,"max_hp_gain":0,"max_hp_loss":0,"event_name":"Mysterious Sphere","floor":37,"gold_loss":0}],"is_beta":false,"boss_relics":[{"not_picked":["Runic Cube","Eternal Feather"],"picked":"Black Blood"},{"not_picked":["Coffee Dripper","Lizard Tail"],"picked":"Snecko Eye"}],"items_purged_floors":[22],"is_endless":false,"potions_floor_spawned":[13,14,16,19,21,24,31,35],"killed_by":"4 Shapes","ascension_level":13}