{"gold_per_floor":[119,14,14,26,44,44,54,54,54,54,70,70,87,33,33,33],"floor_reached":16,"playtime":474,"items_purged":[],"score":184,"play_id":"4980a02b-9d95-4442-8b6a-9e9ba98c59fe","local_time":"20190126224101","is_ascension_mode":true,"campfire_choices":[{"data":"Neutralize","floor":6,"key":"SMITH"},{"data":"Riddle With Holes","floor":8,"key":"SMITH"},{"data":"Leg Sweep","floor":10,"key":"SMITH"},{"floor":15,"key":"REST"}],"neow_cost":"NONE","seed_source_timestamp":107354515284000,"circlet_count":0,"master_deck":["AscendersBane","Defend_G","Defend_G","Defend_G","Defend_G","Defend_G","Strike_G","Strike_G","Strike_G","Strike_G","Strike_G","Survivor","Neutralize+1","Dodge and Roll","Leg Sweep+1","Flying Knee","PiercingWail","Riddle With Holes+1","All Out Attack","Parasite"],"relics":["Busted Crown","CultistMask","Sundial"],"potions_floor_usage":[16],"damage_taken":[{"damage":13,"enemies":"2 Louse","floor":1,"turns":4},{"damage":0,"enemies":"Cultist","floor":4,"turns":5},{"damage":0,"enemies":"Jaw Worm","floor":5,"turns":6},{"damage":0,"enemies":"Blue Slaver","floor":7,"turns":4},{"damage":42,"enemies":"Gremlin Gang","floor":11,"turns":6},{"damage":1,"enemies":"Exordium Wildlife","floor":13,"turns":3},{"damage":38,"enemies":"Hexaghost","floor":16,"turns":14}],"seed_played":"1140988000125155281","potions_obtained":[{"floor":11,"key":"SteroidPotion"}],"is_trial":false,"path_per_floor":["M","$","?","M","M","R","M","R","T","R","M","?","M","?","R","B"],"character_chosen":"THE_SILENT","items_purchased":["Leg Sweep","Flying Knee"],"campfire_rested":1,"item_purchase_floors":[2,2],"current_hp_per_floor":[46,46,46,46,46,46,46,46,46,46,4,20,19,19,38,0],"gold":33,"neow_bonus":"BOSS_RELIC","is_prod":false,"is_daily":false,"chose_seed":false,"campfire_upgraded":3,"win_rate":0,"timestamp":1548560461,"path_taken":["M","$","?","M","M","R","M","R","T","R","?","?","M","?","R","BOSS"],"build_version":"2019-01-23","purchased_purges":0,"victory":false,"max_hp_per_floor":[66,66,66,66,66,66,66,66,66,66,66,66,66,66,66,66],"card_choices":[{"not_picked":[],"picked":"Dodge and Roll","floor":1},{"not_picked":[],"picked":"PiercingWail","floor":4},{"not_picked":[],"picked":"Riddle With Holes","floor":5},{"not_picked":["Blade Dance"],"picked":"SKIP","floor":7},{"not_picked":[],"picked":"All Out Attack","floor":11},{"not_picked":["Endless Agony"],"picked":"SKIP","floor":13}],"player_experience":1945956,"relics_obtained":[{"floor":9,"key":"Sundial"}],"event_choices":[{"damage_healed":0,"gold_gain":0,"player_choice":"Trade","damage_taken":0,"relics_obtained":["CultistMask"],"max_hp_gain":0,"max_hp_loss":0,"event_name":"FaceTrader","floor":3,"gold_loss":0},{"damage_healed":16,"gold_gain":0,"player_choice":"Healed and dodged fight","damage_taken":0,"max_hp_gain":0,"max_hp_loss":0,"event_name":"Mushrooms","floor":12,"gold_loss":0,"cards_obtained":["Parasite"]},{"damage_healed":0,"gold_gain":0,"player_choice":"Left Gold","damage_taken":0,"max_hp_gain":0,"max_hp_loss":0,"event_name":"World of Goop","floor":14,"gold_loss":54}],"is_beta":true,"boss_relics":[],"items_purged_floors":[],"is_endless":false,"potions_floor_spawned":[11],"killed_by":"Hexaghost","ascension_level":20}