{"gold_per_floor":[109,109,126,126,139,167,184,196,272,67,67,77,102,119,119,224,224,242,256,256,273,273,273],"floor_reached":23,"playtime":2148,"items_purged":["Strike_B"],"score":205,"play_id":"3cbe7f5b-61ef-4316-99bc-a3c265ecd27e","local_time":"20190124150704","is_ascension_mode":false,"campfire_choices":[{"floor":11,"key":"REST"},{"floor":15,"key":"REST"}],"neow_cost":"NONE","seed_source_timestamp":327095574656402,"circlet_count":0,"master_deck":["Strike_B","Strike_B+1","Strike_B","Defend_B","Defend_B","Defend_B","Defend_B","Zap","Dualcast","Compile Driver+1","Loop","Compile Driver","Defragment","BootSequence","BootSequence","Reboot","Redo","Loop","White Noise","Skim","Seek","Cold Snap+1","Sunder+1"],"relics":["Cracked Core","NeowsBlessing","Ancient Tea Set","Molten Egg 2","Unceasing Top","Nuclear Battery","Happy Flower"],"potions_floor_usage":[13,14,14,16,19,21],"damage_taken":[{"damage":0,"enemies":"Small Slimes","floor":1,"turns":1},{"damage":0,"enemies":"Cultist","floor":3,"turns":1},{"damage":0,"enemies":"2 Louse","floor":5,"turns":1},{"damage":28,"enemies":"Gremlin Nob","floor":6,"turns":4},{"damage":5,"enemies":"Looter","floor":7,"turns":3},{"damage":11,"enemies":"3 Louse","floor":8,"turns":3},{"damage":8,"enemies":"Lots of Slimes","floor":12,"turns":4},{"damage":22,"enemies":"3 Sentries","floor":13,"turns":6},{"damage":0,"enemies":"Looter","floor":14,"turns":3},{"damage":14,"enemies":"The Guardian","floor":16,"turns":9},{"damage":30,"enemies":"3 Byrds","floor":18,"turns":4},{"damage":0,"enemies":"Chosen","floor":19,"turns":4},{"damage":41,"enemies":"3 Cultists","floor":21,"turns":7},{"damage":51,"enemies":"Gremlin Leader","floor":23,"turns":8}],"seed_played":"-7745273363927609021","potions_obtained":[{"floor":1,"key":"LiquidBronze"},{"floor":5,"key":"GamblersBrew"},{"floor":6,"key":"GamblersBrew"},{"floor":14,"key":"AttackPotion"},{"floor":18,"key":"Regen Potion"},{"floor":19,"key":"Explosive Potion"}],"is_trial":false,"path_per_floor":["M","?","M","?","M","E","M","M","T","$","R","M","E","M","R","B",null,"M","M","?","M","?","E"],"character_chosen":"DEFECT","items_purchased":["Reboot","Redo"],"campfire_rested":2,"item_purchase_floors":[10,10],"current_hp_per_floor":[75,68,68,53,53,25,20,9,9,9,31,23,1,1,23,9,75,45,57,57,16,41,0],"gold":273,"neow_bonus":"THREE_ENEMY_KILL","is_prod":false,"is_daily":false,"chose_seed":false,"campfire_upgraded":0,"win_rate":0,"timestamp":1548371224,"path_taken":["M","?","?","?","M","E","M","M","T","$","R","M","E","M","R","BOSS","M","M","?","M","?","E"],"build_version":"2019-01-23","purchased_purges":1,"victory":false,"max_hp_per_floor":[75,75,75,75,75,75,75,75,75,75,75,75,75,75,75,75,75,75,75,75,75,75,75],"card_choices":[{"not_picked":["Gash","Double Energy"],"picked":"Compile Driver","floor":1},{"not_picked":["Conserve Battery","Cold Snap"],"picked":"Loop","floor":3},{"not_picked":["Beam Cell","Steam"],"picked":"Compile Driver","floor":5},{"not_picked":["Hello World","Stack"],"picked":"Defragment","floor":6},{"not_picked":["Sweeping Beam","Chaos"],"picked":"BootSequence","floor":7},{"not_picked":["Chaos","Auto Shields"],"picked":"BootSequence","floor":8},{"not_picked":["Steam","Stack"],"picked":"Loop","floor":12},{"not_picked":["Lockon+1","Reinforced Body"],"picked":"White Noise","floor":13},{"not_picked":["Doom and Gloom+1","Melter+1"],"picked":"Skim","floor":14},{"not_picked":["Hyperbeam+1","Fission"],"picked":"Seek","floor":16},{"not_picked":["Leap","Genetic Algorithm"],"picked":"Cold Snap+1","floor":18},{"not_picked":["Gash+1","Streamline+1","Sweeping Beam+1"],"picked":"SKIP","floor":19},{"not_picked":["Doom and Gloom+1","Ball Lightning+1"],"picked":"Sunder+1","floor":21}],"player_experience":125131,"relics_obtained":[{"floor":6,"key":"Ancient Tea Set"},{"floor":9,"key":"Molten Egg 2"},{"floor":13,"key":"Unceasing Top"}],"event_choices":[{"damage_healed":0,"gold_gain":0,"player_choice":"Damaged","damage_taken":7,"max_hp_gain":0,"max_hp_loss":0,"event_name":"Wheel of Change","floor":2,"gold_loss":0},{"damage_healed":0,"gold_gain":0,"player_choice":"Entered Light","damage_taken":15,"max_hp_gain":0,"max_hp_loss":0,"event_name":"Shining Light","floor":4,"gold_loss":0,"cards_upgraded":["Compile Driver","Strike_B"]},{"damage_healed":0,"gold_gain":0,"player_choice":"Opened","damage_taken":0,"relics_obtained":["Happy Flower"],"max_hp_gain":0,"max_hp_loss":0,"event_name":"The Mausoleum","floor":20,"gold_loss":0},{"damage_healed":25,"gold_gain":0,"player_choice":"Heal","damage_taken":0,"max_hp_gain":0,"max_hp_loss":0,"event_name":"The Library","floor":22,"gold_loss":0}],"is_beta":false,"boss_relics":[{"not_picked":["Philosopher\u0027s Stone","Coffee Dripper"],"picked":"Nuclear Battery"}],"items_purged_floors":[10],"is_endless":false,"potions_floor_spawned":[1,5,6,14,18,19],"killed_by":"Gremlin Leader","ascension_level":0}