{"gold_per_floor":[363,379,379,390,70,70,99,24,24,34,60,79,99,116,116,213,213,227,247,264,278,296,328,328,355,355,367,387,23,41,41,41,136,136,152,78,92,103,103,123,137,12,12,29,0,0,0,0,0,0],"floor_reached":51,"playtime":5853,"items_purged":["Strike_R","Infernal Blade","Strike_R"],"score":707,"play_id":"44017ba4-6b02-400f-92e8-63221bb9ebb5","local_time":"20190204210901","is_ascension_mode":false,"campfire_choices":[{"floor":15.0,"key":"REST"},{"floor":24.0,"key":"REST"},{"floor":32.0,"key":"REST"},{"floor":46,"key":"REST"},{"floor":49,"key":"REST"}],"neow_cost":"TEN_PERCENT_HP_LOSS","seed_source_timestamp":0,"circlet_count":0,"master_deck":["Strike_R","Strike_R","Defend_R+1","Defend_R","Defend_R","Defend_R","Bash","Infernal Blade+1","Clothesline","Evolve","True Grit+1","Shockwave+1","Bludgeon","Battle Trance+1","True Grit+1","Impervious+1","Wild Strike+1","Body Slam+1","Cleave+1","Rampage","Sentinel+1","Spot Weakness+1","Shrug It Off+1","Perfected Strike+1","Flame Barrier+1","Impervious+1","Cleave+1","Sentinel+1","Reckless Charge+1","Sentinel+1","Wild Strike+1","Body Slam+1","Blind+1","Pommel Strike"],"special_seed":0,"relics":["Burning Blood","Lantern","PreservedInsect","Toxic Egg 2","Omamori","Kunai","Mummified Hand","Fusion Hammer","Sundial","War Paint","Matryoshka","ClockworkSouvenir","Cursed Key","Centennial Puzzle","Blood Vial","Red Mask"],"potions_floor_usage":[50,50,50],"damage_taken":[{"damage":1.0,"enemies":"Jaw Worm","floor":1.0,"turns":5.0},{"damage":5.0,"enemies":"2 Louse","floor":2.0,"turns":2.0},{"damage":6.0,"enemies":"Cultist","floor":4.0,"turns":3.0},{"damage":0.0,"enemies":"Gremlin Nob","floor":7.0,"turns":2.0},{"damage":14.0,"enemies":"Blue Slaver","floor":10.0,"turns":4.0},{"damage":18.0,"enemies":"3 Sentries","floor":11.0,"turns":5.0},{"damage":17.0,"enemies":"Lots of Slimes","floor":12.0,"turns":5.0},{"damage":14.0,"enemies":"Large Slime","floor":13.0,"turns":5.0},{"damage":10.0,"enemies":"2 Fungi Beasts","floor":14.0,"turns":3.0},{"damage":49.0,"enemies":"Hexaghost","floor":16.0,"turns":10.0},{"damage":15.0,"enemies":"2 Thieves","floor":18.0,"turns":4.0},{"damage":7.0,"enemies":"3 Byrds","floor":19.0,"turns":5.0},{"damage":8.0,"enemies":"Centurion and Healer","floor":20.0,"turns":5.0},{"damage":0.0,"enemies":"Snecko","floor":21.0,"turns":4.0},{"damage":14.0,"enemies":"Shelled Parasite and Fungi","floor":22.0,"turns":5.0},{"damage":24.0,"enemies":"Book of Stabbing","floor":23.0,"turns":3.0},{"damage":27.0,"enemies":"Slavers","floor":25.0,"turns":6.0},{"damage":13.0,"enemies":"Snake Plant","floor":27.0,"turns":2.0},{"damage":1.0,"enemies":"Cultist and Chosen","floor":28.0,"turns":5.0},{"damage":26.0,"enemies":"Sentry and Sphere","floor":30.0,"turns":6.0},{"damage":27.0,"enemies":"Collector","floor":33.0,"turns":10.0},{"damage":16.0,"enemies":"3 Darklings","floor":35.0,"turns":4.0},{"damage":13.0,"enemies":"3 Shapes","floor":37.0,"turns":3.0},{"damage":5.0,"enemies":"Sphere and 2 Shapes","floor":38.0,"turns":6.0},{"damage":2.0,"enemies":"Maw","floor":40.0,"turns":6.0},{"damage":1,"enemies":"Spire Growth","floor":41,"turns":5},{"damage":3,"enemies":"Transient","floor":44,"turns":5},{"damage":43,"enemies":"Awakened One","floor":50,"turns":13}],"seed_played":"-8162328679467226592","potions_obtained":[{"floor":2.0,"key":"Fire Potion"},{"floor":7.0,"key":"Swift Potion"},{"floor":13.0,"key":"Explosive Potion"},{"floor":14.0,"key":"Regen Potion"},{"floor":16.0,"key":"SteroidPotion"},{"floor":21.0,"key":"SteroidPotion"},{"floor":22.0,"key":"Poison Potion"},{"floor":27.0,"key":"Dexterity Potion"},{"floor":28.0,"key":"Strength Potion"},{"floor":37.0,"key":"Block Potion"},{"floor":40,"key":"SteroidPotion"},{"floor":41,"key":"Weak Potion"}],"is_trial":false,"path_per_floor":["M","M","?","M","$","?","E","$","T","M","E","M","M","M","R","B",null,"M","M","M","M","M","E","R","E","T","M","M","$","M","?","R","B",null,"M","$","M","M","$","M","M","$","T","M","?","R","?","?","R","B",null],"character_chosen":"IRONCLAD","items_purchased":["Lantern","PreservedInsect","Clothesline","ClockworkSouvenir","Flame Barrier+1","BloodPotion"],"campfire_rested":5,"item_purchase_floors":[5,5,5,29,29,36],"current_hp_per_floor":[72,72,72,72,72,72,72,72,72,64,52,41,33,29,50,22,72,63,62,60,66,58,40,61,40,40,33,38,38,18,18,39,18,72,62,62,55,56,56,60,65,65,65,70,70,72,72,72,72,42],"gold":0,"neow_bonus":"TWO_FIFTY_GOLD","is_prod":false,"is_daily":false,"chose_seed":false,"campfire_upgraded":0,"win_rate":0.0,"timestamp":1549350541,"path_taken":["M","M","?","M","$","?","E","$","T","?","E","M","M","M","R","BOSS","M","M","M","M","M","E","R","E","T","M","M","$","M","?","R","BOSS","M","$","M","M","$","M","M","?","T","M","?","R","?","?","R","BOSS"],"build_version":"2019-01-23","purchased_purges":3,"victory":true,"max_hp_per_floor":[72,72,72,72,72,72,72,72,72,72,72,72,72,72,72,72,72,72,72,72,72,72,72,72,72,72,72,72,72,72,72,72,72,72,72,72,72,72,72,72,72,72,72,72,72,72,72,72,72,72],"card_choices":[{"not_picked":["Pommel Strike","Clash"],"picked":"Infernal Blade","floor":1.0},{"not_picked":["Fire Breathing","Pummel"],"picked":"Infernal Blade","floor":2.0},{"not_picked":["Cleave","Pommel Strike","Clash"],"picked":"SKIP","floor":4.0},{"not_picked":["Wild Strike","Headbutt"],"picked":"Evolve","floor":7.0},{"not_picked":["Iron Wave","Hemokinesis"],"picked":"True Grit+1","floor":10.0},{"not_picked":["Headbutt","Warcry+1"],"picked":"Shockwave+1","floor":11.0},{"not_picked":["Flex+1","Heavy Blade"],"picked":"Bludgeon","floor":12.0},{"not_picked":["Pommel Strike","Heavy Blade"],"picked":"Battle Trance+1","floor":13.0},{"not_picked":["Warcry+1","Burning Pact+1"],"picked":"True Grit+1","floor":14.0},{"not_picked":["Fiend Fire","Dark Embrace"],"picked":"Impervious+1","floor":16.0},{"not_picked":["Pommel Strike+1","Battle Trance+1"],"picked":"Wild Strike+1","floor":18.0},{"not_picked":["Headbutt+1","Pummel"],"picked":"Body Slam+1","floor":19.0},{"not_picked":["Blood for Blood+1","Twin Strike+1"],"picked":"Cleave+1","floor":20.0},{"not_picked":["Twin Strike","Shrug It Off+1"],"picked":"Rampage","floor":21.0},{"not_picked":["Flex+1","Heavy Blade","Body Slam+1"],"picked":"SKIP","floor":22.0},{"not_picked":["Corruption+1","Flex+1"],"picked":"Sentinel+1","floor":23.0},{"not_picked":["Second Wind+1","Whirlwind"],"picked":"Spot Weakness+1","floor":25.0},{"not_picked":["Pommel Strike","Iron Wave"],"picked":"Shrug It Off+1","floor":27.0},{"not_picked":["Twin Strike","Clash+1"],"picked":"Perfected Strike+1","floor":28.0},{"not_picked":["Sever Soul","Blood for Blood+1","Warcry+1"],"picked":"SKIP","floor":30.0},{"not_picked":["Dark Embrace","Demon Form"],"picked":"Impervious+1","floor":33.0},{"not_picked":["Pommel Strike+1","Whirlwind"],"picked":"Cleave+1","floor":35.0},{"not_picked":["True Grit+1","Evolve+1"],"picked":"Sentinel+1","floor":37.0},{"not_picked":["Armaments+1","Fire Breathing"],"picked":"Reckless Charge+1","floor":38.0},{"not_picked":["Clothesline","Shrug It Off+1"],"picked":"Sentinel+1","floor":40},{"not_picked":["Cleave+1","Warcry+1"],"picked":"Wild Strike+1","floor":41},{"not_picked":["Reckless Charge+1","Inflame+1"],"picked":"Body Slam+1","floor":44},{"not_picked":["Mayhem","Discovery+1"],"picked":"Blind+1","floor":47}],"player_experience":91467,"relics_obtained":[{"floor":7.0,"key":"Omamori"},{"floor":9.0,"key":"Kunai"},{"floor":11.0,"key":"Mummified Hand"},{"floor":23.0,"key":"Sundial"},{"floor":25.0,"key":"War Paint"},{"floor":26.0,"key":"Matryoshka"},{"floor":43,"key":"Centennial Puzzle"},{"floor":43,"key":"Blood Vial"}],"event_choices":[{"damage_healed":0.0,"max_hp_gain":0.0,"max_hp_loss":0.0,"gold_gain":0.0,"event_name":"The Cleric","player_choice":"Leave","floor":3.0,"gold_loss":0.0,"damage_taken":0.0},{"damage_healed":0.0,"max_hp_gain":0.0,"max_hp_loss":0.0,"gold_gain":0.0,"event_name":"WeMeetAgain","player_choice":"Gave Potion","floor":6.0,"gold_loss":0.0,"damage_taken":0.0,"relics_obtained":["Toxic Egg 2"]},{"damage_healed":0.0,"max_hp_gain":0.0,"max_hp_loss":0.0,"gold_gain":0.0,"event_name":"Golden Shrine","player_choice":"Ignored","floor":31.0,"gold_loss":0.0,"damage_taken":0.0},{"damage_healed":0,"gold_gain":0,"player_choice":"Paid","damage_taken":0,"relics_obtained":["Red Mask"],"max_hp_gain":0,"max_hp_loss":0,"event_name":"Tomb of Lord Red Mask","floor":45,"gold_loss":29},{"damage_healed":0,"gold_gain":0,"player_choice":"Memory 1","damage_taken":0,"max_hp_gain":0,"max_hp_loss":0,"event_name":"SensoryStone","floor":47,"gold_loss":0},{"damage_healed":0,"gold_gain":0,"cards_transformed":["Strike_R"],"player_choice":"Transformed","damage_taken":0,"max_hp_gain":0,"max_hp_loss":0,"event_name":"Transmorgrifier","floor":48,"gold_loss":0,"cards_obtained":["Pommel Strike"]}],"is_beta":false,"boss_relics":[{"not_picked":["Lizard Tail","Empty Cage"],"picked":"Fusion Hammer"},{"not_picked":["Eternal Feather","Coffee Dripper"],"picked":"Cursed Key"}],"items_purged_floors":[8,29,42],"is_endless":false,"potions_floor_spawned":[2,7,13,14,16,21,22,23,27,28,37,40,41,44],"ascension_level":0}