{"gold_per_floor":[117,29,42,42,56,56,66,93,93,93,113,113,61,72,72,148,148,166,166,183,183,183,183,194,255,255,8,8,23,23,23,23,23],"floor_reached":33,"playtime":1625,"items_purged":["Shame"],"score":530,"play_id":"44ab0b71-1a06-40fb-8e69-33dbf7a9ad99","local_time":"20190126041440","is_ascension_mode":true,"campfire_choices":[{"data":"Neutralize","floor":6.0,"key":"SMITH"},{"floor":12.0,"key":"REST"},{"data":"Corpse Explosion","floor":15.0,"key":"SMITH"},{"floor":23,"key":"REST"},{"floor":28,"key":"REST"},{"floor":30,"key":"REST"},{"floor":32,"key":"REST"}],"neow_cost":"NONE","seed_source_timestamp":39710063625800,"circlet_count":0,"master_deck":["AscendersBane","Defend_G+1","Defend_G+1","Defend_G+1","Defend_G+1","Defend_G+1","Strike_G+1","Strike_G+1","Strike_G+1","Strike_G+1","Strike_G+1","Survivor","Neutralize+1","Dash","Well Laid Plans","Poisoned Stab","Choke","Corpse Explosion+1","Terror","Dagger Spray","Backflip","Malaise","Glass Knife","Dash","Dodge and Roll","Malaise","Adrenaline","Noxious Fumes"],"special_seed":0,"relics":["Black Star","Ornamental Fan","Snake Skull","Dodecahedron","Question Card","Cursed Key","Enchiridion","Tiny Chest","Mercury Hourglass","Gremlin Horn","Bag of Preparation"],"potions_floor_usage":[25,33],"damage_taken":[{"damage":6.0,"enemies":"Cultist","floor":1.0,"turns":6.0},{"damage":0.0,"enemies":"Small Slimes","floor":3.0,"turns":4.0},{"damage":4.0,"enemies":"Jaw Worm","floor":5.0,"turns":4.0},{"damage":10.0,"enemies":"Exordium Wildlife","floor":7.0,"turns":5.0},{"damage":3.0,"enemies":"Gremlin Nob","floor":8.0,"turns":3.0},{"damage":8.0,"enemies":"3 Louse","floor":11.0,"turns":2.0},{"damage":7.0,"enemies":"Large Slime","floor":14.0,"turns":5.0},{"damage":24,"enemies":"The Guardian","floor":16,"turns":12},{"damage":14,"enemies":"Shell Parasite","floor":18,"turns":5},{"damage":1,"enemies":"Chosen","floor":20,"turns":7},{"damage":11,"enemies":"Centurion and Healer","floor":24,"turns":6},{"damage":12,"enemies":"Book of Stabbing","floor":25,"turns":4},{"damage":2,"enemies":"Shelled Parasite and Fungi","floor":29,"turns":4},{"damage":61,"enemies":"Champ","floor":33,"turns":12}],"seed_played":"7189965064598254766","potions_obtained":[{"floor":1.0,"key":"Poison Potion"},{"floor":7.0,"key":"FearPotion"},{"floor":8.0,"key":"Swift Potion"},{"floor":16,"key":"AttackPotion"},{"floor":25,"key":"SkillPotion"},{"floor":29,"key":"Ancient Potion"}],"is_trial":false,"path_per_floor":["M","$","M","?","M","R","M","E","T","?","M","R","$","M","R","B",null,"M","?","M","?","?","R","M","E","T","$","R","M","R","?","R","B"],"character_chosen":"THE_SILENT","items_purchased":["Well Laid Plans","Backflip","Bag of Preparation"],"campfire_rested":5,"item_purchase_floors":[2,13,27],"current_hp_per_floor":[53,53,53,53,49,49,39,36,36,25,17,36,36,29,29,5,51,37,37,36,15,15,34,23,11,11,11,30,28,47,38,57,0],"gold":23,"neow_bonus":"BOSS_RELIC","is_prod":false,"is_daily":false,"chose_seed":false,"campfire_upgraded":2,"win_rate":0,"timestamp":1548494080,"path_taken":["M","$","?","?","?","R","?","E","T","?","M","R","?","M","R","BOSS","M","?","M","?","?","R","M","E","T","$","R","?","R","?","R","BOSS"],"build_version":"2019-01-23","purchased_purges":1,"victory":false,"max_hp_per_floor":[66,66,66,66,66,66,66,66,66,66,66,66,66,66,66,66,66,66,66,66,66,66,66,66,66,66,66,66,66,66,66,66,66],"card_choices":[{"not_picked":["Concentrate","PiercingWail"],"picked":"Dash","floor":1.0},{"not_picked":["Acrobatics","Bane"],"picked":"Poisoned Stab","floor":3.0},{"not_picked":["Dagger Throw","Deadly Poison"],"picked":"Corpse Explosion","floor":5.0},{"not_picked":["Bane","Slice"],"picked":"Terror","floor":7.0},{"not_picked":["Prepared","Distraction"],"picked":"Dagger Spray","floor":8.0},{"not_picked":["Bane","Sucker Punch","Poisoned Stab","Skewer"],"picked":"SKIP","floor":11.0},{"not_picked":["Bane","Sucker Punch","Poisoned Stab","Skewer"],"picked":"SKIP","floor":11.0},{"not_picked":["Sucker Punch","Bane","PiercingWail"],"picked":"Malaise","floor":14.0},{"not_picked":["Venomology","Storm of Steel","Wraith Form v2"],"picked":"Glass Knife","floor":16},{"not_picked":["Acrobatics","Caltrops","Calculated Gamble"],"picked":"Dash","floor":18},{"not_picked":["Dagger Spray","Bouncing Flask","Outmaneuver"],"picked":"Dodge and Roll","floor":20},{"not_picked":["Outmaneuver","Flying Knee","Dagger Throw","Eviscerate"],"picked":"SKIP","floor":24},{"not_picked":["Blade Dance","Predator","Deflect"],"picked":"Adrenaline","floor":25},{"not_picked":["Deadly Poison","Reflex","Acrobatics"],"picked":"Noxious Fumes","floor":29}],"player_experience":1942153,"relics_obtained":[{"floor":8.0,"key":"Ornamental Fan"},{"floor":8.0,"key":"Snake Skull"},{"floor":9.0,"key":"Dodecahedron"},{"floor":21,"key":"Enchiridion"},{"floor":25,"key":"Tiny Chest"},{"floor":25,"key":"Mercury Hourglass"},{"floor":26,"key":"Gremlin Horn"}],"event_choices":[{"damage_healed":0.0,"max_hp_gain":0.0,"max_hp_loss":0.0,"gold_gain":0.0,"event_name":"Match and Keep!","player_choice":"1 cards matched","floor":4.0,"gold_loss":0.0,"damage_taken":0.0,"cards_obtained":["Choke"]},{"damage_healed":0.0,"max_hp_gain":0.0,"max_hp_loss":0.0,"gold_gain":0.0,"event_name":"Scrap Ooze","player_choice":"Success","floor":10.0,"gold_loss":0.0,"damage_taken":11.0,"relics_obtained":["Question Card"]},{"damage_healed":0,"gold_gain":0,"player_choice":"Simplicity","damage_taken":0,"max_hp_gain":0,"max_hp_loss":0,"event_name":"Back to Basics","floor":19,"gold_loss":0,"cards_upgraded":["Defend_G","Defend_G","Defend_G","Defend_G","Defend_G","Strike_G","Strike_G","Strike_G","Strike_G","Strike_G"]},{"damage_healed":0,"gold_gain":0,"player_choice":"Obtained Book","damage_taken":21,"max_hp_gain":0,"max_hp_loss":0,"event_name":"Cursed Tome","floor":21,"gold_loss":0},{"damage_healed":0,"gold_gain":0,"player_choice":"Copied","damage_taken":0,"max_hp_gain":0,"max_hp_loss":0,"event_name":"Duplicator","floor":22,"gold_loss":0,"cards_obtained":["Malaise"]},{"damage_healed":0,"gold_gain":0,"player_choice":"Damaged","damage_taken":9,"max_hp_gain":0,"max_hp_loss":0,"event_name":"Wheel of Change","floor":31,"gold_loss":0}],"is_beta":true,"boss_relics":[{"not_picked":["HoveringKite","Empty Cage"],"picked":"Cursed Key"}],"items_purged_floors":[27],"is_endless":false,"potions_floor_spawned":[1,7,8,16,25,29],"killed_by":"Champ","ascension_level":20}