{"gold_per_floor":[109,126,140,7,7,7,36,48,111,48,85,109,121,143,155,242,254,281,312,340,352,414,426,470,494,583,520,532],"floor_reached":28,"playtime":1317,"items_purged":[],"score":526,"play_id":"6d47dda2-5c0b-4b5a-86a9-fabf06b1a165","local_time":"20181027050129","is_ascension_mode":true,"campfire_choices":[{"data":"Poisoned Stab","floor":6,"key":"SMITH"},{"data":"Neutralize","floor":8,"key":"SMITH"},{"floor":13,"key":"REST"},{"data":"Well Laid Plans","floor":15,"key":"SMITH"},{"floor":23,"key":"REST"}],"neow_cost":"NONE","seed_source_timestamp":675145637704600,"circlet_count":0,"master_deck":["Defend_G","Defend_G","Defend_G","Defend_G","Defend_G","Strike_G","Strike_G","Strike_G","Strike_G","Survivor","Neutralize+1","AscendersBane","Poisoned Stab+1","PiercingWail","Flying Knee","Noxious Fumes+1","Dagger Throw","Backflip","Crippling Poison","Backstab","Well Laid Plans+1","Corpse Explosion","Catalyst","Deflect+1"],"relics":["Black Star","MawBank","Art of War","Ancient Tea Set","Odd Mushroom","Cursed Key","Oddly Smooth Stone","Bronze Scales","Molten Egg 2"],"potions_floor_usage":[11,16,20,25],"damage_taken":[{"damage":7,"enemies":"Cultist","floor":1,"turns":5},{"damage":5,"enemies":"2 Louse","floor":2,"turns":3},{"damage":2,"enemies":"Jaw Worm","floor":3,"turns":5},{"damage":14,"enemies":"3 Sentries","floor":7,"turns":6},{"damage":11,"enemies":"The Mushroom Lair","floor":11,"turns":3},{"damage":9,"enemies":"Blue Slaver","floor":12,"turns":4},{"damage":7,"enemies":"Looter","floor":14,"turns":3},{"damage":2,"enemies":"The Guardian","floor":16,"turns":9},{"damage":7,"enemies":"Chosen","floor":18,"turns":5},{"damage":16,"enemies":"Spheric Guardian","floor":19,"turns":5},{"damage":16,"enemies":"Snake Plant","floor":20,"turns":5},{"damage":18,"enemies":"Gremlin Leader","floor":24,"turns":6},{"damage":16,"enemies":"3 Cultists","floor":25,"turns":4},{"damage":13,"enemies":"Snecko","floor":28,"turns":2}],"seed_played":"-6247544917053653439","potions_obtained":[{"floor":2,"key":"Weak Potion"},{"floor":7,"key":"Explosive Potion"},{"floor":12,"key":"LiquidBronze"},{"floor":14,"key":"PowerPotion"},{"floor":19,"key":"SkillPotion"},{"floor":24,"key":"SteroidPotion"}],"is_trial":false,"path_per_floor":["M","M","M","$","?","R","E","R","T","?","?","M","R","M","R","B",null,"M","M","M","?","?","R","E","M","T","?"],"character_chosen":"THE_SILENT","items_purchased":["Noxious Fumes","Dagger Throw"],"campfire_rested":2,"item_purchase_floors":[4,4],"current_hp_per_floor":[52,47,45,45,45,45,31,31,31,31,20,11,30,23,23,21,55,48,32,16,16,16,35,17,1,1,1,0],"gold":532,"neow_bonus":"BOSS_RELIC","is_prod":false,"is_daily":false,"chose_seed":false,"campfire_upgraded":3,"win_rate":0,"timestamp":1540630889,"path_taken":["M","M","M","$","?","R","E","R","T","?","?","M","R","M","R","BOSS","M","M","M","?","?","R","E","M","T","?","M"],"build_version":"2018-10-19","purchased_purges":0,"victory":false,"max_hp_per_floor":[66,66,66,66,66,66,66,66,66,66,66,66,66,66,66,66,66,66,66,66,66,66,66,66,66,66,66,66],"card_choices":[{"not_picked":["Flechettes","Prepared"],"picked":"Poisoned Stab","floor":1},{"not_picked":["Underhanded Strike","Outmaneuver"],"picked":"PiercingWail","floor":2},{"not_picked":["Acrobatics","Accuracy"],"picked":"Flying Knee","floor":3},{"not_picked":["Dagger Spray","Reflex"],"picked":"Backflip","floor":7},{"not_picked":["Wraith Form v2","Dodge and Roll"],"picked":"Crippling Poison","floor":11},{"not_picked":["Reflex","Dagger Throw"],"picked":"Backstab","floor":12},{"not_picked":["Terror","Slice"],"picked":"Well Laid Plans","floor":14},{"not_picked":["A Thousand Cuts","Glass Knife"],"picked":"Corpse Explosion","floor":16},{"not_picked":["Outmaneuver","Distraction","Blade Dance"],"picked":"SKIP","floor":18},{"not_picked":["Underhanded Strike+1","Dagger Throw+1","Bouncing Flask"],"picked":"SKIP","floor":19},{"not_picked":["Bane","Prepared"],"picked":"Catalyst","floor":20},{"not_picked":["Deadly Poison","Unload","Crippling Poison"],"picked":"SKIP","floor":24},{"not_picked":["Tactician+1","Cloak And Dagger"],"picked":"Deflect+1","floor":25}],"player_experience":1518839,"relics_obtained":[{"floor":7,"key":"MawBank"},{"floor":7,"key":"Art of War"},{"floor":9,"key":"Ancient Tea Set"},{"floor":11,"key":"Odd Mushroom"},{"floor":24,"key":"Oddly Smooth Stone"},{"floor":24,"key":"Bronze Scales"},{"floor":26,"key":"Molten Egg 2"}],"event_choices":[{"damage_healed":0,"gold_gain":0,"player_choice":"Upgraded","damage_taken":0,"max_hp_gain":0,"max_hp_loss":0,"event_name":"Upgrade Shrine","floor":5,"gold_loss":0,"cards_upgraded":["Noxious Fumes"]},{"cards_removed":["Strike_G"],"damage_healed":0,"gold_gain":0,"player_choice":"Card Removal","damage_taken":0,"max_hp_gain":0,"max_hp_loss":0,"event_name":"The Cleric","floor":10,"gold_loss":75},{"damage_healed":0,"gold_gain":0,"player_choice":"Fought Mushrooms","damage_taken":0,"max_hp_gain":0,"max_hp_loss":0,"event_name":"Mushrooms","floor":11,"gold_loss":0},{"damage_healed":0,"gold_gain":0,"player_choice":"Ignored","damage_taken":0,"max_hp_gain":0,"max_hp_loss":0,"event_name":"Cursed Tome","floor":21,"gold_loss":0},{"damage_healed":0,"gold_gain":50,"player_choice":"Stole From Cult","damage_taken":0,"max_hp_gain":0,"max_hp_loss":0,"event_name":"Nest","floor":22,"gold_loss":0},{"cards_removed":["Pain"],"damage_healed":0,"gold_gain":0,"player_choice":"Gave Gold","damage_taken":0,"max_hp_gain":0,"max_hp_loss":0,"event_name":"Beggar","floor":27,"gold_loss":75}],"is_beta":true,"boss_relics":[{"not_picked":["Calling Bell","Runic Pyramid"],"picked":"Cursed Key"}],"items_purged_floors":[],"is_endless":false,"potions_floor_spawned":[2,7,12,14,19,24],"killed_by":"Snecko","ascension_level":20}