{"gold_per_floor":[115,132,307,326,346,346,334,368,418,418,418],"floor_reached":11,"playtime":569,"items_purged":[],"score":75,"play_id":"4707793b-ec36-4472-ad4f-1068be486c46","local_time":"20190117104824","is_ascension_mode":false,"campfire_choices":[{"data":"Tactician","floor":6,"key":"SMITH"}],"neow_cost":"NONE","seed_source_timestamp":1329515149706343,"circlet_count":0,"master_deck":["Defend_G","Defend_G","Defend_G","Defend_G","Strike_G","Strike_G","Strike_G","Strike_G","Strike_G","Survivor","Neutralize","Bane","Caltrops","Doubt","Tactician+1","Dagger Spray","Acrobatics","Reflex"],"relics":["Ring of the Snake","Orichalcum","Dodecahedron","Potion Belt"],"potions_floor_usage":[],"damage_taken":[{"damage":0,"enemies":"2 Louse","floor":1,"turns":3},{"damage":4,"enemies":"Small Slimes","floor":2,"turns":2},{"damage":1,"enemies":"Jaw Worm","floor":4,"turns":4},{"damage":2,"enemies":"Blue Slaver","floor":5,"turns":5},{"damage":19,"enemies":"Exordium Thugs","floor":7,"turns":5},{"damage":37,"enemies":"3 Sentries","floor":8,"turns":9},{"damage":12,"enemies":"Red Slaver","floor":11,"turns":4}],"seed_played":"34704906368867238","potions_obtained":[{"floor":4,"key":"Poison Potion"},{"floor":7,"key":"Explosive Potion"},{"floor":8,"key":"Swift Potion"}],"is_trial":false,"path_per_floor":["M","M","?","M","M","R","M","E","T","?","M"],"character_chosen":"THE_SILENT","items_purchased":[],"campfire_rested":0,"item_purchase_floors":[],"current_hp_per_floor":[70,66,66,65,63,63,44,7,7,7,0],"gold":418,"neow_bonus":"RANDOM_COMMON_RELIC","is_prod":false,"is_daily":false,"chose_seed":false,"campfire_upgraded":1,"win_rate":0.0,"timestamp":1547718504,"path_taken":["M","M","?","M","M","R","M","E","T","?","M"],"build_version":"2019-01-10","purchased_purges":0,"victory":false,"max_hp_per_floor":[70,70,70,70,70,70,70,70,70,70,70],"card_choices":[{"not_picked":["Sucker Punch","Dodge and Roll"],"picked":"Bane","floor":1},{"not_picked":["Outmaneuver","Expertise"],"picked":"Caltrops","floor":2},{"not_picked":["Underhanded Strike","Blade Dance"],"picked":"Tactician","floor":4},{"not_picked":["Leg Sweep","Terror"],"picked":"Dagger Spray","floor":5},{"not_picked":["Catalyst","Underhanded Strike"],"picked":"Acrobatics","floor":7},{"not_picked":["Flying Knee","Outmaneuver"],"picked":"Reflex","floor":8}],"player_experience":193187,"relics_obtained":[{"floor":8,"key":"Dodecahedron"},{"floor":9,"key":"Potion Belt"}],"event_choices":[{"damage_healed":0,"gold_gain":175,"player_choice":"AGREE","damage_taken":0,"max_hp_gain":0,"max_hp_loss":0,"event_name":"Liars Game","floor":3,"gold_loss":0,"cards_obtained":["Doubt"]},{"cards_removed":["Defend_G"],"damage_healed":0,"gold_gain":0,"player_choice":"Forget","damage_taken":0,"max_hp_gain":0,"max_hp_loss":0,"event_name":"Living Wall","floor":10,"gold_loss":0}],"is_beta":false,"boss_relics":[],"items_purged_floors":[],"is_endless":false,"potions_floor_spawned":[4,7,8],"killed_by":"Red Slaver","ascension_level":0}