{"gold_per_floor":[13,88,101,117,117,117,144,144,144,144,109,139,157,171,171,269,269,281,298,298,298,298,298,332,352,352,21,35,35,45,45,45,142,142,160,160,85,105,125,125,125,160,186,186,210,237,237,254,254,254],"floor_reached":50,"playtime":2092,"items_purged":["Doubt"],"score":902,"play_id":"f9e35587-9c04-4152-a4f1-226e9975f8e1","local_time":"20190208141545","is_ascension_mode":true,"campfire_choices":[{"data":"Bash","floor":6,"key":"SMITH"},{"data":"Uppercut","floor":8,"key":"SMITH"},{"data":"Clothesline","floor":10,"key":"SMITH"},{"data":"True Grit","floor":15,"key":"SMITH"},{"data":"Armaments","floor":23,"key":"SMITH"},{"data":"Flame Barrier","floor":29,"key":"SMITH"},{"floor":32,"key":"REST"},{"data":"Heavy Blade","floor":40,"key":"SMITH"},{"floor":49,"key":"RECALL"}],"neow_cost":"NO_GOLD","seed_source_timestamp":10445297577723,"circlet_count":0,"master_deck":["AscendersBane","Strike_R","Strike_R","Strike_R","Defend_R","Defend_R","Defend_R","Defend_R","Bash+1","Sword Boomerang","Clothesline+1","Rampage","Uppercut+1","True Grit+1","Shockwave","Shrug It Off","Limit Break","Inflame","Armaments+1","Spot Weakness","Flame Barrier+1","Heavy Blade+1","Reaper","Flex+1","Decay","Double Tap+1","Normality","Decay","Headbutt+1"],"relics":["Burning Blood","Thread and Needle","Mercury Hourglass","Boot","Pocketwatch","Cursed Key","StoneCalendar","Shovel","Shuriken","Velvet Choker","Dream Catcher","Smiling Mask","Meat on the Bone"],"potions_floor_usage":[12,24,31,33,41],"damage_taken":[{"damage":6,"enemies":"2 Louse","floor":1,"turns":4},{"damage":7,"enemies":"Jaw Worm","floor":3,"turns":4},{"damage":0,"enemies":"Small Slimes","floor":4,"turns":3},{"damage":33,"enemies":"Lagavulin","floor":7,"turns":6},{"damage":0,"enemies":"Gremlin Nob","floor":12,"turns":3},{"damage":2,"enemies":"Looter","floor":13,"turns":3},{"damage":0,"enemies":"3 Louse","floor":14,"turns":2},{"damage":14,"enemies":"The Guardian","floor":16,"turns":9},{"damage":0,"enemies":"Chosen","floor":18,"turns":3},{"damage":0,"enemies":"3 Byrds","floor":19,"turns":4},{"damage":20,"enemies":"Book of Stabbing","floor":24,"turns":6},{"damage":25,"enemies":"3 Cultists","floor":25,"turns":6},{"damage":10,"enemies":"Shelled Parasite and Fungi","floor":28,"turns":6},{"damage":4,"enemies":"Snecko","floor":30,"turns":4},{"damage":0,"enemies":"3 Cultists","floor":31,"turns":1},{"damage":49,"enemies":"Collector","floor":33,"turns":8},{"damage":2,"enemies":"Orb Walker","floor":35,"turns":4},{"damage":8,"enemies":"3 Shapes","floor":38,"turns":4},{"damage":15,"enemies":"3 Darklings","floor":39,"turns":5},{"damage":0,"enemies":"Spire Growth","floor":41,"turns":2},{"damage":76,"enemies":"Reptomancer","floor":42,"turns":6},{"damage":46,"enemies":"Nemesis","floor":46,"turns":7},{"damage":0,"enemies":"Transient","floor":48,"turns":5},{"damage":87,"enemies":"Awakened One","floor":50,"turns":4}],"seed_played":"-3830248276594000352","potions_obtained":[{"floor":7,"key":"Block Potion"},{"floor":14,"key":"Weak Potion"},{"floor":16,"key":"SmokeBomb"},{"floor":24,"key":"Ancient Potion"},{"floor":25,"key":"Strength Potion"},{"floor":38,"key":"SmokeBomb"}],"is_trial":false,"path_per_floor":["M","?","M","M","?","R","E","R","T","R","?","E","M","M","R","B",null,"M","M","?","?","?","R","E","M","T","$","M","R","M","M","R","B",null,"M","?","$","M","M","R","M","E","T","?","T","E","?","M","R","B"],"character_chosen":"IRONCLAD","items_purchased":["Flame Barrier","Shuriken"],"campfire_rested":1,"item_purchase_floors":[27,27],"current_hp_per_floor":[72,61,60,66,59,59,32,32,32,32,52,58,62,68,68,60,75,80,80,80,65,65,65,51,32,32,32,28,28,30,36,61,18,68,84,84,84,85,76,76,82,63,63,63,63,23,23,54,54,0],"gold":254,"neow_bonus":"ONE_RARE_RELIC","is_prod":false,"is_daily":false,"chose_seed":false,"campfire_upgraded":7,"win_rate":0,"timestamp":1549653345,"path_taken":["M","?","M","M","?","R","E","R","T","R","?","E","M","M","R","BOSS","M","M","?","?","?","R","E","M","T","$","M","R","?","M","R","BOSS","M","?","$","M","?","R","M","E","T","?","?","E","?","M","R","BOSS"],"build_version":"2019-01-23","purchased_purges":1,"victory":false,"max_hp_per_floor":[80,80,80,80,80,80,80,80,80,80,80,80,80,80,80,80,80,80,80,80,85,85,85,85,85,85,85,85,85,85,85,85,85,85,85,85,85,85,85,85,85,85,85,85,85,85,85,85,85,85],"card_choices":[{"not_picked":["Twin Strike","Intimidate"],"picked":"Sword Boomerang","floor":1},{"not_picked":["Burning Pact","Heavy Blade"],"picked":"Clothesline","floor":3},{"not_picked":["Wild Strike","Searing Blow"],"picked":"Rampage","floor":4},{"not_picked":["Power Through","Flex"],"picked":"Uppercut","floor":7},{"not_picked":["Pommel Strike","Warcry"],"picked":"True Grit","floor":12},{"not_picked":["Armaments","Blood for Blood"],"picked":"Shockwave","floor":13},{"not_picked":["Pommel Strike","Anger"],"picked":"Shrug It Off","floor":14},{"not_picked":["Fiend Fire","Exhume"],"picked":"Limit Break","floor":16},{"not_picked":["Thunderclap","Body Slam","Havoc"],"picked":"SKIP","floor":18},{"not_picked":["Whirlwind","True Grit"],"picked":"Inflame","floor":19},{"not_picked":["Iron Wave+1","Power Through","Thunderclap"],"picked":"SKIP","floor":24},{"not_picked":["Shockwave","Blood for Blood"],"picked":"Spot Weakness","floor":25},{"not_picked":["Intimidate+1","Iron Wave"],"picked":"Heavy Blade","floor":28},{"not_picked":["Uppercut+1","Combust","Flex"],"picked":"SKIP","floor":30},{"not_picked":["Exhume","Feed"],"picked":"Reaper","floor":33},{"not_picked":["Dual Wield","Wild Strike+1"],"picked":"Flex+1","floor":35},{"not_picked":["Flex","Combust+1","True Grit+1"],"picked":"SKIP","floor":38},{"not_picked":["Hemokinesis","True Grit+1","Combust"],"picked":"SKIP","floor":39},{"not_picked":["Iron Wave+1","Blood for Blood+1"],"picked":"Double Tap","floor":42},{"not_picked":["Inflame","Flex+1"],"picked":"Headbutt+1","floor":46},{"not_picked":["Flame Barrier+1","Perfected Strike+1","Rupture"],"picked":"SKIP","floor":48}],"player_experience":476435,"relics_obtained":[{"floor":7,"key":"Mercury Hourglass"},{"floor":9,"key":"Boot"},{"floor":12,"key":"Pocketwatch"},{"floor":24,"key":"StoneCalendar"},{"floor":26,"key":"Shovel"},{"floor":42,"key":"Dream Catcher"},{"floor":45,"key":"Smiling Mask"},{"floor":46,"key":"Meat on the Bone"}],"event_choices":[{"damage_healed":0,"gold_gain":75,"player_choice":"Gather Gold","damage_taken":11,"max_hp_gain":0,"max_hp_loss":0,"event_name":"World of Goop","floor":2,"gold_loss":0},{"cards_removed":["Strike_R"],"damage_healed":0,"gold_gain":0,"player_choice":"Card Removal","damage_taken":7,"max_hp_gain":0,"max_hp_loss":0,"event_name":"Golden Wing","floor":5,"gold_loss":0},{"damage_healed":20,"gold_gain":0,"player_choice":"Healed","damage_taken":0,"max_hp_gain":0,"max_hp_loss":0,"event_name":"The Cleric","floor":11,"gold_loss":35},{"cards_removed":["Strike_R"],"damage_healed":0,"gold_gain":0,"player_choice":"Elegance","damage_taken":0,"max_hp_gain":0,"max_hp_loss":0,"event_name":"Back to Basics","floor":20,"gold_loss":0},{"damage_healed":0,"gold_gain":0,"player_choice":"Shed Blood","damage_taken":20,"max_hp_gain":5,"max_hp_loss":0,"event_name":"Forgotten Altar","floor":21,"gold_loss":0},{"damage_healed":0,"gold_gain":0,"player_choice":"Read","damage_taken":0,"max_hp_gain":0,"max_hp_loss":0,"event_name":"The Library","floor":22,"gold_loss":0,"cards_obtained":["Armaments"]},{"damage_healed":0,"gold_gain":0,"player_choice":"Cursed","damage_taken":0,"max_hp_gain":0,"max_hp_loss":0,"event_name":"Wheel of Change","floor":36,"gold_loss":0,"cards_obtained":["Decay"]},{"damage_healed":0,"gold_gain":0,"player_choice":"Ignored","damage_taken":0,"max_hp_gain":0,"max_hp_loss":0,"event_name":"Tomb of Lord Red Mask","floor":44,"gold_loss":0},{"damage_healed":0,"gold_gain":0,"player_choice":"Upgraded","damage_taken":0,"max_hp_gain":0,"max_hp_loss":0,"event_name":"Upgrade Shrine","floor":47,"gold_loss":0,"cards_upgraded":["Double Tap"]}],"is_beta":false,"boss_relics":[{"not_picked":["Coffee Dripper","Lizard Tail"],"picked":"Cursed Key"},{"not_picked":["Snecko Eye","Tiny House"],"picked":"Velvet Choker"}],"items_purged_floors":[37],"is_endless":false,"potions_floor_spawned":[7,14,16,18,24,25,28,38,41],"killed_by":"Awakened One","ascension_level":11}