{"path_per_floor":["M","M","M","M","?","E","?","M","T","M","E","M","E","?","R"],"character_chosen":"IRONCLAD","items_purchased":[],"gold_per_floor":[114,133,146,162,162,191,191,204,204,218,246,264,298,298,298,298],"floor_reached":16,"campfire_rested":0,"playtime":1532,"current_hp_per_floor":[72,72,72,70,70,68,56,61,61,51,43,49,18,18,18,0],"items_purged":[],"gold":298,"score":156,"play_id":"cf29e517-a997-42c2-ba9a-75e853ae66d6","local_time":"20180417170109","is_prod":false,"is_daily":false,"chose_seed":false,"is_ascension_mode":true,"campfire_upgraded":0,"timestamp":1523952069,"path_taken":["M","M","M","M","?","E","?","M","T","M","E","M","E","?","R","BOSS"],"build_version":"2018-04-12","seed_source_timestamp":73020798333474,"purchased_purges":0,"victory":false,"master_deck":["Strike_R","Strike_R","Strike_R","Strike_R","Defend_R","Defend_R","Defend_R+1","Defend_R","Bash","Offering","Armaments+1","Thunderclap","Rupture","Warcry","Brutality","Bloodletting","Seeing Red","Hemokinesis","Iron Wave","Regret"],"max_hp_per_floor":[72,72,72,72,72,86,86,86,86,86,86,86,86,86,86,86],"relics":["Burning Blood","Mango","War Paint","The Courier","Girya","Oddly Smooth Stone","Frozen Egg 2"],"card_choices":[{"not_picked":["Bludgeon","Dark Embrace"],"picked":"Offering","floor":0},{"not_picked":["Anger","Sword Boomerang"],"picked":"Armaments","floor":1},{"not_picked":["Sword Boomerang","Twin Strike"],"picked":"Thunderclap","floor":2},{"not_picked":["Wild Strike","Clothesline"],"picked":"Rupture","floor":3},{"not_picked":["Thunderclap","Pummel"],"picked":"Warcry","floor":4},{"not_picked":["Sword Boomerang","Iron Wave"],"picked":"Brutality","floor":6},{"not_picked":["Warcry","Clothesline"],"picked":"Bloodletting","floor":8},{"not_picked":["Armaments","Entrench"],"picked":"Seeing Red","floor":10},{"not_picked":["Wild Strike","Second Wind"],"picked":"Hemokinesis","floor":11},{"not_picked":["Body Slam","Headbutt"],"picked":"Iron Wave","floor":13}],"player_experience":72153,"potions_floor_usage":[11,12,16,16,16],"damage_taken":[{"damage":3,"enemies":"Small Slimes","floor":1,"turns":5},{"damage":5,"enemies":"2 Louse","floor":2,"turns":4},{"damage":0,"enemies":"Jaw Worm","floor":3,"turns":3},{"damage":8,"enemies":"Large Slime","floor":4,"turns":6},{"damage":22,"enemies":"Gremlin Nob","floor":6,"turns":4},{"damage":1,"enemies":"2 Fungi Beasts","floor":8,"turns":6},{"damage":16,"enemies":"Red Slaver","floor":10,"turns":4},{"damage":14,"enemies":"Lagavulin","floor":11,"turns":5},{"damage":0,"enemies":"Lots of Slimes","floor":12,"turns":1},{"damage":37,"enemies":"Gremlin Nob","floor":13,"turns":4},{"damage":21,"enemies":"The Guardian","floor":16,"turns":5}],"event_choices":[{"event_name":"Living Wall","player_choice":"Forget","floor":5,"damage_taken":0},{"event_name":"Scrap Ooze","player_choice":"success","floor":7,"damage_taken":12},{"event_name":"Big Fish","player_choice":"Box","floor":14,"damage_taken":0}],"boss_relics":[],"potions_floor_spawned":[4,8,10,11,12,13],"seed_played":"-957595441192871869","killed_by":"The Guardian","ascension_level":1,"is_trial":false}