{"gold_per_floor":[115,115,129,54,69,97,97,124,124,199,199,209,224,224,224,327,327,339,339,8,23,23,23,53,153,180,190,210,210,210,2,2,100,100,114,168,168,184,103,103,135,151,151,151],"floor_reached":44,"playtime":2368,"items_purged":["Strike_R","Strike_R"],"score":534,"play_id":"e73f9a29-9310-4aec-a2a7-9ccb9c65bc0c","local_time":"20190109154607","is_ascension_mode":true,"campfire_choices":[{"floor":7,"key":"REST"},{"floor":11,"key":"REST"},{"floor":15,"key":"REST"},{"floor":23,"key":"RECALL"},{"data":"Inflame","floor":30,"key":"SMITH"},{"data":"Inflame","floor":32,"key":"SMITH"},{"floor":40,"key":"REST"}],"neow_cost":"NONE","seed_source_timestamp":61439205670471,"circlet_count":0,"master_deck":["Strike_R+1","Strike_R","Strike_R+1","Defend_R","Defend_R","Defend_R","Defend_R+1","Bash","Headbutt+1","Iron Wave","Thunderclap","Shockwave","Inflame+1","Uppercut","Inflame+1","Sword Boomerang","Juggernaut","Shockwave+1","Inflame","Disarm+1"],"relics":["Burning Blood","NeowsBlessing","Pocketwatch","Self Forming Clay","Paper Frog","Eternal Feather","Whetstone","Bag of Preparation","Potion Belt","Strawberry","Busted Crown","Unceasing Top","Dodecahedron","Ice Cream"],"potions_floor_usage":[6,8,16,24,33,36,41,42,44],"damage_taken":[{"damage":0,"enemies":"Small Slimes","floor":1,"turns":1},{"damage":0,"enemies":"Jaw Worm","floor":3,"turns":1},{"damage":0,"enemies":"2 Louse","floor":5,"turns":1},{"damage":39,"enemies":"3 Sentries","floor":6,"turns":9},{"damage":13,"enemies":"Gremlin Nob","floor":8,"turns":3},{"damage":22,"enemies":"Gremlin Gang","floor":12,"turns":4},{"damage":8,"enemies":"Exordium Wildlife","floor":13,"turns":3},{"damage":32,"enemies":"The Guardian","floor":16,"turns":12},{"damage":23,"enemies":"Shell Parasite","floor":18,"turns":6},{"damage":18,"enemies":"3 Byrds","floor":21,"turns":6},{"damage":44,"enemies":"Slavers","floor":24,"turns":4},{"damage":29,"enemies":"Shelled Parasite and Fungi","floor":27,"turns":6},{"damage":10,"enemies":"Centurion and Healer","floor":28,"turns":5},{"damage":48,"enemies":"Collector","floor":33,"turns":7},{"damage":13,"enemies":"Orb Walker","floor":35,"turns":3},{"damage":48,"enemies":"2 Orb Walkers","floor":36,"turns":3},{"damage":31,"enemies":"3 Darklings","floor":38,"turns":4},{"damage":60,"enemies":"Reptomancer","floor":41,"turns":5},{"damage":9,"enemies":"Transient","floor":42,"turns":5},{"damage":39,"enemies":"Spire Growth","floor":44,"turns":3}],"seed_played":"8876225056696770575","potions_obtained":[{"floor":3,"key":"Swift Potion"},{"floor":6,"key":"PowerPotion"},{"floor":13,"key":"SteroidPotion"},{"floor":21,"key":"Poison Potion"},{"floor":33,"key":"LiquidBronze"},{"floor":36,"key":"Swift Potion"},{"floor":41,"key":"SkillPotion"},{"floor":42,"key":"Poison Potion"}],"is_trial":false,"path_per_floor":["M","?","M","$","M","E","R","E","T","?","R","M","M","?","R","B",null,"M","?","$","M","?","R","E","?","T","M","M","?","R","$","R","B",null,"M","?","?","M","$","R","E","M","T","M"],"character_chosen":"IRONCLAD","items_purchased":["Whetstone","Inflame","Strawberry","Strength Potion","Inflame"],"campfire_rested":4,"item_purchase_floors":[20,20,31,31,39],"current_hp_per_floor":[80,64,70,70,76,43,67,60,60,49,73,57,55,43,67,41,80,63,80,80,68,68,77,39,39,39,16,12,90,90,97,97,55,97,90,48,85,60,60,85,31,28,28,0],"gold":151,"neow_bonus":"THREE_ENEMY_KILL","is_prod":false,"is_daily":false,"chose_seed":false,"campfire_upgraded":2,"win_rate":0,"timestamp":1547066767,"path_taken":["M","?","M","$","M","E","R","E","T","?","R","M","M","?","R","BOSS","M","?","$","?","?","R","E","?","T","M","?","?","R","$","R","BOSS","M","?","?","M","?","R","E","M","T","?"],"build_version":"2019-01-03v4","purchased_purges":2,"victory":false,"max_hp_per_floor":[80,80,80,80,80,80,80,80,80,80,80,80,80,80,80,80,80,80,80,80,80,80,80,80,80,80,80,80,90,90,97,97,97,97,97,97,85,85,85,85,85,85,85,85],"card_choices":[{"not_picked":["True Grit","Evolve"],"picked":"Headbutt","floor":1},{"not_picked":["Twin Strike","Flex"],"picked":"Iron Wave","floor":3},{"not_picked":["Hemokinesis","Dual Wield","Warcry"],"picked":"SKIP","floor":5},{"not_picked":["Cleave","Flex"],"picked":"Thunderclap","floor":6},{"not_picked":["Body Slam","Twin Strike"],"picked":"Shockwave","floor":8},{"not_picked":["Headbutt","Shrug It Off"],"picked":"Inflame","floor":12},{"not_picked":["Flex","Barricade","Bloodletting"],"picked":"SKIP","floor":13},{"not_picked":["Dark Embrace","Brutality"],"picked":"Barricade","floor":16},{"not_picked":["Anger+1","Burning Pact+1"],"picked":"Uppercut","floor":18},{"not_picked":["Rage","Headbutt","Dual Wield"],"picked":"SKIP","floor":21},{"not_picked":["True Grit+1","Battle Trance"],"picked":"Sword Boomerang","floor":24},{"not_picked":["Armaments","Headbutt","Clash"],"picked":"SKIP","floor":27},{"not_picked":["Disarm+1","Headbutt","Searing Blow+1"],"picked":"SKIP","floor":28},{"not_picked":["Impervious","Offering"],"picked":"Juggernaut","floor":33},{"not_picked":["Clash"],"picked":"SKIP","floor":35},{"not_picked":[],"picked":"Shockwave+1","floor":36},{"not_picked":["Sever Soul+1"],"picked":"SKIP","floor":38},{"not_picked":["Entrench"],"picked":"SKIP","floor":41},{"not_picked":[],"picked":"Disarm+1","floor":42}],"player_experience":192849,"relics_obtained":[{"floor":6,"key":"Pocketwatch"},{"floor":8,"key":"Self Forming Clay"},{"floor":24,"key":"Bag of Preparation"},{"floor":26,"key":"Potion Belt"},{"floor":36,"key":"Unceasing Top"},{"floor":41,"key":"Dodecahedron"},{"floor":43,"key":"Ice Cream"}],"event_choices":[{"damage_healed":0,"gold_gain":0,"player_choice":"Entered Light","damage_taken":16,"max_hp_gain":0,"max_hp_loss":0,"event_name":"Shining Light","floor":2,"gold_loss":0,"cards_upgraded":["Strike_R","Defend_R"]},{"damage_healed":0,"gold_gain":75,"player_choice":"Gather Gold","damage_taken":11,"max_hp_gain":0,"max_hp_loss":0,"event_name":"World of Goop","floor":10,"gold_loss":0},{"damage_healed":0,"gold_gain":0,"player_choice":"Success","damage_taken":12,"relics_obtained":["Paper Frog"],"max_hp_gain":0,"max_hp_loss":0,"event_name":"Scrap Ooze","floor":14,"gold_loss":0},{"damage_healed":17,"gold_gain":0,"player_choice":"Full Heal","damage_taken":0,"max_hp_gain":0,"max_hp_loss":0,"event_name":"Wheel of Change","floor":19,"gold_loss":0},{"damage_healed":0,"gold_gain":0,"player_choice":"Ignored","damage_taken":0,"max_hp_gain":0,"max_hp_loss":0,"event_name":"Beggar","floor":22,"gold_loss":0},{"damage_healed":0,"gold_gain":100,"player_choice":"Pray","damage_taken":0,"max_hp_gain":0,"max_hp_loss":0,"event_name":"Golden Shrine","floor":25,"gold_loss":0},{"cards_removed":["Barricade"],"damage_healed":68,"gold_gain":0,"player_choice":"Offered Rare","damage_taken":0,"max_hp_gain":10,"max_hp_loss":0,"event_name":"Bonfire Elementals","floor":29,"gold_loss":0},{"damage_healed":0,"gold_gain":0,"player_choice":"Fight","damage_taken":0,"max_hp_gain":0,"max_hp_loss":0,"event_name":"Mysterious Sphere","floor":36,"gold_loss":0},{"damage_healed":85,"gold_gain":0,"player_choice":"Heal","damage_taken":0,"max_hp_gain":0,"max_hp_loss":12,"event_name":"The Moai Head","floor":37,"gold_loss":0}],"is_beta":false,"boss_relics":[{"not_picked":["Orrery","Empty Cage"],"picked":"Eternal Feather"},{"not_picked":["Fusion Hammer","Calling Bell"],"picked":"Busted Crown"}],"items_purged_floors":[4,20],"is_endless":false,"potions_floor_spawned":[3,6,13,21,33,36,41,42],"killed_by":"Spire Growth","ascension_level":3}