{"gold_per_floor":[117,5,18,93,93,126,140,206,229,229,254,267,267,317,317,420,420,430,124,135,185,255,255],"floor_reached":23,"playtime":758,"items_purged":["Strike_G"],"score":316,"play_id":"3e9994db-5c9d-4d31-8d40-1039743fbea6","local_time":"20190204014811","is_ascension_mode":true,"campfire_choices":[{"data":"Cloak And Dagger","floor":10,"key":"SMITH"},{"data":"Neutralize","floor":13,"key":"SMITH"},{"data":"Cloak And Dagger","floor":15,"key":"SMITH"}],"neow_cost":"NONE","seed_source_timestamp":5622324874175,"circlet_count":0,"master_deck":["Defend_G","Defend_G","Defend_G","Defend_G","Defend_G","Strike_G","Strike_G","Survivor","Neutralize+1","Cloak And Dagger+1","Infinite Blades","Masterful Stab","Crippling Poison","Deflect","Cloak And Dagger+1","Terror","Masterful Stab","Dagger Spray","Caltrops","Die Die Die","Dodge and Roll+1","Noxious Fumes","Dash+1"],"relics":["Ring of the Snake","NeowsBlessing","SsserpentHead","Strawberry","Boot","Pen Nib","Fusion Hammer","Lantern"],"potions_floor_usage":[11,11,11,12,16],"damage_taken":[{"damage":0,"enemies":"Jaw Worm","floor":1,"turns":1},{"damage":0,"enemies":"Cultist","floor":3,"turns":1},{"damage":0,"enemies":"3 Sentries","floor":6,"turns":2},{"damage":1,"enemies":"Small Slimes","floor":7,"turns":3},{"damage":5,"enemies":"3 Louse","floor":8,"turns":3},{"damage":7,"enemies":"Lagavulin","floor":11,"turns":6},{"damage":0,"enemies":"Gremlin Gang","floor":12,"turns":3},{"damage":20,"enemies":"Hexaghost","floor":16,"turns":9},{"damage":5,"enemies":"2 Thieves","floor":18,"turns":3},{"damage":0,"enemies":"3 Byrds","floor":20,"turns":3},{"damage":12,"enemies":"Centurion and Healer","floor":22,"turns":6},{"damage":53,"enemies":"Gremlin Leader","floor":23,"turns":6}],"seed_played":"4337856624537430006","potions_obtained":[{"floor":3,"key":"Weak Potion"},{"floor":6,"key":"Energy Potion"},{"floor":8,"key":"EssenceOfSteel"},{"floor":11,"key":"Fire Potion"},{"floor":12,"key":"LiquidBronze"},{"floor":18,"key":"Ancient Potion"}],"is_trial":false,"path_per_floor":["M","$","M","?","?","E","M","M","T","R","E","M","R","?","R","B",null,"M","$","M","?","M","E"],"character_chosen":"THE_SILENT","items_purchased":["Infinite Blades","Masterful Stab","Lantern","Noxious Fumes"],"campfire_rested":0,"item_purchase_floors":[2,2,19,19],"current_hp_per_floor":[63,63,63,52,52,59,58,53,53,53,46,46,46,46,46,26,64,59,59,59,59,47,0],"gold":255,"neow_bonus":"THREE_ENEMY_KILL","is_prod":false,"is_daily":false,"chose_seed":false,"campfire_upgraded":3,"win_rate":0,"timestamp":1549262891,"path_taken":["M","$","M","?","?","E","M","?","T","R","E","M","R","?","R","BOSS","M","$","M","?","?","E"],"build_version":"2019-01-23","purchased_purges":1,"victory":false,"max_hp_per_floor":[70,70,70,70,70,77,77,77,77,77,77,77,77,77,77,77,77,77,77,77,77,77,77],"card_choices":[{"not_picked":["Deadly Poison","Setup"],"picked":"Cloak And Dagger","floor":1},{"not_picked":["Deadly Poison","Escape Plan"],"picked":"Crippling Poison","floor":3},{"not_picked":["Bane","Dagger Spray"],"picked":"Deflect","floor":6},{"not_picked":["Deadly Poison","Prepared"],"picked":"Cloak And Dagger","floor":7},{"not_picked":["Slice","Endless Agony"],"picked":"Terror","floor":8},{"not_picked":["Phantasmal Killer","Poisoned Stab"],"picked":"Masterful Stab","floor":11},{"not_picked":["Slice","Bane"],"picked":"Dagger Spray","floor":12},{"not_picked":["Doppelganger","Storm of Steel"],"picked":"Die Die Die","floor":16},{"not_picked":["Deadly Poison+1","Quick Slash"],"picked":"Dodge and Roll+1","floor":18},{"not_picked":["Dagger Spray+1","Deadly Poison","All Out Attack+1"],"picked":"SKIP","floor":20},{"not_picked":["Underhanded Strike","PiercingWail+1"],"picked":"Dash+1","floor":22}],"player_experience":446826,"relics_obtained":[{"floor":6,"key":"Strawberry"},{"floor":9,"key":"Boot"},{"floor":11,"key":"Pen Nib"}],"event_choices":[{"damage_healed":0,"gold_gain":75,"player_choice":"Gather Gold","damage_taken":11,"max_hp_gain":0,"max_hp_loss":0,"event_name":"World of Goop","floor":4,"gold_loss":0},{"damage_healed":0,"gold_gain":0,"player_choice":"Trade","damage_taken":0,"relics_obtained":["SsserpentHead"],"max_hp_gain":0,"max_hp_loss":0,"event_name":"FaceTrader","floor":5,"gold_loss":0},{"damage_healed":0,"gold_gain":0,"cards_transformed":["Strike_G"],"player_choice":"Change","damage_taken":0,"max_hp_gain":0,"max_hp_loss":0,"event_name":"Living Wall","floor":14,"gold_loss":0,"cards_obtained":["Caltrops"]},{"cards_removed":["Strike_G"],"damage_healed":0,"gold_gain":0,"player_choice":"Purged","damage_taken":0,"max_hp_gain":0,"max_hp_loss":0,"event_name":"Purifier","floor":21,"gold_loss":0}],"is_beta":false,"boss_relics":[{"not_picked":["Runic Pyramid","Runic Dome"],"picked":"Fusion Hammer"}],"items_purged_floors":[19],"is_endless":false,"potions_floor_spawned":[3,6,8,11,12,18],"killed_by":"Gremlin Leader","ascension_level":8}