{"gold_per_floor":[413,20,95,110,110,141,141,141,141,141,157,62,115,140,140,216,216,228,239,2,18,38,38,57,57],"floor_reached":25,"playtime":2299,"items_purged":["Shame","Strike_R"],"score":359,"play_id":"988892fc-57d2-48f2-98d5-0e4ae5412ae6","local_time":"20190101131311","is_ascension_mode":true,"campfire_choices":[{"data":"Perfected Strike","floor":7.0,"key":"SMITH"},{"floor":10.0,"key":"REST"},{"data":"Armaments","floor":15.0,"key":"SMITH"},{"floor":23,"key":"REST"}],"neow_cost":"CURSE","seed_source_timestamp":0,"circlet_count":0,"master_deck":["AscendersBane","Strike_R","Strike_R","Strike_R","Strike_R","Defend_R","Defend_R","Defend_R","Defend_R","Bash","Perfected Strike+1","Spot Weakness","Whirlwind","Ghostly Armor","Armaments+1","Uppercut","Demon Form","Perfected Strike","Uppercut+1","Barricade","Heavy Blade"],"special_seed":0,"relics":["Burning Blood","Old Coin","TheAbacus","Boot","Shuriken","Bronze Scales","Mummified Hand","Busted Crown"],"potions_floor_usage":[25,25],"damage_taken":[{"damage":2.0,"enemies":"Jaw Worm","floor":1.0,"turns":3.0},{"damage":0.0,"enemies":"2 Louse","floor":4.0,"turns":1.0},{"damage":41.0,"enemies":"Lagavulin","floor":6.0,"turns":7.0},{"damage":2.0,"enemies":"Small Slimes","floor":11.0,"turns":3.0},{"damage":15.0,"enemies":"3 Sentries","floor":14.0,"turns":6.0},{"damage":32.0,"enemies":"The Guardian","floor":16.0,"turns":12.0},{"damage":12.0,"enemies":"3 Byrds","floor":18.0,"turns":2.0},{"damage":6.0,"enemies":"Spheric Guardian","floor":19.0,"turns":3.0},{"damage":19.0,"enemies":"Snake Plant","floor":21.0,"turns":3.0},{"damage":26,"enemies":"Cultist and Chosen","floor":22,"turns":5},{"damage":12,"enemies":"3 Cultists","floor":24,"turns":4},{"damage":39,"enemies":"Slavers","floor":25,"turns":4}],"seed_played":"7201145776116946043","potions_obtained":[{"floor":1.0,"key":"Strength Potion"},{"floor":11.0,"key":"Ancient Potion"},{"floor":14.0,"key":"SkillPotion"},{"floor":18.0,"key":"Weak Potion"}],"is_trial":false,"path_per_floor":["M","$","?","M","?","E","R","?","T","R","M","$","T","E","R","B","B",null,"M","M","$","M","M","R","M","E"],"character_chosen":"IRONCLAD","items_purchased":["TheAbacus","Spot Weakness","Whirlwind","Armaments","Uppercut","Barricade"],"campfire_rested":2,"item_purchase_floors":[2,2,2,12,12,20],"current_hp_per_floor":[72,72,61,67,67,32,32,32,32,54,58,58,58,49,49,23,62,56,56,56,43,23,45,39,0],"gold":57,"neow_bonus":"ONE_RARE_RELIC","is_prod":false,"is_daily":false,"chose_seed":false,"campfire_upgraded":2,"win_rate":0,"timestamp":1546366391,"path_taken":["M","$","?","M","?","E","R","?","T","R","M","?","?","E","R","BOSS","BOSS","M","M","$","M","M","R","M","E"],"build_version":"2018-12-20","purchased_purges":2,"victory":false,"max_hp_per_floor":[75,75,75,75,75,75,75,75,75,75,75,75,75,75,75,75,75,75,75,75,75,75,75,75,75],"card_choices":[{"not_picked":["Havoc","Clash"],"picked":"Perfected Strike","floor":1.0},{"not_picked":["Flex","Clothesline","Sever Soul"],"picked":"SKIP","floor":4.0},{"not_picked":["Feel No Pain","Rupture"],"picked":"Ghostly Armor","floor":6.0},{"not_picked":["Headbutt","Clothesline","Infernal Blade"],"picked":"SKIP","floor":11.0},{"not_picked":["Clash","Reckless Charge","Thunderclap"],"picked":"SKIP","floor":14.0},{"not_picked":["Feed","Limit Break"],"picked":"Demon Form","floor":16.0},{"not_picked":[],"picked":"Perfected Strike","floor":18.0},{"not_picked":[],"picked":"Uppercut+1","floor":19.0},{"not_picked":["Carnage"],"picked":"SKIP","floor":21.0},{"not_picked":["Carnage"],"picked":"SKIP","floor":21.0},{"not_picked":["Dual Wield+1"],"picked":"SKIP","floor":22},{"not_picked":[],"picked":"Heavy Blade","floor":24}],"player_experience":387394,"relics_obtained":[{"floor":6.0,"key":"Boot"},{"floor":9.0,"key":"Shuriken"},{"floor":13.0,"key":"Bronze Scales"},{"floor":14.0,"key":"Mummified Hand"}],"event_choices":[{"damage_healed":0.0,"max_hp_gain":0.0,"max_hp_loss":0.0,"gold_gain":75.0,"event_name":"World of Goop","player_choice":"Gather Gold","floor":3.0,"gold_loss":0.0,"damage_taken":11.0},{"damage_healed":0.0,"max_hp_gain":0.0,"max_hp_loss":0.0,"gold_gain":0.0,"event_name":"Liars Game","player_choice":"Ignored","floor":5.0,"gold_loss":0.0,"damage_taken":0.0},{"damage_healed":0.0,"max_hp_gain":0.0,"max_hp_loss":0.0,"gold_gain":0.0,"event_name":"Dead Adventurer","player_choice":"Searched \u00270\u0027 times","floor":8.0,"gold_loss":0.0,"damage_taken":0.0}],"is_beta":false,"boss_relics":[{"not_picked":["Ectoplasm","Runic Dome"],"picked":"Busted Crown"}],"items_purged_floors":[2,20],"is_endless":false,"potions_floor_spawned":[1,11,14,18,21],"killed_by":"Slavers","ascension_level":14}