{"gold_per_floor":[116,126,126,138,138,138,174,174,223,223,262,276,316,335,335,459,459,472,491,155,155,170,170],"floor_reached":23,"playtime":1663,"items_purged":["Strike_B"],"score":339,"play_id":"afd71b90-7c61-4ac4-b7a5-b5174574309e","local_time":"20190209170253","is_ascension_mode":true,"campfire_choices":[{"data":"Defragment","floor":6,"key":"SMITH"},{"data":"Glacier","floor":8,"key":"SMITH"},{"data":"Zap","floor":10,"key":"SMITH"},{"data":"Buffer","floor":15,"key":"SMITH"}],"neow_cost":"NONE","seed_source_timestamp":2750066100180339,"circlet_count":0,"master_deck":["Strike_B+1","Strike_B+1","Strike_B","Defend_B","Defend_B","Defend_B","Defend_B","Zap+1","Dualcast","Reinforced Body","Defragment+1","Conserve Battery","Injury","Glacier+1","Buffer+1","Hologram","Ball Lightning","Sweeping Beam","Biased Cognition","Darkness","FTL","Hologram","Ball Lightning","Go for the Eyes","Defragment+1","Defragment","Creative AI"],"relics":["Cracked Core","NeowsBlessing","Centennial Puzzle","Golden Idol","PreservedInsect","Bag of Marbles","Whetstone","Orrery","Kunai"],"potions_floor_usage":[7,13,19,22,22],"damage_taken":[{"damage":0,"enemies":"Cultist","floor":1,"turns":1},{"damage":0,"enemies":"Small Slimes","floor":2,"turns":1},{"damage":0,"enemies":"Jaw Worm","floor":4,"turns":1},{"damage":20,"enemies":"3 Sentries","floor":7,"turns":6},{"damage":8,"enemies":"Gremlin Nob","floor":11,"turns":5},{"damage":2,"enemies":"2 Fungi Beasts","floor":12,"turns":5},{"damage":2,"enemies":"Lagavulin","floor":13,"turns":9},{"damage":0,"enemies":"Gremlin Gang","floor":14,"turns":4},{"damage":0,"enemies":"Slime Boss","floor":16,"turns":7},{"damage":44,"enemies":"2 Thieves","floor":18,"turns":4},{"damage":1,"enemies":"3 Byrds","floor":19,"turns":3},{"damage":12,"enemies":"Shelled Parasite and Fungi","floor":22,"turns":6},{"damage":10,"enemies":"Slavers","floor":23,"turns":1}],"seed_played":"-6012706941413965410","potions_obtained":[{"floor":1,"key":"Energy Potion"},{"floor":4,"key":"PowerPotion"},{"floor":11,"key":"Fire Potion"},{"floor":16,"key":"PowerPotion"},{"floor":19,"key":"AttackPotion"}],"is_trial":false,"path_per_floor":["M","M","?","M","?","R","E","R","T","R","E","M","E","M","R","B",null,"M","M","$","?","M","E"],"character_chosen":"DEFECT","items_purchased":["Kunai"],"campfire_rested":0,"item_purchase_floors":[20],"current_hp_per_floor":[68,68,65,65,65,65,45,45,45,45,37,35,33,33,33,33,65,21,20,20,20,8,0],"gold":170,"neow_bonus":"THREE_ENEMY_KILL","is_prod":false,"is_daily":false,"chose_seed":false,"campfire_upgraded":4,"win_rate":0,"timestamp":1549749773,"path_taken":["M","?","?","M","?","R","E","R","T","R","E","M","E","M","R","BOSS","M","M","$","?","?","E"],"build_version":"2019-01-23","purchased_purges":1,"victory":false,"max_hp_per_floor":[75,75,75,75,75,75,75,75,75,75,75,75,75,75,75,75,75,75,75,75,75,75,75],"card_choices":[{"not_picked":["Rebound","Gash"],"picked":"Reinforced Body","floor":1},{"not_picked":["Hello World","Hologram"],"picked":"Defragment","floor":2},{"not_picked":["Beam Cell","Gash"],"picked":"Conserve Battery","floor":4},{"not_picked":["Barrage","Double Energy"],"picked":"Glacier","floor":7},{"not_picked":["Streamline","Go for the Eyes"],"picked":"Buffer","floor":11},{"not_picked":["Static Discharge","Sunder"],"picked":"Hologram","floor":12},{"not_picked":["Capacitor","Reboot"],"picked":"Ball Lightning","floor":13},{"not_picked":["Gash","Rebound"],"picked":"Sweeping Beam","floor":14},{"not_picked":["Machine Learning","All For One"],"picked":"Biased Cognition","floor":16},{"not_picked":["Reinforced Body","Leap"],"picked":"Darkness","floor":17},{"not_picked":["Steam","Ball Lightning"],"picked":"FTL","floor":17},{"not_picked":["Barrage","Redo"],"picked":"Hologram","floor":17},{"not_picked":["Steam","Heatsinks"],"picked":"Ball Lightning","floor":17},{"not_picked":["Hologram","Lockon"],"picked":"Go for the Eyes","floor":17},{"not_picked":["Force Field","Steam"],"picked":"Defragment","floor":18},{"not_picked":["Leap","Rebound"],"picked":"Defragment","floor":19},{"not_picked":["Reprogram","Gash"],"picked":"Creative AI","floor":22}],"player_experience":329633,"relics_obtained":[{"floor":7,"key":"PreservedInsect"},{"floor":11,"key":"Bag of Marbles"},{"floor":13,"key":"Whetstone"}],"event_choices":[{"damage_healed":0,"gold_gain":0,"player_choice":"Success","damage_taken":3,"relics_obtained":["Centennial Puzzle"],"max_hp_gain":0,"max_hp_loss":0,"event_name":"Scrap Ooze","floor":3,"gold_loss":0},{"damage_healed":0,"gold_gain":0,"player_choice":"Take Wound","damage_taken":0,"relics_obtained":["Golden Idol"],"max_hp_gain":0,"max_hp_loss":0,"event_name":"Golden Idol","floor":5,"gold_loss":0,"cards_obtained":["Injury"]},{"damage_healed":0,"gold_gain":0,"player_choice":"Upgraded","damage_taken":0,"max_hp_gain":0,"max_hp_loss":0,"event_name":"Upgrade Shrine","floor":21,"gold_loss":0,"cards_upgraded":["Defragment"]}],"is_beta":false,"boss_relics":[{"not_picked":["Lizard Tail","Cursed Key"],"picked":"Orrery"}],"items_purged_floors":[20],"is_endless":false,"potions_floor_spawned":[1,4,11,16,19],"killed_by":"Slavers","ascension_level":6}