{"gold_per_floor":[112,128,138,156,168,168,194,194,249,265,265,290,303,107,107,207,207,218,230,230,250,250,250,315,334,334,334,334,350,350,362,362,362],"floor_reached":33,"playtime":1303,"items_purged":[],"score":331,"play_id":"66c9caeb-04b1-4d8e-bb23-da2ad786a88e","local_time":"20190203194029","is_ascension_mode":false,"campfire_choices":[{"data":"Perfected Strike","floor":6.0,"key":"SMITH"},{"data":"Twin Strike","floor":8.0,"key":"SMITH"},{"floor":15.0,"key":"REST"},{"floor":23.0,"key":"REST"},{"floor":27.0,"key":"REST"},{"floor":30.0,"key":"REST"},{"data":"Perfected Strike","floor":32.0,"key":"SMITH"}],"neow_cost":"NONE","seed_source_timestamp":2228334924702230,"circlet_count":0,"master_deck":["Strike_R","Strike_R","Strike_R","Strike_R+1","Strike_R+1","Defend_R","Defend_R","Defend_R","Defend_R","Cleave","Thunderclap","Perfected Strike+1","Hemokinesis","Twin Strike+1","Hemokinesis","Shrug It Off","The Bomb","Impervious","Ghostly Armor+1","Perfected Strike+1","Flame Barrier","Perfected Strike+1","Inflame"],"special_seed":0,"relics":["Burning Blood","Red Skull","Whetstone","Pen Nib","Dodecahedron","Black Star","MutagenicStrength","Tiny Chest","Calipers","Shuriken"],"potions_floor_usage":[33],"damage_taken":[{"damage":10.0,"enemies":"Cultist","floor":1.0,"turns":4.0},{"damage":9.0,"enemies":"Jaw Worm","floor":2.0,"turns":4.0},{"damage":2.0,"enemies":"2 Louse","floor":3.0,"turns":3.0},{"damage":7.0,"enemies":"2 Fungi Beasts","floor":4.0,"turns":3.0},{"damage":15.0,"enemies":"Gremlin Gang","floor":5.0,"turns":4.0},{"damage":21.0,"enemies":"3 Sentries","floor":7.0,"turns":4.0},{"damage":7.0,"enemies":"Blue Slaver","floor":10.0,"turns":3.0},{"damage":3.0,"enemies":"Gremlin Nob","floor":12.0,"turns":2.0},{"damage":19.0,"enemies":"Large Slime","floor":13.0,"turns":2.0},{"damage":61.0,"enemies":"Hexaghost","floor":16.0,"turns":6.0},{"damage":0.0,"enemies":"Spheric Guardian","floor":18.0,"turns":3.0},{"damage":20.0,"enemies":"Shell Parasite","floor":19.0,"turns":4.0},{"damage":64.0,"enemies":"Colosseum Slavers","floor":20.0,"turns":5.0},{"damage":6.0,"enemies":"Snecko","floor":21.0,"turns":2.0},{"damage":6.0,"enemies":"Gremlin Leader","floor":24.0,"turns":3.0},{"damage":17.0,"enemies":"Sentry and Sphere","floor":25.0,"turns":5.0},{"damage":21.0,"enemies":"Snake Plant","floor":29.0,"turns":3.0},{"damage":0.0,"enemies":"Snecko","floor":31.0,"turns":5.0},{"damage":71,"enemies":"Champ","floor":33,"turns":12}],"seed_played":"5091497497245543036","potions_obtained":[{"floor":3.0,"key":"FairyPotion"},{"floor":4.0,"key":"AttackPotion"},{"floor":7.0,"key":"LiquidBronze"},{"floor":16.0,"key":"Poison Potion"},{"floor":19.0,"key":"SneckoOil"},{"floor":31.0,"key":"Swift Potion"}],"is_trial":false,"path_per_floor":["M","M","M","M","M","R","E","R","T","M","?","E","M","$","R","B",null,"M","M","?","M","?","R","E","M","T","R","?","M","R","M","R","B"],"character_chosen":"IRONCLAD","items_purchased":["The Bomb"],"campfire_rested":4,"item_purchase_floors":[14],"current_hp_per_floor":[76,73,77,76,67,67,52,52,52,51,51,54,41,41,65,10,80,80,66,8,8,8,32,32,21,21,45,37,22,46,52,52,0],"gold":362,"neow_bonus":"RANDOM_COMMON_RELIC","is_prod":false,"is_daily":false,"chose_seed":false,"campfire_upgraded":3,"win_rate":0.0,"timestamp":1549258829,"path_taken":["M","M","M","M","?","R","E","R","T","?","?","E","M","?","R","BOSS","M","M","?","M","?","R","E","M","T","R","?","M","R","M","R","BOSS"],"build_version":"2019-01-23","purchased_purges":0,"victory":false,"max_hp_per_floor":[80,80,80,80,80,80,80,80,80,80,80,80,80,80,80,80,80,80,80,80,80,80,80,80,80,80,80,80,80,80,80,80,80],"card_choices":[{"not_picked":["True Grit","Headbutt"],"picked":"Cleave","floor":1.0},{"not_picked":["Headbutt","Second Wind","Pommel Strike"],"picked":"SKIP","floor":2.0},{"not_picked":["Anger","Iron Wave"],"picked":"Thunderclap","floor":3.0},{"not_picked":["Anger","Blood for Blood"],"picked":"Perfected Strike","floor":4.0},{"not_picked":["Iron Wave","Warcry"],"picked":"Hemokinesis","floor":5.0},{"not_picked":["Iron Wave","Havoc"],"picked":"Twin Strike","floor":7.0},{"not_picked":["Sword Boomerang","Bludgeon","Flex"],"picked":"SKIP","floor":10.0},{"not_picked":["Bloodletting","Pummel"],"picked":"Hemokinesis","floor":12.0},{"not_picked":["Body Slam","Armaments"],"picked":"Shrug It Off","floor":13.0},{"not_picked":["Brutality","Bludgeon"],"picked":"Impervious","floor":16.0},{"not_picked":["Warcry","Hemokinesis","Heavy Blade"],"picked":"SKIP","floor":18.0},{"not_picked":["Whirlwind","Warcry+1"],"picked":"Ghostly Armor+1","floor":19.0},{"not_picked":["Evolve+1","Cleave+1"],"picked":"Perfected Strike+1","floor":21.0},{"not_picked":["Entrench","Whirlwind"],"picked":"Flame Barrier","floor":24.0},{"not_picked":["Warcry+1","Fire Breathing","Sword Boomerang+1"],"picked":"SKIP","floor":25.0},{"not_picked":["Infernal Blade","Fire Breathing+1"],"picked":"Perfected Strike","floor":29.0},{"not_picked":["True Grit+1","Cleave"],"picked":"Inflame","floor":31.0}],"player_experience":73153,"relics_obtained":[{"floor":7.0,"key":"Whetstone"},{"floor":9.0,"key":"Pen Nib"},{"floor":12.0,"key":"Dodecahedron"},{"floor":24.0,"key":"Tiny Chest"},{"floor":24.0,"key":"Calipers"},{"floor":26.0,"key":"Shuriken"}],"event_choices":[{"cards_removed":["Bash"],"damage_healed":0.0,"max_hp_gain":0.0,"max_hp_loss":0.0,"gold_gain":0.0,"event_name":"Bonfire Elementals","player_choice":"Offered Basic","floor":11.0,"gold_loss":0.0,"damage_taken":0.0},{"damage_healed":0.0,"max_hp_gain":0.0,"max_hp_loss":0.0,"gold_gain":0.0,"event_name":"Colosseum","player_choice":"Fight","floor":20.0,"gold_loss":0.0,"damage_taken":0.0},{"damage_healed":0.0,"max_hp_gain":0.0,"max_hp_loss":0.0,"gold_gain":0.0,"event_name":"Colosseum","player_choice":"Fled From Nobs","floor":20.0,"gold_loss":0.0,"damage_taken":0.0},{"damage_healed":0.0,"max_hp_gain":0.0,"max_hp_loss":0.0,"gold_gain":0.0,"event_name":"Drug Dealer","player_choice":"Inject Mutagens","floor":22.0,"gold_loss":0.0,"damage_taken":0.0,"relics_obtained":["MutagenicStrength"]},{"damage_healed":0.0,"max_hp_gain":0.0,"max_hp_loss":0.0,"gold_gain":0.0,"event_name":"Knowing Skull","player_choice":"","floor":28.0,"potions_obtained":[],"gold_loss":0.0,"damage_taken":8.0,"cards_obtained":[]}],"is_beta":false,"boss_relics":[{"not_picked":["Fusion Hammer","Orrery"],"picked":"Black Star"}],"items_purged_floors":[],"is_endless":false,"potions_floor_spawned":[3,4,7,16,19,20,31],"killed_by":"Champ","ascension_level":0}