{"gold_per_floor":[116,32,32,32,50,90,90,124,200,239,262,285,285,305,305,305],"floor_reached":16,"playtime":342,"items_purged":[],"score":257,"play_id":"f2399770-7218-41d9-b2e8-a3afea5b2f21","local_time":"20181230184238","is_ascension_mode":true,"campfire_choices":[{"data":"Defragment","floor":7,"key":"SMITH"},{"floor":13,"key":"REST"},{"floor":15,"key":"REST"}],"neow_cost":"NONE","seed_source_timestamp":262823930922150,"circlet_count":0,"master_deck":["AscendersBane","Strike_B","Strike_B","Strike_B","Strike_B","Defend_B","Defend_B+1","Defend_B","Defend_B","Zap","Dualcast","Storm+1","Defragment+1","Reinforced Body","Doom and Gloom","Sunder","Consume","Amplify","Turbo"],"relics":["Cracked Core","NeowsBlessing","Golden Idol","Orichalcum","Bronze Scales","Kunai","Regal Pillow"],"potions_floor_usage":[10],"damage_taken":[{"damage":0,"enemies":"Small Slimes","floor":1,"turns":1},{"damage":0,"enemies":"Jaw Worm","floor":5,"turns":1},{"damage":0,"enemies":"Gremlin Nob","floor":6,"turns":1},{"damage":25,"enemies":"3 Sentries","floor":8,"turns":7},{"damage":11,"enemies":"Gremlin Nob","floor":10,"turns":4},{"damage":2,"enemies":"2 Louse","floor":12,"turns":2},{"damage":6,"enemies":"Exordium Wildlife","floor":14,"turns":3},{"damage":64,"enemies":"Slime Boss","floor":16,"turns":10}],"seed_played":"5043709886237307764","potions_obtained":[{"floor":1,"key":"Weak Potion"},{"floor":6,"key":"Dexterity Potion"},{"floor":14,"key":"SteroidPotion"}],"is_trial":false,"path_per_floor":["M","$","?","?","M","E","R","E","T","E","T","M","R","M","R","B"],"character_chosen":"DEFECT","items_purchased":["Defragment"],"campfire_rested":2,"item_purchase_floors":[2],"current_hp_per_floor":[64,64,64,45,45,45,45,20,20,9,9,7,41,35,64,0],"gold":305,"neow_bonus":"THREE_ENEMY_KILL","is_prod":false,"is_daily":false,"chose_seed":false,"campfire_upgraded":1,"win_rate":0,"timestamp":1546213358,"path_taken":["M","$","?","?","M","E","R","E","T","E","?","M","R","M","R","BOSS"],"build_version":"2018-12-20","purchased_purges":0,"victory":false,"max_hp_per_floor":[71,71,64,64,64,64,64,64,64,64,64,64,64,64,64,64],"card_choices":[{"not_picked":["Rebound","Steam"],"picked":"Storm","floor":1},{"not_picked":["Stack","Compile Driver"],"picked":"Reinforced Body","floor":5},{"not_picked":["Conserve Battery","Steam"],"picked":"Doom and Gloom","floor":6},{"not_picked":["Conserve Battery","Blizzard"],"picked":"Sunder","floor":8},{"not_picked":["Turbo","Compile Driver"],"picked":"Consume","floor":10},{"not_picked":["Tempest","Reinforced Body"],"picked":"Amplify","floor":12},{"not_picked":["Redo","Ball Lightning"],"picked":"Turbo","floor":14}],"player_experience":457469,"relics_obtained":[{"floor":6,"key":"Orichalcum"},{"floor":8,"key":"Bronze Scales"},{"floor":10,"key":"Kunai"},{"floor":11,"key":"Regal Pillow"}],"event_choices":[{"damage_healed":0,"gold_gain":0,"player_choice":"Lose Max HP","damage_taken":0,"relics_obtained":["Golden Idol"],"max_hp_gain":0,"max_hp_loss":7,"event_name":"Golden Idol","floor":3,"gold_loss":0},{"damage_healed":0,"gold_gain":0,"player_choice":"Entered Light","damage_taken":19,"max_hp_gain":0,"max_hp_loss":0,"event_name":"Shining Light","floor":4,"gold_loss":0,"cards_upgraded":["Defend_B","Storm"]}],"is_beta":false,"boss_relics":[],"items_purged_floors":[],"is_endless":false,"potions_floor_spawned":[1,6,14],"killed_by":"Slime Boss","ascension_level":16}