{"gold_per_floor":[112,132,132,149,324,359,359,394,394,377,449,461,473],"floor_reached":13,"playtime":400,"items_purged":[],"score":127,"play_id":"4ac21dda-5e0f-4922-8b64-af8f669445c1","local_time":"20181213205253","is_ascension_mode":true,"campfire_choices":[{"data":"Loop","floor":7,"key":"SMITH"},{"data":"Seek","floor":12,"key":"SMITH"}],"neow_cost":"NONE","seed_source_timestamp":443464368736313,"circlet_count":0,"master_deck":["Strike_B","Strike_B","Strike_B","Strike_B","Defend_B","Defend_B","Defend_B","Defend_B","Zap+1","Dualcast","Cold Snap","Loop+1","Doubt","Stack","Seek+1","Self Repair"],"relics":["Cracked Core","NeowsBlessing","The Courier","Matryoshka","MawBank","Gremlin Horn","Strawberry"],"potions_floor_usage":[11,11],"damage_taken":[{"damage":0,"enemies":"Jaw Worm","floor":1,"turns":1},{"damage":0,"enemies":"2 Louse","floor":2,"turns":1},{"damage":0,"enemies":"Small Slimes","floor":4,"turns":1},{"damage":34,"enemies":"Lagavulin","floor":6,"turns":8},{"damage":19,"enemies":"3 Sentries","floor":8,"turns":8},{"damage":3,"enemies":"3 Sentries","floor":11,"turns":5},{"damage":20,"enemies":"Exordium Wildlife","floor":13,"turns":3}],"seed_played":"-7343523377727109378","potions_obtained":[{"floor":1,"key":"Fruit Juice"},{"floor":4,"key":"AttackPotion"},{"floor":6,"key":"Energy Potion"}],"is_trial":false,"path_per_floor":["M","M","?","M","?","E","R","E","T","?","?","R","M"],"character_chosen":"DEFECT","items_purchased":[],"campfire_rested":0,"item_purchase_floors":[],"current_hp_per_floor":[68,68,68,68,68,34,34,15,15,15,19,19,0],"gold":473,"neow_bonus":"THREE_ENEMY_KILL","is_prod":false,"is_daily":false,"chose_seed":false,"campfire_upgraded":2,"win_rate":0,"timestamp":1544752373,"path_taken":["M","M","?","M","?","E","R","E","T","?","?","R","M"],"build_version":"2018-12-13","purchased_purges":0,"victory":false,"max_hp_per_floor":[75,75,75,75,75,75,75,75,75,75,82,82,82],"card_choices":[{"not_picked":["Undo","Genetic Algorithm"],"picked":"Cold Snap","floor":1},{"not_picked":["Conserve Battery","Stack"],"picked":"Loop","floor":2},{"not_picked":["Beam Cell","Gash","Reprogram"],"picked":"SKIP","floor":4},{"not_picked":["Reprogram","Steam"],"picked":"Stack","floor":6},{"not_picked":["Barrage","Rip and Tear"],"picked":"Seek","floor":8},{"not_picked":["Scrape","Stack"],"picked":"Self Repair","floor":11}],"player_experience":330358,"relics_obtained":[{"floor":6,"key":"The Courier"},{"floor":8,"key":"Matryoshka"},{"floor":9,"key":"MawBank"},{"floor":9,"key":"Gremlin Horn"},{"floor":11,"key":"Strawberry"}],"event_choices":[{"damage_healed":0,"gold_gain":0,"player_choice":"Grow","damage_taken":0,"max_hp_gain":0,"max_hp_loss":0,"event_name":"Living Wall","floor":3,"gold_loss":0,"cards_upgraded":["Zap"]},{"damage_healed":0,"gold_gain":175,"player_choice":"AGREE","damage_taken":0,"max_hp_gain":0,"max_hp_loss":0,"event_name":"Liars Game","floor":5,"gold_loss":0,"cards_obtained":["Doubt"]},{"damage_healed":0,"gold_gain":0,"player_choice":"Left Gold","damage_taken":0,"max_hp_gain":0,"max_hp_loss":0,"event_name":"World of Goop","floor":10,"gold_loss":29},{"damage_healed":0,"gold_gain":0,"player_choice":"Searched \u00271\u0027 times","damage_taken":0,"max_hp_gain":0,"max_hp_loss":0,"event_name":"Dead Adventurer","floor":11,"gold_loss":0}],"is_beta":false,"boss_relics":[],"items_purged_floors":[],"is_endless":false,"potions_floor_spawned":[1,4,6],"killed_by":"Exordium Wildlife","ascension_level":8}