{"gold_per_floor":[116,116,66,84,102,102,122,150,150,166,166],"floor_reached":11,"playtime":609,"items_purged":[],"score":75,"play_id":"9bdbabe4-2db1-4a7f-a1f5-16b4eda8dba4","local_time":"20180817203437","is_ascension_mode":false,"campfire_choices":[{"data":"Accuracy","floor":6,"key":"SMITH"}],"neow_cost":"NONE","seed_source_timestamp":85119914859045,"circlet_count":0,"master_deck":["Defend_G","Defend_G","Defend_G","Defend_G","Defend_G","Strike_G+1","Strike_G","Strike_G+1","Strike_G","Survivor","Neutralize","Clumsy","Injury","Cloak And Dagger","Accuracy+1","Poisoned Stab+1","Cloak And Dagger","Cloak And Dagger","Poisoned Stab+1","Backflip"],"relics":["Calling Bell","Blood Vial","Molten Egg 2","The Specimen","Whetstone","Bottled Tornado"],"potions_floor_usage":[],"damage_taken":[{"damage":7,"enemies":"Small Slimes","floor":1,"turns":6},{"damage":2,"enemies":"2 Louse","floor":4,"turns":3},{"damage":1,"enemies":"Cultist","floor":5,"turns":3},{"damage":2,"enemies":"Blue Slaver","floor":7,"turns":4},{"damage":32,"enemies":"Gremlin Nob","floor":8,"turns":6},{"damage":0,"enemies":"Looter","floor":10,"turns":4},{"damage":42,"enemies":"Gremlin Nob","floor":11,"turns":4}],"seed_played":"8292785151686527391","potions_obtained":[{"floor":4,"key":"EssenceOfSteel"},{"floor":8,"key":"Dexterity Potion"}],"is_trial":false,"path_per_floor":["M","?","?","M","M","R","M","E","T","M"],"character_chosen":"THE_SILENT","items_purchased":[],"campfire_rested":0,"item_purchase_floors":[],"current_hp_per_floor":[63,63,63,63,64,64,64,34,34,36,0],"gold":166,"neow_bonus":"BOSS_RELIC","is_prod":false,"is_daily":false,"chose_seed":false,"campfire_upgraded":1,"win_rate":0,"timestamp":1534505677,"path_taken":["M","?","?","M","M","R","?","E","T","M","?"],"build_version":"2018-08-16","purchased_purges":0,"victory":false,"max_hp_per_floor":[70,70,70,70,70,70,70,70,70,70,70],"card_choices":[{"not_picked":["Leg Sweep","Dagger Throw+1"],"picked":"Cloak And Dagger","floor":1},{"not_picked":["Slice+1","PiercingWail"],"picked":"Poisoned Stab+1","floor":4},{"not_picked":["Blur","Caltrops"],"picked":"Cloak And Dagger","floor":5},{"not_picked":["Deadly Poison","Flying Knee+1"],"picked":"Cloak And Dagger","floor":7},{"not_picked":["Endless Agony+1","Masterful Stab+1"],"picked":"Poisoned Stab+1","floor":8},{"not_picked":["Dagger Spray+1","Endless Agony+1"],"picked":"Backflip","floor":10}],"player_experience":335112,"relics_obtained":[{"floor":0,"key":"Blood Vial"},{"floor":0,"key":"Molten Egg 2"},{"floor":0,"key":"The Specimen"},{"floor":8,"key":"Whetstone"},{"floor":9,"key":"Bottled Tornado"}],"event_choices":[{"event_name":"Living Wall","player_choice":"Change","floor":2,"damage_taken":0},{"event_name":"The Cleric","player_choice":"Card Removal","floor":3,"damage_taken":0},{"event_name":"Dead Adventurer","player_choice":"Searched \u00272\u0027 times","floor":11,"damage_taken":0}],"is_beta":true,"boss_relics":[],"items_purged_floors":[],"is_endless":false,"potions_floor_spawned":[4,8],"killed_by":"Gremlin Nob","ascension_level":0}