{"gold_per_floor":[119,119,194,42,42,42,56,68,68,68,86,86,86,121,121,218,218,234,16,16,30,30,30,62,62,115,115],"floor_reached":27,"playtime":979,"items_purged":["Defend_B","Strike_B"],"score":341,"play_id":"63532cd9-9113-4897-a1ba-5999c15188ba","local_time":"20181022002138","is_ascension_mode":true,"campfire_choices":[{"data":"Zap","floor":6,"key":"SMITH"},{"data":"Dualcast","floor":10,"key":"SMITH"},{"data":"Coolheaded","floor":12,"key":"SMITH"},{"data":"Ball Lightning","floor":15,"key":"SMITH"},{"floor":23,"key":"REST"}],"neow_cost":"PERCENT_DAMAGE","seed_source_timestamp":8452198685961,"circlet_count":0,"master_deck":["Defend_B","Defend_B","Defend_B","Zap+1","Dualcast+1","AscendersBane","Go for the Eyes","Auto Shields+1","Coolheaded+1","Gash+1","Ball Lightning+1","Gash","Creative AI","Heatsinks","Gash","Capacitor","Fusion+1","Writhe","Steam"],"relics":["Cracked Core","Ornamental Fan","Mercury Hourglass","Philosopher\u0027s Stone","Boot","Dodecahedron","Symbiotic Virus","Nilry\u0027s Codex","Oddly Smooth Stone"],"potions_floor_usage":[14],"damage_taken":[{"damage":2,"enemies":"Jaw Worm","floor":1,"turns":4},{"damage":0,"enemies":"Small Slimes","floor":7,"turns":3},{"damage":0,"enemies":"2 Louse","floor":8,"turns":2},{"damage":0,"enemies":"Large Slime","floor":11,"turns":6},{"damage":6,"enemies":"Gremlin Nob","floor":14,"turns":4},{"damage":6,"enemies":"The Guardian","floor":16,"turns":8},{"damage":10,"enemies":"Shell Parasite","floor":18,"turns":4},{"damage":12,"enemies":"Chosen","floor":21,"turns":4},{"damage":37,"enemies":"Gremlin Leader","floor":24,"turns":6},{"damage":12,"enemies":"3 Cultists","floor":27,"turns":3}],"seed_played":"1760082866277398442","potions_obtained":[{"floor":8,"key":"LiquidBronze"},{"floor":14,"key":"Fire Potion"},{"floor":18,"key":"AttackPotion"}],"is_trial":false,"path_per_floor":["M","?","?","$","?","R","M","M","T","R","M","R","?","E","R","B",null,"M","$","?","M","?","R","E","?","T"],"character_chosen":"DEFECT","items_purchased":["Auto Shields","Gash","Capacitor"],"campfire_rested":1,"item_purchase_floors":[4,19,19],"current_hp_per_floor":[48,41,30,30,55,55,55,55,55,55,55,55,40,34,34,28,63,53,53,53,41,41,63,26,10,10,0],"gold":115,"neow_bonus":"REMOVE_TWO","is_prod":false,"is_daily":false,"chose_seed":false,"campfire_upgraded":4,"win_rate":0,"timestamp":1540135298,"path_taken":["M","?","?","$","?","R","M","?","T","R","?","R","?","E","R","BOSS","M","$","?","M","?","R","E","?","T","M"],"build_version":"2018-10-19","purchased_purges":2,"victory":false,"max_hp_per_floor":[75,75,75,75,75,75,75,75,75,75,75,75,75,75,75,75,75,75,75,75,75,75,75,75,75,75,75],"card_choices":[{"not_picked":["Streamline","Beam Cell"],"picked":"Go for the Eyes","floor":1},{"not_picked":["Compile Driver","Hello World"],"picked":"Coolheaded","floor":7},{"not_picked":["Steam Power","Rebound"],"picked":"Gash","floor":8},{"not_picked":["Coolheaded","Cold Snap"],"picked":"Ball Lightning","floor":11},{"not_picked":["Streamline","Aggregate"],"picked":"Gash","floor":14},{"not_picked":["Core Surge","Seek"],"picked":"Creative AI","floor":16},{"not_picked":["Leap","Steam"],"picked":"Heatsinks","floor":18},{"not_picked":["Steam+1","Streamline"],"picked":"Fusion+1","floor":21},{"not_picked":["Stack","Darkness"],"picked":"Steam","floor":24}],"player_experience":527829,"relics_obtained":[{"floor":9,"key":"Ornamental Fan"},{"floor":14,"key":"Mercury Hourglass"},{"floor":24,"key":"Symbiotic Virus"},{"floor":25,"key":"Nilry\u0027s Codex"},{"floor":26,"key":"Oddly Smooth Stone"}],"event_choices":[{"cards_removed":["Strike_B"],"damage_healed":0,"gold_gain":0,"player_choice":"Card Removal","damage_taken":7,"max_hp_gain":0,"max_hp_loss":0,"event_name":"Golden Wing","floor":2,"gold_loss":0},{"damage_healed":0,"gold_gain":75,"player_choice":"Gather Gold","damage_taken":11,"max_hp_gain":0,"max_hp_loss":0,"event_name":"World of Goop","floor":3,"gold_loss":0},{"damage_healed":25,"gold_gain":0,"player_choice":"Banana","damage_taken":0,"max_hp_gain":0,"max_hp_loss":0,"event_name":"Big Fish","floor":5,"gold_loss":0},{"damage_healed":0,"gold_gain":0,"player_choice":"Entered Light","damage_taken":15,"max_hp_gain":0,"max_hp_loss":0,"event_name":"Shining Light","floor":13,"gold_loss":0,"cards_upgraded":["Auto Shields","Gash"]},{"damage_healed":0,"gold_gain":0,"player_choice":"Gave Potion","damage_taken":0,"relics_obtained":["Boot"],"max_hp_gain":0,"max_hp_loss":0,"event_name":"WeMeetAgain","floor":20,"gold_loss":0},{"damage_healed":0,"gold_gain":0,"player_choice":"Opened","damage_taken":0,"relics_obtained":["Dodecahedron"],"max_hp_gain":0,"max_hp_loss":0,"event_name":"The Mausoleum","floor":22,"gold_loss":0,"cards_obtained":["Writhe"]},{"damage_healed":0,"gold_gain":0,"player_choice":"Obtained Book","damage_taken":16,"max_hp_gain":0,"max_hp_loss":0,"event_name":"Cursed Tome","floor":25,"gold_loss":0}],"is_beta":true,"boss_relics":[{"not_picked":["Pandora\u0027s Box","FrozenCore"],"picked":"Philosopher\u0027s Stone"}],"items_purged_floors":[4,19],"is_endless":false,"potions_floor_spawned":[8,14,18],"killed_by":"3 Cultists","ascension_level":10}