{"gold_per_floor":[117,117,132,3,18,46,46,46,46,63,89,104,104,131,131,205,205,218,218,228,247,260,287,287,287,287,79,109,109,109,109,109,181,181,199,209,209,229,243,243,253,253,253,253,265,15,34,50,50,50],"floor_reached":50,"playtime":3414,"items_purged":["Regret","Strike_B"],"score":831,"play_id":"92e9c7f8-fe78-4a67-810d-9d4c6f445d31","local_time":"20190123224743","is_ascension_mode":true,"campfire_choices":[{"floor":7.0,"key":"REST"},{"floor":13.0,"key":"REST"},{"floor":15.0,"key":"REST"},{"floor":24.0,"key":"REST"},{"data":"Zap","floor":25.0,"key":"SMITH"},{"floor":29.0,"key":"REST"},{"data":"Go for the Eyes","floor":32.0,"key":"SMITH"},{"floor":40.0,"key":"REST"},{"floor":42.0,"key":"REST"},{"floor":44.0,"key":"REST"},{"floor":49,"key":"REST"}],"neow_cost":"NONE","seed_source_timestamp":0,"circlet_count":0,"master_deck":["AscendersBane","Defend_B","Defend_B","Defend_B","Defend_B","Zap+1","Dualcast","Gash","Cold Snap","Ball Lightning+1","Rip and Tear+1","Electrodynamics","Go for the Eyes","Chill","Hologram","Conserve Battery","Hyperbeam","Glacier","Coolheaded","Loop","Go for the Eyes","Compile Driver","Leap","FTL","Go for the Eyes+1","Doom and Gloom","Fission","Hologram+1","Steam+1","White Noise","Biased Cognition","Conserve Battery+1","Stack","Biased Cognition","White Noise","Fusion+1","Conserve Battery"],"special_seed":0,"relics":["Cracked Core","Symbiotic Virus","Whetstone","Shuriken","Odd Mushroom","Orichalcum","Sozu","WingedGreaves","Blue Candle","Dream Catcher","Tiny Chest","Pantograph","Fusion Hammer","Gambling Chip","Bag of Preparation"],"potions_floor_usage":[],"damage_taken":[{"damage":14.0,"enemies":"Small Slimes","floor":1.0,"turns":4.0},{"damage":13.0,"enemies":"Jaw Worm","floor":3.0,"turns":4.0},{"damage":1.0,"enemies":"Cultist","floor":5.0,"turns":3.0},{"damage":17.0,"enemies":"Gremlin Nob","floor":6.0,"turns":4.0},{"damage":14.0,"enemies":"Lots of Slimes","floor":10.0,"turns":2.0},{"damage":31.0,"enemies":"The Mushroom Lair","floor":11.0,"turns":3.0},{"damage":0.0,"enemies":"Blue Slaver","floor":12.0,"turns":2.0},{"damage":21.0,"enemies":"Lagavulin","floor":14.0,"turns":5.0},{"damage":13.0,"enemies":"The Guardian","floor":16.0,"turns":9.0},{"damage":4.0,"enemies":"Spheric Guardian","floor":18.0,"turns":3.0},{"damage":0.0,"enemies":"Chosen","floor":20.0,"turns":4.0},{"damage":0.0,"enemies":"3 Cultists","floor":21.0,"turns":4.0},{"damage":0.0,"enemies":"Sentry and Sphere","floor":22.0,"turns":3.0},{"damage":41.0,"enemies":"Book of Stabbing","floor":23.0,"turns":6.0},{"damage":34.0,"enemies":"Champ","floor":33.0,"turns":13.0},{"damage":14.0,"enemies":"3 Darklings","floor":35.0,"turns":3.0},{"damage":8.0,"enemies":"3 Shapes","floor":36.0,"turns":4.0},{"damage":17.0,"enemies":"Spire Growth","floor":38.0,"turns":6.0},{"damage":0.0,"enemies":"3 Darklings","floor":39.0,"turns":3.0},{"damage":2.0,"enemies":"Maw","floor":41.0,"turns":7.0},{"damage":54.0,"enemies":"Transient","floor":45.0,"turns":5.0},{"damage":3,"enemies":"Spire Growth","floor":47,"turns":7},{"damage":0,"enemies":"4 Shapes","floor":48,"turns":4},{"damage":84,"enemies":"Donu and Deca","floor":50,"turns":9}],"seed_played":"-5548480700707733476","potions_obtained":[{"floor":3.0,"key":"Dexterity Potion"},{"floor":10.0,"key":"LiquidBronze"}],"is_trial":false,"path_per_floor":["M","?","M","$","M","E","R","?","T","M","?","M","R","E","R","B",null,"M","?","M","M","M","E","R","R","T","$","T","R","T","?","R","B",null,"M","M","?","M","M","R","M","R","T","R","M","$","M","M","R","B"],"character_chosen":"DEFECT","items_purchased":["Ball Lightning","Leap","Dream Catcher","Bag of Preparation"],"campfire_rested":9,"item_purchase_floors":[4,27,27,46],"current_hp_per_floor":[57,57,44,44,43,26,49,49,49,35,4,4,27,6,29,16,63,59,59,59,59,59,18,41,41,41,41,41,64,64,64,64,44,70,56,48,48,31,31,54,52,75,75,78,24,24,21,21,44,0],"gold":50,"neow_bonus":"TEN_PERCENT_HP_BONUS","is_prod":false,"is_daily":false,"chose_seed":false,"campfire_upgraded":2,"win_rate":0,"timestamp":1548301663,"path_taken":["M","?","M","$","M","E","R","?","T","M","?","M","R","E","R","BOSS","M","?","?","M","M","E","R","R","T","$","?","R","?","?","R","BOSS","M","M","?","M","M","R","M","R","T","R","M","$","M","M","R","BOSS"],"build_version":"2019-01-23","purchased_purges":2,"victory":false,"max_hp_per_floor":[78,78,78,78,78,78,78,78,78,78,78,78,78,78,78,78,78,78,78,78,78,78,78,78,78,78,78,78,78,78,78,78,78,78,78,78,78,78,78,78,78,78,78,78,78,78,78,78,78,78],"card_choices":[{"not_picked":["Storm","Stack"],"picked":"Gash","floor":1.0},{"not_picked":["Compile Driver","Barrage"],"picked":"Cold Snap","floor":3.0},{"not_picked":["Turbo","Chill"],"picked":"Rip and Tear","floor":5.0},{"not_picked":["Doom and Gloom","Sweeping Beam"],"picked":"Electrodynamics","floor":6.0},{"not_picked":["Streamline","Gash"],"picked":"Go for the Eyes","floor":10.0},{"not_picked":["Consume","Ball Lightning"],"picked":"Chill","floor":11.0},{"not_picked":["Tempest","Barrage"],"picked":"Hologram","floor":12.0},{"not_picked":["Fusion","Darkness"],"picked":"Conserve Battery","floor":14.0},{"not_picked":["Amplify","Reboot"],"picked":"Hyperbeam","floor":16.0},{"not_picked":["Sweeping Beam","Self Repair"],"picked":"Glacier","floor":18.0},{"not_picked":["Turbo","Compile Driver"],"picked":"Coolheaded","floor":20.0},{"not_picked":["Auto Shields+1","Darkness"],"picked":"Loop","floor":21.0},{"not_picked":["Chaos","Double Energy+1"],"picked":"Go for the Eyes","floor":22.0},{"not_picked":["Chaos","Darkness"],"picked":"Compile Driver","floor":23.0},{"not_picked":["Compile Driver","Electrodynamics"],"picked":"FTL","floor":29.0},{"not_picked":["Core Surge","Meteor Strike"],"picked":"Fission","floor":33.0},{"not_picked":["Chill","Rebound","Compile Driver"],"picked":"SKIP","floor":35.0},{"not_picked":["Cold Snap","Coolheaded"],"picked":"Hologram+1","floor":36.0},{"not_picked":["Steam Power","Redo"],"picked":"Steam+1","floor":38.0},{"not_picked":["Compile Driver","Rebound+1"],"picked":"White Noise","floor":39.0},{"not_picked":["Conserve Battery","Skim"],"picked":"Biased Cognition","floor":40.0},{"not_picked":["Leap+1","Force Field+1"],"picked":"Conserve Battery+1","floor":41.0},{"not_picked":["Rip and Tear+1","Hologram"],"picked":"Stack","floor":42.0},{"not_picked":["Cold Snap","Sweeping Beam"],"picked":"Biased Cognition","floor":45.0},{"not_picked":["Double Energy","Beam Cell"],"picked":"White Noise","floor":47},{"not_picked":["Hologram+1","Sweeping Beam"],"picked":"Fusion+1","floor":48},{"not_picked":["White Noise","Blizzard"],"picked":"Conserve Battery","floor":49}],"player_experience":369106,"relics_obtained":[{"floor":6.0,"key":"Whetstone"},{"floor":9.0,"key":"Shuriken"},{"floor":11.0,"key":"Odd Mushroom"},{"floor":14.0,"key":"Orichalcum"},{"floor":23.0,"key":"WingedGreaves"},{"floor":26.0,"key":"Blue Candle"},{"floor":28.0,"key":"Tiny Chest"},{"floor":30.0,"key":"Pantograph"},{"floor":43.0,"key":"Gambling Chip"}],"event_choices":[{"damage_healed":0.0,"max_hp_gain":0.0,"max_hp_loss":0.0,"gold_gain":0.0,"event_name":"Big Fish","player_choice":"Box","floor":2.0,"gold_loss":0.0,"damage_taken":0.0,"relics_obtained":["Symbiotic Virus"],"cards_obtained":["Regret"]},{"damage_healed":0.0,"max_hp_gain":0.0,"max_hp_loss":0.0,"gold_gain":0.0,"event_name":"Scrap Ooze","player_choice":"Fled","floor":8.0,"gold_loss":0.0,"damage_taken":0.0},{"damage_healed":0.0,"max_hp_gain":0.0,"max_hp_loss":0.0,"gold_gain":0.0,"event_name":"Mushrooms","player_choice":"Fought Mushrooms","floor":11.0,"gold_loss":0.0,"damage_taken":0.0},{"cards_removed":["Strike_B"],"damage_healed":0.0,"max_hp_gain":0.0,"max_hp_loss":0.0,"gold_gain":0.0,"event_name":"Purifier","player_choice":"Purged","floor":19.0,"gold_loss":0.0,"damage_taken":0.0},{"damage_healed":0.0,"max_hp_gain":0.0,"max_hp_loss":0.0,"gold_gain":0.0,"cards_transformed":["Strike_B","Strike_B"],"event_name":"Drug Dealer","player_choice":"Became Test Subject","floor":31.0,"gold_loss":0.0,"damage_taken":0.0,"cards_obtained":["Go for the Eyes","Doom and Gloom"]},{"damage_healed":0.0,"max_hp_gain":0.0,"max_hp_loss":0.0,"gold_gain":0.0,"event_name":"Tomb of Lord Red Mask","player_choice":"Ignored","floor":37.0,"gold_loss":0.0,"damage_taken":0.0}],"is_beta":false,"boss_relics":[{"not_picked":["Velvet Choker","Snecko Eye"],"picked":"Sozu"},{"not_picked":["White Beast Statue","Busted Crown"],"picked":"Fusion Hammer"}],"items_purged_floors":[4,46],"is_endless":false,"potions_floor_spawned":[3,10,11,12,14,20,23,33,45],"killed_by":"Donu and Deca","ascension_level":14}