{"gold_per_floor":[119,119,138,138,138,138,154,168,239,239,251,278,278,293,293,370,370,384,398,410,410,410],"floor_reached":22,"playtime":874,"items_purged":[],"score":376,"play_id":"af4b62ed-a36d-43bd-adf0-bbca924ee3c6","local_time":"20181029023211","is_ascension_mode":true,"campfire_choices":[{"data":"Backflip","floor":6,"key":"SMITH"},{"data":"Skewer","floor":10,"key":"SMITH"},{"data":"Deadly Poison","floor":13,"key":"SMITH"},{"floor":15,"key":"REST"}],"neow_cost":"NONE","seed_source_timestamp":839435249239600,"circlet_count":0,"master_deck":["Defend_G","Defend_G","Defend_G","Defend_G","Defend_G","Strike_G","Survivor","Neutralize+1","AscendersBane","Backflip","Backflip+1","Skewer+1","Predator","Backflip","Deadly Poison+1","Cloak And Dagger","Die Die Die","Escape Plan+1","Deadly Poison+1","All Out Attack+1","Crippling Poison","Backstab","Necronomicurse"],"relics":["Philosopher\u0027s Stone","Dodecahedron","Vajra","Astrolabe","Necronomicon"],"potions_floor_usage":[11,12,19,22],"damage_taken":[{"damage":1,"enemies":"Cultist","floor":1,"turns":4},{"damage":2,"enemies":"Jaw Worm","floor":3,"turns":6},{"damage":0,"enemies":"Small Slimes","floor":7,"turns":4},{"damage":25,"enemies":"Exordium Thugs","floor":8,"turns":8},{"damage":3,"enemies":"3 Louse","floor":11,"turns":3},{"damage":5,"enemies":"Lagavulin","floor":12,"turns":6},{"damage":0,"enemies":"Looter","floor":14,"turns":3},{"damage":18,"enemies":"Hexaghost","floor":16,"turns":9},{"damage":17,"enemies":"Spheric Guardian","floor":18,"turns":5},{"damage":0,"enemies":"2 Thieves","floor":19,"turns":4},{"damage":16,"enemies":"Cultist and Chosen","floor":20,"turns":5},{"damage":11,"enemies":"Colosseum Slavers","floor":22,"turns":1}],"seed_played":"-720548485636453760","potions_obtained":[{"floor":3,"key":"Regen Potion"},{"floor":8,"key":"Block Potion"},{"floor":18,"key":"Fire Potion"},{"floor":19,"key":"Weak Potion"}],"is_trial":false,"path_per_floor":["M","?","M","?","?","R","M","M","T","R","M","E","R","M","R","B",null,"M","M","M","?"],"character_chosen":"THE_SILENT","items_purchased":[],"campfire_rested":1,"item_purchase_floors":[],"current_hp_per_floor":[58,58,56,61,54,54,54,29,29,29,26,36,36,36,57,39,63,46,46,30,9,0],"gold":410,"neow_bonus":"BOSS_RELIC","is_prod":false,"is_daily":false,"chose_seed":false,"campfire_upgraded":3,"win_rate":0,"timestamp":1540794731,"path_taken":["M","?","?","?","?","R","?","M","T","R","M","E","R","M","R","BOSS","M","M","M","?","?"],"build_version":"2018-10-19","purchased_purges":0,"victory":false,"max_hp_per_floor":[66,66,66,71,71,71,71,71,71,71,71,71,71,71,71,71,71,71,71,71,71,71],"card_choices":[{"not_picked":["Deflect","Dagger Throw"],"picked":"Backflip","floor":1},{"not_picked":["Deadly Poison","Slice"],"picked":"Backflip","floor":3},{"not_picked":["Sucker Punch","Deadly Poison"],"picked":"Skewer","floor":7},{"not_picked":["Backflip","Underhanded Strike"],"picked":"Predator","floor":8},{"not_picked":["Slice","Prepared"],"picked":"Backflip","floor":11},{"not_picked":["Expertise","Dash"],"picked":"Deadly Poison","floor":12},{"not_picked":["Setup","PiercingWail"],"picked":"Cloak And Dagger","floor":14},{"not_picked":["Storm of Steel","Tools of the Trade"],"picked":"Die Die Die","floor":16},{"not_picked":["Finisher","Flying Knee","Bane"],"picked":"SKIP","floor":18},{"not_picked":["Bane","PiercingWail"],"picked":"Crippling Poison","floor":19},{"not_picked":["Deflect","Deadly Poison"],"picked":"Backstab","floor":20}],"player_experience":1545510,"relics_obtained":[{"floor":9,"key":"Dodecahedron"},{"floor":12,"key":"Vajra"},{"floor":21,"key":"Necronomicon"}],"event_choices":[{"damage_healed":0,"gold_gain":0,"player_choice":"Upgraded","damage_taken":0,"max_hp_gain":0,"max_hp_loss":0,"event_name":"Upgrade Shrine","floor":2,"gold_loss":0,"cards_upgraded":["Neutralize"]},{"damage_healed":0,"gold_gain":0,"player_choice":"Donut","damage_taken":0,"max_hp_gain":5,"max_hp_loss":0,"event_name":"Big Fish","floor":4,"gold_loss":0},{"cards_removed":["Strike_G"],"damage_healed":0,"gold_gain":0,"player_choice":"Card Removal","damage_taken":7,"max_hp_gain":0,"max_hp_loss":0,"event_name":"Golden Wing","floor":5,"gold_loss":0},{"damage_healed":0,"gold_gain":0,"player_choice":"Obtained Book","damage_taken":21,"max_hp_gain":0,"max_hp_loss":0,"event_name":"Cursed Tome","floor":21,"gold_loss":0},{"damage_healed":0,"gold_gain":0,"player_choice":"Fight","damage_taken":0,"max_hp_gain":0,"max_hp_loss":0,"event_name":"Colosseum","floor":22,"gold_loss":0}],"is_beta":true,"boss_relics":[{"not_picked":["Pandora\u0027s Box","White Beast Statue"],"picked":"Astrolabe"}],"items_purged_floors":[],"is_endless":false,"potions_floor_spawned":[3,8,18,19],"killed_by":"Colosseum Slavers","ascension_level":20}