{"gold_per_floor":[119,14,31,31,43,43,53,85,85,85,101,101,101,169,169,247,247,259,309,321,371,436,436,466,484,560,571,571,85,100,113,113,188,188,200,219,269,319,89,89,107,118,118,118,129,179,195,0,0,0,0],"floor_reached":52,"playtime":2904,"items_purged":["Strike_G","Strike_G"],"score":1756,"play_id":"993950ce-4540-4f2e-942f-7a6895c7d36a","local_time":"20190126232944","is_ascension_mode":true,"campfire_choices":[{"data":"Eviscerate","floor":6,"key":"SMITH"},{"data":"Footwork","floor":12,"key":"SMITH"},{"data":"Noxious Fumes","floor":15,"key":"SMITH"},{"floor":23,"key":"REST"},{"floor":28,"key":"REST"},{"floor":32,"key":"REST"},{"data":"Catalyst","floor":40,"key":"SMITH"},{"floor":44,"key":"REST"},{"data":"Catalyst","floor":49,"key":"SMITH"}],"neow_cost":"NONE","seed_source_timestamp":107839294849200,"circlet_count":0,"master_deck":["AscendersBane","Defend_G","Defend_G","Defend_G","Defend_G","Defend_G","Survivor","Neutralize","Backflip","Cloak And Dagger","Caltrops+1","Catalyst+1","Adrenaline","Poisoned Stab","Backflip","Footwork+1","Noxious Fumes+1","Corpse Explosion","Choke","Backflip+1","After Image+1","Catalyst+1","Acrobatics","Corpse Explosion","Leg Sweep","Dash","PiercingWail","Backflip+1","Predator+1","Adrenaline","Calculated Gamble"],"relics":["Snecko Eye","Paper Crane","Mercury Hourglass","SsserpentHead","Sozu","Pantograph","Frozen Egg 2","Blood Vial","Empty Cage","Bottled Tornado","Red Mask"],"potions_floor_usage":[8,24,27],"damage_taken":[{"damage":7,"enemies":"Cultist","floor":1,"turns":6},{"damage":0,"enemies":"Small Slimes","floor":3,"turns":4},{"damage":1,"enemies":"2 Louse","floor":5,"turns":2},{"damage":3,"enemies":"Exordium Thugs","floor":7,"turns":5},{"damage":6,"enemies":"Lagavulin","floor":8,"turns":5},{"damage":0,"enemies":"2 Fungi Beasts","floor":11,"turns":2},{"damage":0,"enemies":"3 Louse","floor":14,"turns":2},{"damage":10,"enemies":"Hexaghost","floor":16,"turns":8},{"damage":12,"enemies":"Spheric Guardian","floor":18,"turns":6},{"damage":9,"enemies":"Shell Parasite","floor":20,"turns":4},{"damage":5,"enemies":"Snecko","floor":22,"turns":4},{"damage":25,"enemies":"Book of Stabbing","floor":24,"turns":5},{"damage":4,"enemies":"Chosen and Byrds","floor":25,"turns":5},{"damage":0,"enemies":"3 Cultists","floor":27,"turns":2},{"damage":18,"enemies":"Snake Plant","floor":30,"turns":4},{"damage":0,"enemies":"Cultist and Chosen","floor":31,"turns":3},{"damage":31,"enemies":"Collector","floor":33,"turns":8},{"damage":25,"enemies":"3 Darklings","floor":35,"turns":3},{"damage":0,"enemies":"3 Shapes","floor":36,"turns":3},{"damage":7,"enemies":"3 Darklings","floor":41,"turns":3},{"damage":25,"enemies":"Transient","floor":42,"turns":6},{"damage":0,"enemies":"Sphere and 2 Shapes","floor":45,"turns":4},{"damage":2,"enemies":"Maw","floor":47,"turns":6},{"damage":30,"enemies":"Donu and Deca","floor":50,"turns":6},{"damage":29,"enemies":"Awakened One","floor":51,"turns":20}],"seed_played":"4827651005806294235","potions_obtained":[{"floor":1,"key":"PowerPotion"},{"floor":3,"key":"AttackPotion"},{"floor":14,"key":"FearPotion"}],"is_trial":false,"path_per_floor":["M","$","M","?","M","R","M","E","T","?","M","R","?","M","R","B",null,"M","?","M","?","M","R","E","M","T","M","R","$","M","M","R","B",null,"M","M","?","?","$","R","M","M","T","R","M","?","M","?","R","B","B",null],"character_chosen":"THE_SILENT","items_purchased":["Cloak And Dagger","Caltrops","After Image+1","Catalyst","Blood Vial","Dash","PiercingWail"],"campfire_rested":4,"item_purchase_floors":[2,2,29,29,29,39,39],"current_hp_per_floor":[52,52,52,52,51,51,48,42,42,42,42,42,42,42,42,32,58,46,46,37,19,14,35,10,6,6,6,27,27,11,13,34,30,61,38,40,40,40,40,40,35,12,12,32,34,34,34,34,34,31,29],"gold":0,"neow_bonus":"BOSS_RELIC","is_prod":false,"is_daily":false,"chose_seed":false,"campfire_upgraded":5,"win_rate":0,"timestamp":1548563384,"path_taken":["M","$","M","?","M","R","?","E","T","?","M","R","?","?","R","BOSS","M","?","M","?","?","R","E","M","T","M","R","$","M","M","R","BOSS","M","M","?","?","$","R","M","M","T","R","M","?","M","?","R","BOSS","BOSS"],"build_version":"2019-01-23","purchased_purges":2,"victory":true,"max_hp_per_floor":[66,66,66,66,66,66,66,66,66,66,66,66,66,66,66,66,66,66,66,66,71,71,71,71,71,71,71,71,71,71,71,71,71,71,71,71,67,67,67,67,67,67,67,67,67,67,67,67,67,67,67],"card_choices":[{"not_picked":["Dodge and Roll","Underhanded Strike"],"picked":"Backflip","floor":1},{"not_picked":["Acrobatics","Cloak And Dagger"],"picked":"Catalyst","floor":3},{"not_picked":["Blade Dance","Grand Finale"],"picked":"Eviscerate","floor":5},{"not_picked":["Sucker Punch","Outmaneuver"],"picked":"Poisoned Stab","floor":7},{"not_picked":["Deflect","Escape Plan"],"picked":"Backflip","floor":8},{"not_picked":["Distraction","Dash"],"picked":"Footwork","floor":11},{"not_picked":["Cloak And Dagger","Slice"],"picked":"Noxious Fumes","floor":14},{"not_picked":["Grand Finale","Wraith Form v2"],"picked":"Corpse Explosion","floor":16},{"not_picked":["Backflip","Underhanded Strike"],"picked":"Choke","floor":18},{"not_picked":["Flying Knee+1","Acrobatics","Slice"],"picked":"SKIP","floor":20},{"not_picked":["Outmaneuver","Dagger Throw"],"picked":"Backflip+1","floor":22},{"not_picked":["Concentrate","Poisoned Stab","Tactician+1"],"picked":"SKIP","floor":24},{"not_picked":["Tactician","Sucker Punch","Slice"],"picked":"SKIP","floor":25},{"not_picked":["Deflect","Slice","Prepared"],"picked":"SKIP","floor":27},{"not_picked":["Dagger Throw+1","Flechettes"],"picked":"Acrobatics","floor":30},{"not_picked":["Flying Knee","Dagger Spray","Bane"],"picked":"SKIP","floor":31},{"not_picked":["Die Die Die","Envenom+1"],"picked":"Corpse Explosion","floor":33},{"not_picked":["Bane","Bouncing Flask"],"picked":"Leg Sweep","floor":35},{"not_picked":["Deflect","Backstab","Terror"],"picked":"SKIP","floor":36},{"not_picked":["Quick Slash","Well Laid Plans+1"],"picked":"Backflip+1","floor":41},{"not_picked":["Acrobatics","Dodge and Roll+1"],"picked":"Predator+1","floor":42},{"not_picked":["Distraction","Dagger Throw"],"picked":"Adrenaline","floor":45},{"not_picked":["Outmaneuver","Accuracy+1"],"picked":"Calculated Gamble","floor":47}],"player_experience":1946430,"relics_obtained":[{"floor":8,"key":"Paper Crane"},{"floor":9,"key":"Mercury Hourglass"},{"floor":24,"key":"Pantograph"},{"floor":26,"key":"Frozen Egg 2"},{"floor":43,"key":"Bottled Tornado"}],"event_choices":[{"damage_healed":0,"gold_gain":0,"cards_transformed":["Strike_G"],"player_choice":"Transformed","damage_taken":0,"max_hp_gain":0,"max_hp_loss":0,"event_name":"Transmorgrifier","floor":4,"gold_loss":0,"cards_obtained":["Adrenaline"]},{"damage_healed":0,"gold_gain":0,"player_choice":"Grow","damage_taken":0,"max_hp_gain":0,"max_hp_loss":0,"event_name":"Living Wall","floor":10,"gold_loss":0,"cards_upgraded":["Caltrops"]},{"damage_healed":0,"gold_gain":0,"player_choice":"Trade","damage_taken":0,"relics_obtained":["SsserpentHead"],"max_hp_gain":0,"max_hp_loss":0,"event_name":"FaceTrader","floor":13,"gold_loss":0},{"damage_healed":0,"gold_gain":0,"player_choice":"Ignored","damage_taken":0,"max_hp_gain":0,"max_hp_loss":0,"event_name":"The Mausoleum","floor":19,"gold_loss":0},{"damage_healed":0,"gold_gain":0,"player_choice":"Shed Blood","damage_taken":23,"max_hp_gain":5,"max_hp_loss":0,"event_name":"Forgotten Altar","floor":21,"gold_loss":0},{"damage_healed":0,"gold_gain":0,"player_choice":"Max HP","damage_taken":0,"max_hp_gain":0,"max_hp_loss":4,"event_name":"Winding Halls","floor":37,"gold_loss":0},{"damage_healed":0,"gold_gain":0,"player_choice":"Ignored","damage_taken":0,"max_hp_gain":0,"max_hp_loss":0,"event_name":"Mysterious Sphere","floor":38,"gold_loss":0},{"cards_removed":["Eviscerate"],"damage_healed":0,"gold_gain":0,"player_choice":"Removed Attack","damage_taken":0,"max_hp_gain":0,"max_hp_loss":0,"event_name":"Falling","floor":46,"gold_loss":0},{"damage_healed":0,"gold_gain":0,"player_choice":"Paid","damage_taken":0,"relics_obtained":["Red Mask"],"max_hp_gain":0,"max_hp_loss":0,"event_name":"Tomb of Lord Red Mask","floor":48,"gold_loss":245}],"is_beta":true,"boss_relics":[{"not_picked":["WristBlade","Philosopher\u0027s Stone"],"picked":"Sozu"},{"not_picked":["Black Star","Velvet Choker"],"picked":"Empty Cage"}],"items_purged_floors":[29,39],"is_endless":false,"potions_floor_spawned":[1,3,14,18,22,24,30,36,41,47],"ascension_level":20}