{"gold_per_floor":[116,66,84,103,118,118,138,63,87,99,128,140,162,186,198,210],"floor_reached":16,"playtime":419,"items_purged":["Defend_R"],"score":96,"play_id":"d994f8fa-3d94-4450-b4d3-dd87834a0ebc","local_time":"20190206001124","is_ascension_mode":false,"campfire_choices":[{"data":"Bash","floor":6,"key":"SMITH"},{"data":"Body Slam","floor":12,"key":"SMITH"},{"data":"Shrug It Off","floor":15,"key":"SMITH"}],"neow_cost":"NONE","seed_source_timestamp":204707863861,"circlet_count":0,"master_deck":["Strike_R","Strike_R","Strike_R","Strike_R","Defend_R","Defend_R","Bash+1","Body Slam+1","Shrug It Off+1"],"relics":["Burning Blood","MawBank"],"potions_floor_usage":[],"damage_taken":[{"damage":13,"enemies":"Jaw Worm","floor":1,"turns":3},{"damage":5,"enemies":"2 Louse","floor":3,"turns":2},{"damage":1,"enemies":"Cultist","floor":4,"turns":3},{"damage":16,"enemies":"2 Fungi Beasts","floor":5,"turns":6},{"damage":6,"enemies":"Blue Slaver","floor":7,"turns":4},{"damage":13,"enemies":"3 Louse","floor":11,"turns":4},{"damage":15,"enemies":"Looter","floor":13,"turns":3},{"damage":5,"enemies":"Exordium Wildlife","floor":14,"turns":3},{"damage":55,"enemies":"Hexaghost","floor":16,"turns":9}],"seed_played":"-4586695671421842831","potions_obtained":[{"floor":3,"key":"FearPotion"},{"floor":5,"key":"Explosive Potion"},{"floor":7,"key":"FearPotion"}],"is_trial":false,"path_per_floor":["M","?","M","M","M","R","M","$","T","?","M","R","M","M","R","B"],"character_chosen":"IRONCLAD","items_purchased":[],"campfire_rested":0,"item_purchase_floors":[],"current_hp_per_floor":[73,73,74,79,69,69,69,69,69,69,62,62,53,54,54,0],"gold":210,"neow_bonus":"REMOVE_CARD","is_prod":false,"is_daily":false,"chose_seed":false,"campfire_upgraded":3,"win_rate":0,"timestamp":1549429884,"path_taken":["M","?","M","M","M","R","M","$","T","?","M","R","M","M","R","BOSS"],"build_version":"2019-01-23","purchased_purges":1,"victory":false,"max_hp_per_floor":[80,80,80,80,80,80,80,80,80,80,80,80,80,80,80,80],"card_choices":[{"not_picked":["Warcry","Searing Blow","True Grit"],"picked":"SKIP","floor":1},{"not_picked":["Fire Breathing","Reckless Charge","Warcry"],"picked":"SKIP","floor":3},{"not_picked":["Clothesline","Uppercut","Clash"],"picked":"SKIP","floor":4},{"not_picked":["Perfected Strike","Feel No Pain","Pommel Strike"],"picked":"SKIP","floor":5},{"not_picked":["Warcry","Wild Strike","Double Tap"],"picked":"SKIP","floor":7},{"not_picked":["Wild Strike","Armaments"],"picked":"Body Slam","floor":11},{"not_picked":["Iron Wave","Twin Strike","Second Wind"],"picked":"SKIP","floor":13},{"not_picked":["Thunderclap","Shockwave"],"picked":"Shrug It Off","floor":14}],"player_experience":459189,"relics_obtained":[{"floor":9,"key":"MawBank"}],"event_choices":[{"cards_removed":["Defend_R"],"damage_healed":0,"gold_gain":0,"player_choice":"Card Removal","damage_taken":0,"max_hp_gain":0,"max_hp_loss":0,"event_name":"The Cleric","floor":2,"gold_loss":50},{"damage_healed":0,"gold_gain":0,"player_choice":"Ignored","damage_taken":0,"max_hp_gain":0,"max_hp_loss":0,"event_name":"NoteForYourself","floor":10,"gold_loss":0}],"is_beta":false,"boss_relics":[],"items_purged_floors":[8],"is_endless":false,"potions_floor_spawned":[3,5,7],"killed_by":"Hexaghost","ascension_level":0}