{"gold_per_floor":[118,135,151,0,0,36,36,69,69,244,244,279,279,297,297,420,420,434,455,473,493,592,592,592,610,637,637,656,2,29,29],"floor_reached":31,"playtime":1150,"items_purged":["Strike_B","Doubt"],"score":354,"play_id":"6465c632-ecee-44cd-98e8-07d2b08b0017","local_time":"20190127184406","is_ascension_mode":true,"campfire_choices":[{"data":"Zap","floor":7,"key":"SMITH"},{"floor":11,"key":"REST"},{"floor":13,"key":"REST"},{"floor":15,"key":"REST"},{"floor":24,"key":"REST"},{"data":"Creative AI","floor":27,"key":"SMITH"}],"neow_cost":"NONE","seed_source_timestamp":2171122671598162,"circlet_count":0,"master_deck":["Strike_B","Strike_B","Strike_B","Defend_B","Defend_B","Defend_B","Defend_B","Zap+1","Dualcast","Melter","Turbo","Capacitor","Electrodynamics","Cold Snap","Steam Power","Defragment","Creative AI+1","Coolheaded","Redo+1","Consume","Chaos","Multi-Cast"],"relics":["Cracked Core","Golden Idol","Lantern","Sundial","Centennial Puzzle","Odd Mushroom","Sozu","Prayer Wheel","Happy Flower","Pantograph","Blood Vial"],"potions_floor_usage":[16,25],"damage_taken":[{"damage":1,"enemies":"Cultist","floor":1,"turns":3},{"damage":2,"enemies":"Jaw Worm","floor":2,"turns":3},{"damage":0,"enemies":"Small Slimes","floor":3,"turns":3},{"damage":20,"enemies":"3 Sentries","floor":6,"turns":4},{"damage":30,"enemies":"Gremlin Nob","floor":8,"turns":4},{"damage":23,"enemies":"The Mushroom Lair","floor":12,"turns":4},{"damage":20,"enemies":"Looter","floor":14,"turns":3},{"damage":0,"enemies":"Slime Boss","floor":16,"turns":6},{"damage":7,"enemies":"Chosen","floor":18,"turns":5},{"damage":25,"enemies":"2 Thieves","floor":19,"turns":3},{"damage":0,"enemies":"3 Cultists","floor":20,"turns":3},{"damage":27,"enemies":"Snake Plant","floor":21,"turns":4},{"damage":17,"enemies":"Snecko","floor":25,"turns":6},{"damage":20,"enemies":"Cultist and Chosen","floor":28,"turns":5},{"damage":12,"enemies":"Snake Plant","floor":31,"turns":2}],"seed_played":"-8451741295354030401","potions_obtained":[{"floor":1,"key":"Fire Potion"},{"floor":3,"key":"Swift Potion"},{"floor":6,"key":"Weak Potion"}],"is_trial":false,"path_per_floor":["M","M","M","$","?","E","R","E","T","?","R","?","R","M","R","B",null,"M","M","M","M","?","?","R","M","T","R","M","$","T","M"],"character_chosen":"DEFECT","items_purchased":["Electrodynamics","Happy Flower","Pantograph","Multi-Cast"],"campfire_rested":4,"item_purchase_floors":[4,29,29,29],"current_hp_per_floor":[81,79,79,79,59,39,39,9,9,9,33,10,34,14,38,38,82,75,50,50,23,23,23,47,30,30,30,10,10,10,0],"gold":29,"neow_bonus":"TEN_PERCENT_HP_BONUS","is_prod":false,"is_daily":false,"chose_seed":false,"campfire_upgraded":2,"win_rate":0,"timestamp":1548611046,"path_taken":["M","M","M","?","?","E","R","E","T","?","R","?","R","M","R","BOSS","M","M","M","M","?","?","R","M","T","R","M","$","?","M"],"build_version":"2019-01-23","purchased_purges":2,"victory":false,"max_hp_per_floor":[82,82,82,82,82,82,82,82,82,82,82,82,82,82,82,82,82,82,82,82,82,82,82,82,82,82,82,82,82,82,82],"card_choices":[{"not_picked":["Tempest","Leap"],"picked":"Melter","floor":1},{"not_picked":["Recycle","Steam"],"picked":"Turbo","floor":2},{"not_picked":["Heatsinks","Leap"],"picked":"Capacitor","floor":3},{"not_picked":["Barrage","Stack"],"picked":"Cold Snap","floor":6},{"not_picked":["Barrage","Steam"],"picked":"Steam Power","floor":8},{"not_picked":["Go for the Eyes","Reprogram"],"picked":"Defragment","floor":14},{"not_picked":["Multi-Cast","Biased Cognition"],"picked":"Creative AI","floor":16},{"not_picked":["Reinforced Body","Compile Driver"],"picked":"Coolheaded","floor":18},{"not_picked":["Beam Cell","Steam","Leap"],"picked":"SKIP","floor":19},{"not_picked":["Streamline","Go for the Eyes"],"picked":"Redo+1","floor":20},{"not_picked":["Meteor Strike","Steam","Recycle"],"picked":"SKIP","floor":21},{"not_picked":["Turbo","Redo"],"picked":"Consume","floor":25},{"not_picked":["Cold Snap","Ball Lightning"],"picked":"Chaos","floor":25},{"not_picked":["Cold Snap","Beam Cell","Capacitor"],"picked":"SKIP","floor":28},{"not_picked":["Streamline","Stack","Consume"],"picked":"SKIP","floor":28}],"player_experience":258089,"relics_obtained":[{"floor":6,"key":"Lantern"},{"floor":8,"key":"Sundial"},{"floor":9,"key":"Centennial Puzzle"},{"floor":12,"key":"Odd Mushroom"},{"floor":30,"key":"Blood Vial"}],"event_choices":[{"damage_healed":0,"gold_gain":0,"player_choice":"Take Damage","damage_taken":20,"relics_obtained":["Golden Idol"],"max_hp_gain":0,"max_hp_loss":0,"event_name":"Golden Idol","floor":5,"gold_loss":0},{"damage_healed":0,"gold_gain":175,"player_choice":"AGREE","damage_taken":0,"max_hp_gain":0,"max_hp_loss":0,"event_name":"Liars Game","floor":10,"gold_loss":0,"cards_obtained":["Doubt"]},{"damage_healed":0,"gold_gain":0,"player_choice":"Fought Mushrooms","damage_taken":0,"max_hp_gain":0,"max_hp_loss":0,"event_name":"Mushrooms","floor":12,"gold_loss":0},{"damage_healed":0,"gold_gain":99,"player_choice":"Stole From Cult","damage_taken":0,"max_hp_gain":0,"max_hp_loss":0,"event_name":"Nest","floor":22,"gold_loss":0},{"damage_healed":0,"gold_gain":0,"player_choice":"Opened","damage_taken":0,"relics_obtained":["Prayer Wheel"],"max_hp_gain":0,"max_hp_loss":0,"event_name":"The Mausoleum","floor":23,"gold_loss":0}],"is_beta":false,"boss_relics":[{"not_picked":["Orrery","Busted Crown"],"picked":"Sozu"}],"items_purged_floors":[4,29],"is_endless":false,"potions_floor_spawned":[1,3,6,12,18,19,20,28],"killed_by":"Snake Plant","ascension_level":4}