{"gold_per_floor":[114,33,33,33,53,53,97,97,97,116,39,68,103,116,116,244,244,257,280,5,0,0,27,27,27],"floor_reached":25,"playtime":1288,"items_purged":["Strike_B"],"score":290,"play_id":"bcdfb6af-d843-4dcb-8f0c-f9e2b7b2406c","local_time":"20190113102750","is_ascension_mode":true,"campfire_choices":[{"data":"Zap","floor":6,"key":"SMITH"},{"data":"Static Discharge","floor":8,"key":"SMITH"},{"floor":15,"key":"REST"}],"neow_cost":"NONE","seed_source_timestamp":389637486820150,"circlet_count":0,"master_deck":["Strike_B","Strike_B","Strike_B","Defend_B","Defend_B","Defend_B","Defend_B","Zap+1","Dualcast","Rebound","Static Discharge+1","Force Field","Force Field","Conserve Battery","Capacitor","Chill","Echo Form+1","Double Energy+1","Storm+1","Shame"],"relics":["Cracked Core","NeowsBlessing","Bloody Idol","Juzu Bracelet","Letter Opener","Odd Mushroom","Frozen Egg 2","Black Star","Lee\u0027s Waffle","Gremlin Horn","Pantograph","Smiling Mask"],"potions_floor_usage":[12,13,14,16,25,25],"damage_taken":[{"damage":0,"enemies":"2 Louse","floor":1,"turns":1},{"damage":0,"enemies":"Jaw Worm","floor":5,"turns":1},{"damage":0,"enemies":"Lagavulin","floor":7,"turns":1},{"damage":7,"enemies":"Small Slimes","floor":10,"turns":3},{"damage":4,"enemies":"The Mushroom Lair","floor":12,"turns":4},{"damage":15,"enemies":"3 Sentries","floor":13,"turns":4},{"damage":11,"enemies":"Looter","floor":14,"turns":3},{"damage":30,"enemies":"The Guardian","floor":16,"turns":12},{"damage":16,"enemies":"Shell Parasite","floor":18,"turns":5},{"damage":15,"enemies":"Spheric Guardian","floor":19,"turns":5},{"damage":66,"enemies":"Slavers","floor":23,"turns":5},{"damage":25,"enemies":"Book of Stabbing","floor":25,"turns":4}],"seed_played":"4409424944591866690","potions_obtained":[{"floor":7,"key":"Poison Potion"},{"floor":12,"key":"Explosive Potion"},{"floor":13,"key":"Swift Potion"},{"floor":14,"key":"Weak Potion"},{"floor":19,"key":"EssenceOfSteel"},{"floor":23,"key":"AttackPotion"}],"is_trial":false,"path_per_floor":["M","$","?","?","M","R","E","R","T","M","$","?","E","M","R","B",null,"M","M","$","?","?","E","?","E"],"character_chosen":"DEFECT","items_purchased":["Static Discharge","Capacitor","Lee\u0027s Waffle"],"campfire_rested":1,"item_purchase_floors":[2,11,20],"current_hp_per_floor":[75,75,57,57,57,57,57,57,57,50,50,46,31,20,42,12,75,59,44,82,82,82,21,21,0],"gold":27,"neow_bonus":"THREE_ENEMY_KILL","is_prod":false,"is_daily":false,"chose_seed":false,"campfire_upgraded":2,"win_rate":0,"timestamp":1547393270,"path_taken":["M","$","?","?","M","R","E","R","T","M","?","?","E","M","R","BOSS","M","M","$","?","?","E","?","E"],"build_version":"2019-01-10","purchased_purges":1,"victory":false,"max_hp_per_floor":[75,75,75,75,75,75,75,75,75,75,75,75,75,75,75,75,75,75,75,82,82,82,82,82,82],"card_choices":[{"not_picked":["Cold Snap","Leap"],"picked":"Rebound","floor":1},{"not_picked":["Ball Lightning","Hello World"],"picked":"Force Field","floor":5},{"not_picked":["Beam Cell","Tempest"],"picked":"Force Field","floor":7},{"not_picked":["Darkness","Blizzard"],"picked":"Conserve Battery","floor":10},{"not_picked":["Rebound","Coolheaded"],"picked":"Chill","floor":12},{"not_picked":["Stack","Amplify","Conserve Battery"],"picked":"SKIP","floor":13},{"not_picked":["Leap","Tempest","Go for the Eyes"],"picked":"SKIP","floor":14},{"not_picked":["Buffer+1","Thunder Strike"],"picked":"Echo Form+1","floor":16},{"not_picked":["Steam+1","Turbo"],"picked":"Double Energy+1","floor":18},{"not_picked":["Steam Power","Coolheaded+1","Redo"],"picked":"SKIP","floor":19},{"not_picked":["Capacitor+1","Genetic Algorithm"],"picked":"Storm+1","floor":23}],"player_experience":203891,"relics_obtained":[{"floor":7,"key":"Juzu Bracelet"},{"floor":9,"key":"Letter Opener"},{"floor":12,"key":"Odd Mushroom"},{"floor":13,"key":"Frozen Egg 2"},{"floor":23,"key":"Gremlin Horn"},{"floor":23,"key":"Pantograph"}],"event_choices":[{"damage_healed":0,"gold_gain":0,"player_choice":"Take Damage","damage_taken":18,"relics_obtained":["Golden Idol"],"max_hp_gain":0,"max_hp_loss":0,"event_name":"Golden Idol","floor":3,"gold_loss":0},{"damage_healed":0,"gold_gain":0,"player_choice":"Leave","damage_taken":0,"max_hp_gain":0,"max_hp_loss":0,"event_name":"The Cleric","floor":4,"gold_loss":0},{"damage_healed":0,"gold_gain":0,"player_choice":"Fought Mushrooms","damage_taken":0,"max_hp_gain":0,"max_hp_loss":0,"event_name":"Mushrooms","floor":12,"gold_loss":0},{"damage_healed":0,"gold_gain":0,"player_choice":"Paid Fearfully","damage_taken":0,"max_hp_gain":0,"max_hp_loss":0,"event_name":"Masked Bandits","floor":21,"gold_loss":5},{"damage_healed":0,"gold_gain":0,"player_choice":"Gave Idol","damage_taken":0,"relics_obtained":["Bloody Idol"],"max_hp_gain":0,"max_hp_loss":0,"event_name":"Forgotten Altar","floor":22,"relics_lost":["Golden Idol"],"gold_loss":0},{"damage_healed":0,"gold_gain":0,"player_choice":"Stole Relic","damage_taken":0,"relics_obtained":["Smiling Mask"],"max_hp_gain":0,"max_hp_loss":0,"event_name":"Addict","floor":24,"gold_loss":0,"cards_obtained":["Shame"]}],"is_beta":false,"boss_relics":[{"not_picked":["White Beast Statue","Philosopher\u0027s Stone"],"picked":"Black Star"}],"items_purged_floors":[20],"is_endless":false,"potions_floor_spawned":[7,12,13,14,19,23],"killed_by":"Book of Stabbing","ascension_level":3}