{"gold_per_floor":[109,129,148,113,124,159,234,234,234,234,275,25,43,74,86,222,234,266,278,36,36,51,51,74,74,74,93,18,18,53,53,53,174,174,193,0,0,20,20,20,43,43,43,68,68,68,129,165,165,165,165,165,2,41,41],"floor_reached":55,"playtime":2576,"items_purged":["Injury"],"score":1128,"play_id":"fa532c29-b9f6-41dd-9c80-a07fe55bd5e0","local_time":"20181215172953","is_ascension_mode":true,"campfire_choices":[{"floor":10,"key":"REST"},{"floor":15,"key":"REST"},{"data":"Blizzard","floor":23,"key":"SMITH"},{"data":"Defragment","floor":25,"key":"SMITH"},{"floor":29,"key":"REST"},{"data":"Coolheaded","floor":32,"key":"SMITH"},{"floor":40,"key":"RECALL"},{"floor":42,"key":"REST"},{"floor":49,"key":"REST"},{"floor":52,"key":"REST"}],"neow_cost":"NONE","seed_source_timestamp":92679230848618,"circlet_count":0,"master_deck":["Zap","Dualcast+1","Defragment+1","Cold Snap","Ball Lightning","Cold Snap","Glacier","Skim","Blizzard+1","Conserve Battery+1","Steam","Go for the Eyes","Buffer+1","Static Discharge+1","Scrape","Static Discharge+1","Genetic Algorithm","FTL","Loop+1","Fusion","Glacier","Darkness","Coolheaded+1","Compile Driver","Hologram+1","Reboot+1","Echo Form+1","Seek+1","Seek+1","Undo+1","Writhe","Hologram+1","Recycle+1","Chill+1","Seek+1"],"relics":["Cracked Core","Bag of Preparation","Pen Nib","Golden Idol","Bronze Scales","Frozen Egg 2","Lantern","Pandora\u0027s Box","Nloth\u0027s Gift","Cables","Singing Bowl","Toxic Egg 2","Sundial","Philosopher\u0027s Stone","Red Mask","Unceasing Top","War Paint","Shuriken"],"potions_floor_usage":[14,16,16,30,48,50,54,55,55,55,55,55,55],"damage_taken":[{"damage":4,"enemies":"Small Slimes","floor":1,"turns":3},{"damage":8,"enemies":"Jaw Worm","floor":2,"turns":4},{"damage":4,"enemies":"2 Louse","floor":3,"turns":3},{"damage":12,"enemies":"Exordium Thugs","floor":5,"turns":4},{"damage":31,"enemies":"Lagavulin","floor":6,"turns":6},{"damage":21,"enemies":"Gremlin Nob","floor":11,"turns":4},{"damage":0,"enemies":"Looter","floor":13,"turns":3},{"damage":8,"enemies":"3 Sentries","floor":14,"turns":7},{"damage":16,"enemies":"The Guardian","floor":16,"turns":10},{"damage":0,"enemies":"Shell Parasite","floor":18,"turns":6},{"damage":11,"enemies":"Spheric Guardian","floor":22,"turns":3},{"damage":13,"enemies":"Centurion and Healer","floor":24,"turns":11},{"damage":0,"enemies":"Snake Plant","floor":27,"turns":8},{"damage":29,"enemies":"Gremlin Leader","floor":30,"turns":10},{"damage":6,"enemies":"Automaton","floor":33,"turns":10},{"damage":9,"enemies":"3 Darklings","floor":35,"turns":3},{"damage":11,"enemies":"Orb Walker","floor":38,"turns":3},{"damage":34,"enemies":"Jaw Worm Horde","floor":41,"turns":4},{"damage":6,"enemies":"Spire Growth","floor":44,"turns":7},{"damage":35,"enemies":"2 Orb Walkers","floor":47,"turns":6},{"damage":0,"enemies":"Giant Head","floor":48,"turns":9},{"damage":37,"enemies":"Awakened One","floor":50,"turns":15},{"damage":30,"enemies":"Shield and Spear","floor":54,"turns":8},{"damage":52,"enemies":"The Heart","floor":55,"turns":9}],"seed_played":"-606279091164919322","potions_obtained":[{"floor":2,"key":"Explosive Potion"},{"floor":5,"key":"FearPotion"},{"floor":13,"key":"PowerPotion"},{"floor":24,"key":"Poison Potion"},{"floor":30,"key":"SneckoOil"},{"floor":38,"key":"EntropicBrew"},{"floor":44,"key":"FocusPotion"},{"floor":47,"key":"AttackPotion"},{"floor":48,"key":"FocusPotion"},{"floor":54,"key":"LiquidBronze"}],"is_trial":false,"path_per_floor":["M","M","M","?","M","E","?","?","T","R","E","$","M","E","R","B",null,"M","?","$","T","M","R","M","R","T","M","$","R","E","?","R","B",null,"M","?","?","M","$","R","M","R","T","M","?","$","?","E","R","B",null,"R","$","E","B"],"character_chosen":"DEFECT","items_purchased":["Blizzard","Conserve Battery","Lantern","Cables","Recycle+1","Chill+1","Weak Potion"],"campfire_rested":6,"item_purchase_floors":[12,12,12,20,53,53,53],"current_hp_per_floor":[64,56,52,70,58,27,16,16,16,38,17,17,17,9,31,15,60,60,60,60,60,49,49,36,36,36,36,36,58,29,54,54,48,68,59,59,59,48,48,48,14,36,36,32,51,51,18,18,41,4,60,79,79,49,0],"gold":41,"neow_bonus":"RANDOM_COMMON_RELIC","is_prod":false,"is_daily":false,"chose_seed":false,"campfire_upgraded":3,"win_rate":0,"timestamp":1544912993,"path_taken":["M","M","M","?","M","E","?","?","T","R","E","?","M","E","R","BOSS","M","?","$","?","M","R","M","R","T","M","$","R","E","?","R","BOSS","M","?","?","?","?","R","M","R","T","M","?","$","?","E","R","BOSS","R","$","E","BOSS"],"build_version":"2018-12-13","purchased_purges":1,"victory":false,"max_hp_per_floor":[75,75,75,75,75,75,75,75,75,75,75,75,75,75,75,75,75,75,75,75,75,75,75,75,75,75,75,75,75,75,75,75,75,75,75,75,75,75,75,75,75,75,75,77,77,77,79,79,79,79,79,79,79,79,79],"card_choices":[{"not_picked":["Stack","Streamline"],"picked":"Defragment","floor":1},{"not_picked":["Stack","Hologram"],"picked":"Cold Snap","floor":2},{"not_picked":["Fusion","Conserve Battery"],"picked":"Ball Lightning","floor":3},{"not_picked":["Skim","Streamline"],"picked":"Cold Snap","floor":5},{"not_picked":["Beam Cell","Hologram"],"picked":"Glacier","floor":6},{"not_picked":["BootSequence","Aggregate"],"picked":"Skim","floor":11},{"not_picked":["Beam Cell","Fusion"],"picked":"Steam","floor":13},{"not_picked":["BootSequence","Steam"],"picked":"Go for the Eyes","floor":14},{"not_picked":["Meteor Strike","Reboot"],"picked":"Buffer+1","floor":16},{"not_picked":["Go for the Eyes","Undo"],"picked":"Darkness","floor":18},{"not_picked":["Beam Cell","Conserve Battery"],"picked":"Coolheaded","floor":22},{"not_picked":["Hyperbeam","Consume"],"picked":"Compile Driver","floor":24},{"not_picked":["Stack+1","Rip and Tear+1"],"picked":"Hologram+1","floor":27},{"not_picked":["Steam+1","Reinforced Body+1"],"picked":"Reboot+1","floor":30},{"not_picked":["Meteor Strike","Buffer+1"],"picked":"Echo Form+1","floor":33},{"not_picked":["Rebound","Redo+1"],"picked":"Seek+1","floor":35},{"not_picked":["Conserve Battery+1","Compile Driver+1"],"picked":"Seek+1","floor":38},{"not_picked":["Stack+1","Darkness+1"],"picked":"Undo+1","floor":41},{"not_picked":["Conserve Battery+1","Steam+1","Lockon"],"picked":"Singing Bowl","floor":44},{"not_picked":["Barrage","Multi-Cast+1","Skim+1"],"picked":"Singing Bowl","floor":47},{"not_picked":["Streamline+1","All For One"],"picked":"Hologram+1","floor":48},{"not_picked":["Multi-Cast+1","Creative AI+1"],"picked":"Seek+1","floor":54}],"player_experience":342270,"relics_obtained":[{"floor":6,"key":"Pen Nib"},{"floor":9,"key":"Bronze Scales"},{"floor":11,"key":"Frozen Egg 2"},{"floor":14,"key":"MawBank"},{"floor":21,"key":"Singing Bowl"},{"floor":26,"key":"Toxic Egg 2"},{"floor":30,"key":"Sundial"},{"floor":47,"key":"Unceasing Top"},{"floor":48,"key":"War Paint"},{"floor":54,"key":"Shuriken"}],"event_choices":[{"damage_healed":18,"gold_gain":0,"player_choice":"Healed","damage_taken":0,"max_hp_gain":0,"max_hp_loss":0,"event_name":"The Cleric","floor":4,"gold_loss":35},{"damage_healed":0,"gold_gain":75,"player_choice":"Gather Gold","damage_taken":11,"max_hp_gain":0,"max_hp_loss":0,"event_name":"World of Goop","floor":7,"gold_loss":0},{"damage_healed":0,"gold_gain":0,"player_choice":"Take Wound","damage_taken":0,"relics_obtained":["Golden Idol"],"max_hp_gain":0,"max_hp_loss":0,"event_name":"Golden Idol","floor":8,"gold_loss":0,"cards_obtained":["Injury"]},{"damage_healed":0,"gold_gain":0,"player_choice":"Traded Relic","damage_taken":0,"relics_obtained":["Nloth\u0027s Gift"],"max_hp_gain":0,"max_hp_loss":0,"event_name":"N\u0027loth","floor":19,"relics_lost":["MawBank"],"gold_loss":0},{"damage_healed":25,"gold_gain":0,"player_choice":"Heal","damage_taken":0,"max_hp_gain":0,"max_hp_loss":0,"event_name":"The Library","floor":31,"gold_loss":0},{"damage_healed":0,"gold_gain":0,"player_choice":"Paid","damage_taken":0,"relics_obtained":["Red Mask"],"max_hp_gain":0,"max_hp_loss":0,"event_name":"Tomb of Lord Red Mask","floor":36,"gold_loss":193},{"damage_healed":0,"gold_gain":0,"player_choice":"Ignored","damage_taken":0,"max_hp_gain":0,"max_hp_loss":0,"event_name":"SecretPortal","floor":37,"gold_loss":0},{"damage_healed":19,"gold_gain":0,"player_choice":"Writhe","damage_taken":0,"max_hp_gain":0,"max_hp_loss":0,"event_name":"Winding Halls","floor":45,"gold_loss":0,"cards_obtained":["Writhe"]},{"damage_healed":0,"gold_gain":0,"player_choice":"Fight","damage_taken":0,"max_hp_gain":0,"max_hp_loss":0,"event_name":"Mysterious Sphere","floor":47,"gold_loss":0}],"is_beta":false,"boss_relics":[{"not_picked":["Calling Bell","Lizard Tail"],"picked":"Pandora\u0027s Box"},{"not_picked":["Runic Pyramid","Eternal Feather"],"picked":"Philosopher\u0027s Stone"}],"items_purged_floors":[28],"is_endless":false,"potions_floor_spawned":[2,5,13,24,30,38,44,47,48,54],"killed_by":"The Heart","ascension_level":9}