{"path_per_floor":["M","?","?","M","M","E","R","M","T","?","R","M","$","M","R","B",null,"M","?","?","$"],"character_chosen":"THE_SILENT","items_purchased":["Accuracy","War Paint","Accuracy"],"gold_per_floor":[111,111,186,199,217,245,245,261,261,261,261,281,52,66,66,170,170,188,103,103,63,63],"floor_reached":22,"campfire_rested":1,"playtime":1532,"current_hp_per_floor":[70,70,59,59,57,35,70,60,60,53,53,48,48,44,44,1,70,3,3,3,3,0],"items_purged":[],"gold":63,"score":184,"play_id":"608ca622-350d-471b-9549-dd5f232f7919","local_time":"20180401085458","is_prod":false,"is_daily":false,"is_ascension_mode":false,"campfire_upgraded":0,"timestamp":1522587298,"path_taken":["M","?","?","M","?","E","R","M","T","?","R","M","?","?","R","BOSS","M","?","?","$","?"],"build_version":"2018-03-29v2","purchased_purges":1,"victory":false,"master_deck":["Defend_G","Defend_G","Defend_G","Defend_G","Defend_G","Strike_G","Strike_G","Strike_G","Strike_G","Strike_G","Survivor","Neutralize","Venomology+1","Outmaneuver+1","Quick Slash","Dodge and Roll","Storm of Steel","Flying Knee","Accuracy","Accuracy","Storm of Steel","Cloak And Dagger","Accuracy"],"max_hp_per_floor":[70,70,70,70,70,70,70,70,70,70,70,70,70,70,70,70,70,70,70,70,70,70],"relics":["Ring of the Snake","Regal Pillow","Smiling Mask","Girya","War Paint","Bag of Preparation","Nloth\u0027s Gift"],"card_choices":[{"not_picked":["Dodge and Roll","PiercingWail"],"picked":"Venomology","floor":1},{"not_picked":["Leg Sweep","Dagger Throw"],"picked":"Outmaneuver","floor":4},{"not_picked":["Sucker Punch","Calculated Gamble"],"picked":"Quick Slash","floor":5},{"not_picked":["Flying Knee","Outmaneuver"],"picked":"Dodge and Roll","floor":6},{"not_picked":["Underhanded Strike","Dagger Spray"],"picked":"Storm of Steel","floor":8},{"not_picked":["Deflect","Poisoned Stab"],"picked":"Flying Knee","floor":12},{"not_picked":["Caltrops","Bouncing Flask"],"picked":"Accuracy","floor":14},{"not_picked":["Tactician","Doppelganger"],"picked":"Storm of Steel","floor":16},{"not_picked":["Escape Plan","Sucker Punch"],"picked":"Cloak And Dagger","floor":18}],"player_experience":69802,"potions_floor_usage":[6,6,8,14,16,16,16,16,18,22],"damage_taken":[{"damage":0,"enemies":"Cultist","floor":1,"turns":4},{"damage":0,"enemies":"Jaw Worm","floor":4,"turns":7},{"damage":2,"enemies":"2 Louse","floor":5,"turns":6},{"damage":22,"enemies":"3 Sentries","floor":6,"turns":7},{"damage":10,"enemies":"Looter","floor":8,"turns":4},{"damage":5,"enemies":"Large Slime","floor":12,"turns":7},{"damage":4,"enemies":"Red Slaver","floor":14,"turns":5},{"damage":43,"enemies":"Hexaghost","floor":16,"turns":15},{"damage":67,"enemies":"3 Byrds","floor":18,"turns":7},{"damage":10,"enemies":"Chosen","floor":22,"turns":1}],"event_choices":[{"event_name":"Accursed Blacksmith","player_choice":"Rummage","floor":2,"damage_taken":0},{"event_name":"World of Goop","player_choice":"Gather Gold","floor":3,"damage_taken":0},{"event_name":"Golden Wing","player_choice":"Card Removal","floor":10,"damage_taken":0},{"event_name":"Addict","player_choice":"Obtained Relic","floor":19,"damage_taken":0},{"event_name":"N\u0027loth","player_choice":"Traded a Philosopher\u0027s Stone","floor":20,"damage_taken":0}],"boss_relics":[{"not_picked":["Velvet Choker","Sozu"],"picked":"Philosopher\u0027s Stone"}],"potions_floor_spawned":[4,5,6,16],"seed_played":"-1109684451313422572","killed_by":"Chosen","ascension_level":0,"is_trial":false}