{"gold_per_floor":[117,129,129,129,147,147,165,2,2,31,181,181,65,76,76,148,148,167,167],"floor_reached":19,"playtime":1945,"items_purged":["Strike_B"],"score":334,"play_id":"84527675-2f05-48da-9254-556c07e71f75","local_time":"20181226202557","is_ascension_mode":true,"campfire_choices":[{"data":"Zap","floor":6,"key":"SMITH"},{"floor":12,"key":"REST"},{"floor":15,"key":"REST"}],"neow_cost":"","seed_source_timestamp":21854662188599,"circlet_count":0,"master_deck":["AscendersBane","Strike_B","Strike_B","Defend_B","Defend_B","Defend_B","Defend_B","Zap+1","Dualcast","Reprogram","Cold Snap","Undo","Rip and Tear","Sunder","Electrodynamics","Doubt","Cold Snap","Hello World","Darkness","Creative AI"],"relics":["Cracked Core","PreservedInsect","Kunai","Nuclear Battery"],"potions_floor_usage":[],"damage_taken":[{"damage":13,"enemies":"Small Slimes","floor":1,"turns":5},{"damage":0,"enemies":"Cultist","floor":2,"turns":4},{"damage":8,"enemies":"Jaw Worm","floor":5,"turns":4},{"damage":4,"enemies":"2 Fungi Beasts","floor":7,"turns":4},{"damage":20,"enemies":"Lagavulin","floor":10,"turns":6},{"damage":7,"enemies":"Red Slaver","floor":14,"turns":3},{"damage":33,"enemies":"Hexaghost","floor":16,"turns":13},{"damage":54,"enemies":"Shell Parasite","floor":18,"turns":10},{"damage":7,"enemies":"Chosen","floor":19,"turns":3}],"seed_played":"6249563663404989089","potions_obtained":[{"floor":5,"key":"Weak Potion"},{"floor":10,"key":"SteroidPotion"}],"is_trial":true,"path_per_floor":["M","M","?","?","M","R","M","$","T","E","?","R","$","M","R","B",null,"M","M"],"character_chosen":"DEFECT","items_purchased":["Sunder","Cold Snap","Hello World"],"campfire_rested":2,"item_purchase_floors":[8,13,13],"current_hp_per_floor":[51,51,44,40,32,32,28,28,28,8,8,29,29,22,43,10,56,2,0],"gold":167,"neow_bonus":"","is_prod":false,"is_daily":false,"chose_seed":false,"campfire_upgraded":1,"win_rate":0,"timestamp":1545852357,"path_taken":["M","M","?","?","?","R","M","$","T","E","?","R","?","M","R","BOSS","M","M"],"build_version":"2018-12-20","purchased_purges":1,"victory":false,"max_hp_per_floor":[71,71,71,71,71,71,71,71,71,71,71,71,71,71,71,71,71,71,71],"card_choices":[{"not_picked":["Beam Cell","Steam"],"picked":"Reprogram","floor":1},{"not_picked":["Go for the Eyes","Doom and Gloom"],"picked":"Cold Snap","floor":2},{"not_picked":["Turbo","Beam Cell"],"picked":"Undo","floor":5},{"not_picked":["Gash","Turbo"],"picked":"Rip and Tear","floor":7},{"not_picked":["Heatsinks","Auto Shields"],"picked":"Electrodynamics","floor":10},{"not_picked":["Stack","Cold Snap"],"picked":"Darkness","floor":14},{"not_picked":["Core Surge","Electrodynamics"],"picked":"Creative AI","floor":16},{"not_picked":["Turbo","Leap","Go for the Eyes"],"picked":"SKIP","floor":18}],"player_experience":66967,"relics_obtained":[{"floor":9,"key":"PreservedInsect"},{"floor":10,"key":"Kunai"}],"event_choices":[{"cards_removed":["Strike_B"],"damage_healed":0,"gold_gain":0,"player_choice":"Card Removal","damage_taken":7,"max_hp_gain":0,"max_hp_loss":0,"event_name":"Golden Wing","floor":3,"gold_loss":0},{"damage_healed":0,"gold_gain":0,"player_choice":"Bought 0 Potions","damage_taken":0,"max_hp_gain":0,"max_hp_loss":0,"event_name":"The Woman in Blue","floor":4,"gold_loss":0},{"damage_healed":0,"gold_gain":150,"player_choice":"AGREE","damage_taken":0,"max_hp_gain":0,"max_hp_loss":0,"event_name":"Liars Game","floor":11,"gold_loss":0,"cards_obtained":["Doubt"]}],"is_beta":false,"boss_relics":[{"not_picked":["Ectoplasm","Black Star"],"picked":"Nuclear Battery"}],"items_purged_floors":[8],"is_endless":false,"potions_floor_spawned":[5,10,16],"killed_by":"Chosen","ascension_level":20}