{"gold_per_floor":[111,9,29,48,48,48,83,83,107,137,137,170,170,185,185,259,259,277,291,48,64,114,114,131,144,170,170,201,251,94,106,106,183,183,202,215,51,51,51,51,81,81,156,156,216,216,250,250,250,250,250],"floor_reached":51,"playtime":3998,"items_purged":["Strike_G","Strike_G"],"score":1663,"play_id":"56548e2f-7182-4e3a-beff-f1f44e196d81","local_time":"20181212212057","is_ascension_mode":true,"campfire_choices":[{"data":"Skewer","floor":6,"key":"SMITH"},{"floor":8,"key":"REST"},{"floor":11,"key":"REST"},{"data":"Neutralize","floor":13,"key":"SMITH"},{"data":"Deadly Poison","floor":15,"key":"SMITH"},{"floor":23,"key":"REST"},{"floor":27,"key":"REST"},{"floor":32,"key":"REST"},{"floor":40,"key":"REST"},{"floor":44,"key":"REST"},{"floor":46,"key":"REST"},{"floor":49,"key":"REST"}],"neow_cost":"NONE","seed_source_timestamp":145443322478900,"circlet_count":0,"master_deck":["AscendersBane","Defend_G","Defend_G","Defend_G","Defend_G","Defend_G","Strike_G+1","Strike_G+1","Survivor+1","Neutralize+1","Deadly Poison+1","Predator","Skewer+1","Well Laid Plans","PiercingWail","Dodge and Roll","PiercingWail","Adrenaline","Acrobatics+1","Bouncing Flask+1","Sucker Punch+1","Dash","Backflip","Deadly Poison+1","PiercingWail","PiercingWail","Blade Dance","Backflip","Storm of Steel","Catalyst","Thinking Ahead","Backflip","Acrobatics+1","Distraction"],"relics":["White Beast Statue","Lantern","Snake Skull","Blood Vial","Anchor","Fusion Hammer","War Paint","Dream Catcher","Dead Branch","WristBlade","Oddly Smooth Stone","Mango","Dodecahedron","Tiny Chest","The Courier","Ninja Scroll"],"potions_floor_usage":[3,7,10,16,18,21,24,28,31,35,36,41,47,51],"damage_taken":[{"damage":8,"enemies":"Jaw Worm","floor":1,"turns":8},{"damage":0,"enemies":"2 Louse","floor":3,"turns":1},{"damage":0,"enemies":"Cultist","floor":4,"turns":3},{"damage":25,"enemies":"3 Sentries","floor":7,"turns":8},{"damage":0,"enemies":"Gremlin Nob","floor":10,"turns":2},{"damage":13,"enemies":"3 Sentries","floor":12,"turns":11},{"damage":0,"enemies":"2 Fungi Beasts","floor":14,"turns":3},{"damage":21,"enemies":"Hexaghost","floor":16,"turns":12},{"damage":2,"enemies":"Spheric Guardian","floor":18,"turns":6},{"damage":1,"enemies":"Chosen","floor":19,"turns":4},{"damage":4,"enemies":"Snake Plant","floor":21,"turns":4},{"damage":9,"enemies":"Snecko","floor":24,"turns":4},{"damage":13,"enemies":"Sentry and Sphere","floor":25,"turns":5},{"damage":32,"enemies":"Slavers","floor":28,"turns":5},{"damage":4,"enemies":"Chosen and Byrds","floor":31,"turns":6},{"damage":27,"enemies":"Collector","floor":33,"turns":11},{"damage":4,"enemies":"3 Darklings","floor":35,"turns":6},{"damage":0,"enemies":"3 Shapes","floor":36,"turns":4},{"damage":27,"enemies":"Giant Head","floor":41,"turns":6},{"damage":6,"enemies":"Nemesis","floor":45,"turns":5},{"damage":22,"enemies":"Giant Head","floor":47,"turns":7},{"damage":0,"enemies":"Donu and Deca","floor":50,"turns":4},{"damage":86,"enemies":"Time Eater","floor":51,"turns":12}],"seed_played":"-499996854047319410","potions_obtained":[{"floor":1,"key":"Explosive Potion"},{"floor":3,"key":"Strength Potion"},{"floor":4,"key":"GhostInAJar"},{"floor":7,"key":"SteroidPotion"},{"floor":10,"key":"Energy Potion"},{"floor":12,"key":"SteroidPotion"},{"floor":16,"key":"GhostInAJar"},{"floor":18,"key":"SteroidPotion"},{"floor":21,"key":"GhostInAJar"},{"floor":24,"key":"LiquidBronze"},{"floor":28,"key":"SpeedPotion"},{"floor":31,"key":"Ancient Potion"},{"floor":35,"key":"Explosive Potion"},{"floor":36,"key":"Swift Potion"},{"floor":41,"key":"Ancient Potion"},{"floor":45,"key":"Swift Potion"},{"floor":47,"key":"Explosive Potion"}],"is_trial":false,"path_per_floor":["M","$","M","M","?","R","E","R","T","E","R","E","R","M","R","B",null,"M","M","$","M","?","R","M","M","T","R","E","?","$","M","R","B",null,"M","M","$","?","?","R","E","?","T","R","E","R","E","T","R","B","B"],"character_chosen":"THE_SILENT","items_purchased":["Deadly Poison","Predator","War Paint","PiercingWail","Oddly Smooth Stone"],"campfire_rested":9,"item_purchase_floors":[2,2,20,30,37],"current_hp_per_floor":[51,51,51,51,31,31,6,25,25,25,44,33,33,35,35,16,54,54,55,55,53,53,66,57,46,46,65,34,28,28,26,45,20,55,53,55,55,45,45,64,53,53,53,75,70,76,54,54,76,76,0],"gold":250,"neow_bonus":"BOSS_RELIC","is_prod":false,"is_daily":false,"chose_seed":false,"campfire_upgraded":3,"win_rate":0,"timestamp":1544667657,"path_taken":["M","$","M","M","?","R","E","R","T","E","R","E","R","M","R","BOSS","M","M","$","M","?","R","M","?","T","R","E","?","$","?","R","BOSS","M","?","$","?","?","R","E","?","T","R","E","R","E","?","R","BOSS","BOSS"],"build_version":"2018-11-15","purchased_purges":2,"victory":false,"max_hp_per_floor":[66,66,66,66,66,66,66,66,66,66,66,66,66,66,66,66,66,66,66,66,66,66,66,66,66,66,66,66,66,66,66,66,66,66,66,66,66,66,66,66,80,76,76,76,76,76,76,76,76,76,76],"card_choices":[{"not_picked":["Deflect","Blade Dance","Masterful Stab"],"picked":"SKIP","floor":1},{"not_picked":["Well Laid Plans","Endless Agony"],"picked":"Skewer","floor":3},{"not_picked":["Finisher","Setup"],"picked":"Well Laid Plans","floor":4},{"not_picked":["Well Laid Plans","Flying Knee"],"picked":"PiercingWail","floor":7},{"not_picked":["Eviscerate","Dagger Spray"],"picked":"Dodge and Roll","floor":10},{"not_picked":["Skewer","Concentrate","Riddle With Holes"],"picked":"SKIP","floor":12},{"not_picked":["Flying Knee","Expertise"],"picked":"PiercingWail","floor":14},{"not_picked":["Doppelganger","Grand Finale"],"picked":"Adrenaline","floor":16},{"not_picked":["Dodge and Roll","Underhanded Strike"],"picked":"Acrobatics+1","floor":18},{"not_picked":["Underhanded Strike+1","Dodge and Roll"],"picked":"Bouncing Flask","floor":19},{"not_picked":["Deadly Poison","PiercingWail"],"picked":"Sucker Punch+1","floor":21},{"not_picked":["Deflect","Terror"],"picked":"Dash","floor":24},{"not_picked":["Acrobatics","PiercingWail"],"picked":"Backflip","floor":25},{"not_picked":["Blade Dance","Grand Finale"],"picked":"Deadly Poison+1","floor":27},{"not_picked":["Blade Dance","Prepared"],"picked":"PiercingWail","floor":28},{"not_picked":["Backflip","Heel Hook"],"picked":"Blade Dance","floor":31},{"not_picked":["Outmaneuver","Flechettes"],"picked":"Backflip","floor":32},{"not_picked":["Phantasmal Killer","Envenom"],"picked":"Storm of Steel","floor":33},{"not_picked":["Tactician+1","Reflex+1"],"picked":"Catalyst","floor":35},{"not_picked":["Riddle With Holes","Poisoned Stab","Dodge and Roll"],"picked":"SKIP","floor":36},{"not_picked":["HandOfGreed","Swift Strike"],"picked":"Thinking Ahead","floor":38},{"not_picked":["Poisoned Stab","Heel Hook"],"picked":"Backflip","floor":40},{"not_picked":["Underhanded Strike","Slice","Doppelganger"],"picked":"SKIP","floor":41},{"not_picked":["Well Laid Plans","Acrobatics","Dagger Spray"],"picked":"SKIP","floor":45},{"not_picked":["Quick Slash","Riddle With Holes"],"picked":"Acrobatics+1","floor":46},{"not_picked":["Slice","Caltrops+1","Sucker Punch"],"picked":"SKIP","floor":47},{"not_picked":["Setup+1","Outmaneuver"],"picked":"Distraction","floor":49}],"player_experience":1813250,"relics_obtained":[{"floor":7,"key":"Lantern"},{"floor":9,"key":"Snake Skull"},{"floor":10,"key":"Blood Vial"},{"floor":12,"key":"Anchor"},{"floor":26,"key":"Dream Catcher"},{"floor":28,"key":"Dead Branch"},{"floor":41,"key":"Mango"},{"floor":43,"key":"Dodecahedron"},{"floor":45,"key":"Tiny Chest"},{"floor":47,"key":"The Courier"},{"floor":48,"key":"Ninja Scroll"}],"event_choices":[{"damage_healed":0,"gold_gain":0,"player_choice":"Entered Light","damage_taken":20,"max_hp_gain":0,"max_hp_loss":0,"event_name":"Shining Light","floor":5,"gold_loss":0,"cards_upgraded":["Strike_G","Strike_G"]},{"damage_healed":0,"gold_gain":50,"player_choice":"Pray","damage_taken":0,"max_hp_gain":0,"max_hp_loss":0,"event_name":"Golden Shrine","floor":22,"gold_loss":0},{"damage_healed":0,"gold_gain":50,"player_choice":"Touch","damage_taken":6,"max_hp_gain":0,"max_hp_loss":0,"event_name":"FaceTrader","floor":29,"gold_loss":0},{"damage_healed":0,"gold_gain":0,"player_choice":"Memory 3","damage_taken":10,"max_hp_gain":0,"max_hp_loss":0,"event_name":"SensoryStone","floor":38,"gold_loss":0},{"cards_removed":["Strike_G"],"damage_healed":0,"gold_gain":0,"player_choice":"Removed Attack","damage_taken":0,"max_hp_gain":0,"max_hp_loss":0,"event_name":"Falling","floor":39,"gold_loss":0},{"damage_healed":0,"gold_gain":0,"player_choice":"Max HP","damage_taken":0,"max_hp_gain":0,"max_hp_loss":4,"event_name":"Winding Halls","floor":42,"gold_loss":0}],"is_beta":true,"boss_relics":[{"not_picked":["Velvet Choker","Busted Crown"],"picked":"Fusion Hammer"},{"not_picked":["Black Star","Tiny House"],"picked":"WristBlade"}],"items_purged_floors":[20,30],"is_endless":false,"potions_floor_spawned":[1,3,4,7,10,12,14,16,18,19,21,24,25,28,31,33,35,36,41,45,47],"killed_by":"Time Eater","ascension_level":20}