{"gold_per_floor":[117,129,43,61,61,61,88,20,20,30,30,30,48,67,67,171,171,182,452,466,466,10,10,35,47,59,71,98,10,10,28,28,133,133,144,144,162,185,200,210,210,210,233,233,233,249,349,364,364,364],"floor_reached":50,"playtime":5096,"items_purged":["Strike_G","Strike_G"],"score":487,"play_id":"ce878621-af8a-40b2-a88c-6ee673401261","local_time":"20190121235028","is_ascension_mode":false,"campfire_choices":[{"data":"Noxious Fumes","floor":6.0,"key":"SMITH"},{"floor":11,"key":"REST"},{"floor":15,"key":"REST"},{"floor":23,"key":"REST"},{"floor":25,"key":"REST"},{"floor":27,"key":"REST"},{"data":"Neutralize","floor":30,"key":"SMITH"},{"data":"Caltrops","floor":32,"key":"SMITH"},{"data":"Magnetism","floor":41,"key":"SMITH"},{"data":"Phantasmal Killer","floor":44,"key":"SMITH"},{"floor":49,"key":"REST"}],"neow_cost":"NONE","seed_source_timestamp":0,"circlet_count":0,"master_deck":["Defend_G+1","Defend_G","Defend_G","Defend_G+1","Defend_G","Strike_G","Strike_G","Survivor","Neutralize+1","Deep Breath","Dagger Throw","Adrenaline+1","Noxious Fumes+1","Dodge and Roll","Backflip","Bane","Terror","Noxious Fumes","Noxious Fumes","Sucker Punch","Malaise","Dodge and Roll","Backstab","Caltrops+1","Backstab+1","Crippling Poison+1","Bouncing Flask","Cloak And Dagger","Phantasmal Killer+1","Bane+1","Discovery","Magnetism+1","Endless Agony+1","Parasite","Endless Agony","Dodge and Roll+1"],"special_seed":0,"relics":["Ring of the Snake","Pantograph","Bottled Tornado","Velvet Choker","CultistMask","War Paint","DollysMirror","MawBank","Meat on the Bone","HoveringKite","Whetstone","Shovel"],"potions_floor_usage":[16,24,39,39,39,46,48,50],"damage_taken":[{"damage":0.0,"enemies":"Small Slimes","floor":1.0,"turns":3.0},{"damage":0.0,"enemies":"Cultist","floor":2.0,"turns":3.0},{"damage":0.0,"enemies":"2 Louse","floor":4.0,"turns":3.0},{"damage":32,"enemies":"Lagavulin","floor":7,"turns":8},{"damage":12,"enemies":"Exordium Thugs","floor":10,"turns":3},{"damage":7,"enemies":"Lots of Slimes","floor":13,"turns":3},{"damage":0,"enemies":"Large Slime","floor":14,"turns":5},{"damage":3,"enemies":"The Guardian","floor":16,"turns":8},{"damage":0,"enemies":"Chosen","floor":18,"turns":6},{"damage":18,"enemies":"3 Byrds","floor":20,"turns":5},{"damage":26,"enemies":"Gremlin Leader","floor":24,"turns":6},{"damage":10,"enemies":"Sentry and Sphere","floor":28,"turns":5},{"damage":2,"enemies":"Centurion and Healer","floor":31,"turns":5},{"damage":43,"enemies":"Automaton","floor":33,"turns":10},{"damage":12,"enemies":"3 Shapes","floor":35,"turns":4},{"damage":13,"enemies":"Orb Walker","floor":37,"turns":5},{"damage":37,"enemies":"Jaw Worm Horde","floor":39,"turns":4},{"damage":2,"enemies":"Writhing Mass","floor":40,"turns":5},{"damage":29,"enemies":"Maw","floor":46,"turns":7},{"damage":2,"enemies":"Mind Bloom Boss Battle","floor":47,"turns":7},{"damage":41,"enemies":"Transient","floor":48,"turns":5},{"damage":69,"enemies":"Awakened One","floor":50,"turns":10}],"seed_played":"-4720240225572862772","potions_obtained":[{"floor":4.0,"key":"Swift Potion"},{"floor":13,"key":"Poison Potion"},{"floor":18,"key":"Dexterity Potion"},{"floor":24,"key":"Swift Potion"},{"floor":33,"key":"Regen Potion"},{"floor":40,"key":"EssenceOfSteel"},{"floor":46,"key":"EssenceOfSteel"},{"floor":47,"key":"GamblersBrew"}],"is_trial":false,"path_per_floor":["M","M","$","M","?","R","E","$","T","M","R","?","M","M","R","B",null,"M","?","M","?","$","R","E","R","T","R","M","$","R","M","R","B",null,"M","?","M","T","M","M","R","?","T","R","?","M","?","M","R","B"],"character_chosen":"THE_SILENT","items_purchased":["Noxious Fumes","Dodge and Roll","Noxious Fumes","War Paint","Caltrops","DollysMirror"],"campfire_rested":6,"item_purchase_floors":[3,3,8,22,22,22],"current_hp_per_floor":[70,70,70,70,70,70,38,38,38,26,47,47,40,40,61,67,70,70,42,24,24,24,45,19,40,40,61,51,51,51,49,49,39,70,58,48,47,47,36,46,46,46,46,46,46,29,52,23,44,0],"gold":364,"neow_bonus":"RANDOM_COLORLESS","is_prod":false,"is_daily":false,"chose_seed":false,"campfire_upgraded":5,"win_rate":0,"timestamp":1548132628,"path_taken":["M","M","$","M","?","R","E","?","T","M","R","?","?","M","R","BOSS","M","?","?","?","$","R","E","R","T","R","M","$","R","?","R","BOSS","M","?","M","?","M","?","R","?","T","R","?","M","?","M","R","BOSS"],"build_version":"2019-01-17v2","purchased_purges":2,"victory":false,"max_hp_per_floor":[70,70,70,70,70,70,70,70,70,70,70,70,70,70,70,70,70,70,70,70,70,70,70,70,70,70,70,70,70,70,70,70,70,70,70,70,70,70,70,70,70,70,70,70,70,70,70,70,70,70],"card_choices":[{"not_picked":["Deadly Poison","Bane"],"picked":"Dagger Throw","floor":1.0},{"not_picked":["Skewer","Dagger Spray"],"picked":"Adrenaline","floor":2.0},{"not_picked":["Underhanded Strike","Prepared"],"picked":"Backflip","floor":4.0},{"not_picked":["Dagger Spray","Dagger Throw"],"picked":"Terror","floor":7},{"not_picked":["Infinite Blades","Eviscerate"],"picked":"Noxious Fumes","floor":10},{"not_picked":["Acrobatics","Finisher","Underhanded Strike"],"picked":"SKIP","floor":13},{"not_picked":["Deflect","Storm of Steel"],"picked":"Sucker Punch","floor":14},{"not_picked":["Burst","Die Die Die"],"picked":"Malaise","floor":16},{"not_picked":["Masterful Stab","All Out Attack"],"picked":"Dodge and Roll","floor":18},{"not_picked":["All Out Attack","Cloak And Dagger+1"],"picked":"Backstab","floor":20},{"not_picked":["Dodge and Roll","Cloak And Dagger"],"picked":"Crippling Poison+1","floor":24},{"not_picked":["Terror","Deadly Poison"],"picked":"Bouncing Flask","floor":28},{"not_picked":["Sucker Punch+1","Distraction"],"picked":"Cloak And Dagger","floor":31},{"not_picked":["A Thousand Cuts","Venomology"],"picked":"Phantasmal Killer","floor":33},{"not_picked":["Dagger Spray+1","Slice"],"picked":"Bane","floor":35},{"not_picked":["Panache","Blind"],"picked":"Impatience","floor":36},{"not_picked":["Impatience","Mind Blast"],"picked":"Discovery","floor":36},{"not_picked":["Deep Breath","Good Instincts"],"picked":"Magnetism","floor":36},{"not_picked":["Backflip+1","Dagger Throw","Flechettes"],"picked":"SKIP","floor":37},{"not_picked":["Caltrops","Prepared"],"picked":"Endless Agony+1","floor":39},{"not_picked":["Envenom","Deflect+1"],"picked":"Endless Agony","floor":40},{"not_picked":["Choke+1","PiercingWail+1"],"picked":"Dodge and Roll+1","floor":46},{"not_picked":["PiercingWail+1","Dagger Throw+1","Backflip"],"picked":"SKIP","floor":48}],"player_experience":129587,"relics_obtained":[{"floor":7,"key":"Pantograph"},{"floor":9,"key":"Bottled Tornado"},{"floor":24,"key":"MawBank"},{"floor":26,"key":"Meat on the Bone"},{"floor":43,"key":"Whetstone"},{"floor":47,"key":"Shovel"}],"event_choices":[{"damage_healed":0.0,"max_hp_gain":0.0,"max_hp_loss":0.0,"gold_gain":0.0,"cards_transformed":["Strike_G"],"event_name":"Transmorgrifier","player_choice":"Transformed","floor":5.0,"gold_loss":0.0,"damage_taken":0.0,"cards_obtained":["Bane"]},{"damage_healed":0,"gold_gain":0,"player_choice":"Upgraded","damage_taken":0,"max_hp_gain":0,"max_hp_loss":0,"event_name":"Upgrade Shrine","floor":12,"gold_loss":0,"cards_upgraded":["Adrenaline"]},{"damage_healed":0,"gold_gain":270,"player_choice":"GOLD GOLD GOLD ","damage_taken":28,"max_hp_gain":0,"max_hp_loss":0,"event_name":"Knowing Skull","floor":19,"potions_obtained":[],"gold_loss":0,"cards_obtained":[]},{"damage_healed":0,"gold_gain":0,"player_choice":"Trade","damage_taken":0,"relics_obtained":["CultistMask"],"max_hp_gain":0,"max_hp_loss":0,"event_name":"FaceTrader","floor":21,"gold_loss":0},{"damage_healed":0,"gold_gain":0,"player_choice":"Memory 3","damage_taken":10,"max_hp_gain":0,"max_hp_loss":0,"event_name":"SensoryStone","floor":36,"gold_loss":0},{"cards_removed":["Impatience"],"damage_healed":0,"gold_gain":0,"player_choice":"Removed Skill","damage_taken":0,"max_hp_gain":0,"max_hp_loss":0,"event_name":"Falling","floor":42,"gold_loss":0},{"damage_healed":0,"gold_gain":0,"player_choice":"Ignored","damage_taken":0,"max_hp_gain":0,"max_hp_loss":0,"event_name":"Mysterious Sphere","floor":45,"gold_loss":0},{"damage_healed":0,"gold_gain":0,"player_choice":"Fight","damage_taken":0,"max_hp_gain":0,"max_hp_loss":0,"event_name":"MindBloom","floor":47,"gold_loss":0}],"is_beta":false,"boss_relics":[{"not_picked":["Coffee Dripper","Runic Dome"],"picked":"Velvet Choker"},{"not_picked":["WristBlade","Tiny House"],"picked":"HoveringKite"}],"items_purged_floors":[22,29],"is_endless":false,"potions_floor_spawned":[4,13,18,24,33,37,40,46,47],"killed_by":"Awakened One","ascension_level":0}