{"path_per_floor":["M","$","M","?","?","R","E","?","T","R","M","?","M","M","R","B",null,"M","M","M","?","$","R","?","R","T","M","R","M"],"character_chosen":"DEFECT","items_purchased":["Capacitor","Seek"],"gold_per_floor":[115,16,34,34,34,34,63,63,63,63,79,79,89,104,104,204,204,224,238,258,258,4,4,0,0,25,43,43,62,62],"floor_reached":30,"campfire_rested":5,"playtime":2233,"item_purchase_floors":[2,22],"current_hp_per_floor":[75,75,66,59,59,59,36,24,24,46,46,31,29,21,43,25,75,63,52,1,1,1,23,23,45,45,27,49,18,0],"items_purged":["Strike_B","Strike_B"],"gold":62,"score":230,"play_id":"500fe8d1-9ed9-4f44-9ff6-528ec8b785ba","local_time":"20180519234825","is_prod":false,"is_daily":false,"chose_seed":false,"is_ascension_mode":false,"campfire_upgraded":1,"timestamp":1526741305,"campfire_choices":[{"data":"Zap","floor":6,"key":"SMITH"},{"floor":10,"key":"REST"},{"floor":15,"key":"REST"},{"floor":23,"key":"REST"},{"floor":25,"key":"REST"},{"floor":28,"key":"REST"}],"path_taken":["M","$","M","?","?","R","E","?","T","R","M","?","M","M","R","BOSS","M","M","M","?","$","R","?","R","T","?","R","M","E"],"build_version":"2018-05-18","seed_source_timestamp":7832583122916,"purchased_purges":2,"victory":false,"master_deck":["Strike_B","Defend_B","Defend_B","Defend_B","Defend_B","Zap+1","Dualcast+1","Heatsinks","Capacitor","Sweeping Beam","Skim","Axe Kick+1","Coolheaded","Machine Learning","Electrodynamics","Cold Snap","Genetic Algorithm","Consume","Seek","Chaos","FTL"],"max_hp_per_floor":[75,75,75,75,75,75,75,75,75,75,75,75,75,75,75,75,75,75,75,75,75,75,75,75,75,75,75,75,75,75],"relics":["Cracked Core","Gambling Chip","Vajra","Bottled Lightning","Philosopher\u0027s Stone","Omamori"],"card_choices":[{"not_picked":["Consume","Steam"],"picked":"Heatsinks","floor":1},{"not_picked":["Axe Kick","Beam Cell"],"picked":"Sweeping Beam","floor":3},{"not_picked":["Hologram","Steam"],"picked":"Skim","floor":7},{"not_picked":["Blizzard","Force Field"],"picked":"Axe Kick","floor":11},{"not_picked":["Reprogram","Lockon"],"picked":"Coolheaded","floor":13},{"not_picked":["Leap","Steam"],"picked":"Machine Learning","floor":14},{"not_picked":["Buffer","Reboot"],"picked":"Electrodynamics","floor":16},{"not_picked":["Scrape","Sweeping Beam"],"picked":"Cold Snap","floor":18},{"not_picked":["Double Energy+1","Ball Lightning"],"picked":"Genetic Algorithm","floor":19},{"not_picked":["Sweeping Beam+1","Streamline"],"picked":"Consume","floor":20},{"not_picked":["White Noise","Fusion"],"picked":"Chaos","floor":27},{"not_picked":["Sweeping Beam","Barrage"],"picked":"FTL","floor":29}],"player_experience":133569,"potions_floor_usage":[18,19,20],"damage_taken":[{"damage":0,"enemies":"Cultist","floor":1,"turns":4},{"damage":9,"enemies":"Jaw Worm","floor":3,"turns":5},{"damage":23,"enemies":"3 Sentries","floor":7,"turns":8},{"damage":0,"enemies":"2 Louse","floor":11,"turns":2},{"damage":2,"enemies":"Blue Slaver","floor":13,"turns":2},{"damage":8,"enemies":"Gremlin Gang","floor":14,"turns":2},{"damage":18,"enemies":"The Guardian","floor":16,"turns":12},{"damage":12,"enemies":"2 Thieves","floor":18,"turns":3},{"damage":11,"enemies":"Chosen","floor":19,"turns":5},{"damage":51,"enemies":"Slaver and Parasite","floor":20,"turns":6},{"damage":18,"enemies":"3 Cultists","floor":27,"turns":4},{"damage":31,"enemies":"Snake Plant","floor":29,"turns":4},{"damage":23,"enemies":"Gremlin Leader","floor":30,"turns":4}],"relics_obtained":[{"floor":7,"key":"Gambling Chip"},{"floor":9,"key":"Bottled Lightning"},{"floor":26,"key":"Omamori"}],"event_choices":[{"event_name":"Golden Wing","player_choice":"Card Removal","floor":4,"damage_taken":0},{"event_name":"The Lab","player_choice":"Got Potions","floor":5,"damage_taken":0},{"event_name":"Scrap Ooze","player_choice":"success","floor":8,"damage_taken":12},{"event_name":"Shining Light","player_choice":"Entered Light","floor":12,"damage_taken":0},{"event_name":"Match and Keep!","player_choice":"0 cards matched","floor":21,"damage_taken":0},{"event_name":"Masked Bandits","player_choice":"Paid Bandits 4 gold","floor":24,"damage_taken":0}],"boss_relics":[{"not_picked":["Snecko Eye","Runic Dome"],"picked":"Philosopher\u0027s Stone"}],"items_purged_floors":[2,22],"potions_floor_spawned":[1,11,14,19,20],"seed_played":"-8979118546965915540","killed_by":"Gremlin Leader","ascension_level":0,"potions_obtained":[{"floor":1,"key":"GamblersBrew"},{"floor":5,"key":"Ancient Potion"},{"floor":5,"key":"SteroidPotion"},{"floor":5,"key":"FearPotion"},{"floor":11,"key":"Fire Potion"},{"floor":19,"key":"Block Potion"},{"floor":20,"key":"Dexterity Potion"}],"is_trial":false}