{"gold_per_floor":[117,117,132,150,105,137,154,154,154,154,188,27,47,66,66,166,166,166,166,166,166,87,87],"floor_reached":23,"playtime":2785,"items_purged":["Defend_G"],"score":203,"play_id":"6dc772f7-b417-47e5-a443-a4966a5729fb","local_time":"20190106180629","is_ascension_mode":false,"campfire_choices":[{"floor":8,"key":"REST"},{"data":"Well Laid Plans","floor":10,"key":"SMITH"},{"data":"Bouncing Flask","floor":15,"key":"SMITH"}],"neow_cost":"NONE","seed_source_timestamp":1330668691875610,"circlet_count":0,"master_deck":["Defend_G","Defend_G","Defend_G","Defend_G","Strike_G","Strike_G","Strike_G","Strike_G","Strike_G","Survivor","Neutralize","Leg Sweep","Dash","Footwork","Well Laid Plans+1","Bane","Backflip","Night Terror","Footwork","Quick Slash","Flying Knee","Bouncing Flask+1","Glass Knife","Backflip+1","Quick Slash","Caltrops"],"relics":["Ring of the Snake","NeowsBlessing","Calipers","Bottled Flame","Sundial","Ectoplasm"],"potions_floor_usage":[6,11],"damage_taken":[{"damage":0,"enemies":"Jaw Worm","floor":1,"turns":1},{"damage":0,"enemies":"Cultist","floor":3,"turns":1},{"damage":0,"enemies":"Small Slimes","floor":4,"turns":1},{"damage":2,"enemies":"Looter","floor":5,"turns":5},{"damage":37,"enemies":"Gremlin Nob","floor":6,"turns":8},{"damage":3,"enemies":"2 Fungi Beasts","floor":7,"turns":4},{"damage":10,"enemies":"3 Sentries","floor":11,"turns":11},{"damage":0,"enemies":"3 Louse","floor":13,"turns":4},{"damage":6,"enemies":"Exordium Thugs","floor":14,"turns":5},{"damage":26,"enemies":"The Guardian","floor":16,"turns":11},{"damage":10,"enemies":"Chosen","floor":18,"turns":5},{"damage":8,"enemies":"Shell Parasite","floor":19,"turns":5},{"damage":51,"enemies":"Cultist and Chosen","floor":20,"turns":9},{"damage":2,"enemies":"Slavers","floor":23,"turns":1}],"seed_played":"5145872639152490872","potions_obtained":[{"floor":3,"key":"Explosive Potion"},{"floor":6,"key":"Regen Potion"},{"floor":14,"key":"Regen Potion"},{"floor":16,"key":"GhostInAJar"},{"floor":19,"key":"GamblersBrew"},{"floor":20,"key":"Swift Potion"}],"is_trial":false,"path_per_floor":["M","?","M","M","M","E","M","R","T","R","E","$","M","M","R","B",null,"M","M","M","?","$","E"],"character_chosen":"THE_SILENT","items_purchased":["Footwork","Quick Slash","Caltrops"],"campfire_rested":1,"item_purchase_floors":[12,12,22],"current_hp_per_floor":[70,70,70,70,68,31,28,49,49,49,54,54,54,48,48,22,70,60,52,1,1,1,0],"gold":87,"neow_bonus":"THREE_ENEMY_KILL","is_prod":false,"is_daily":false,"chose_seed":false,"campfire_upgraded":2,"win_rate":0.0,"timestamp":1546815989,"path_taken":["M","?","?","M","M","E","M","R","T","R","E","$","M","M","R","BOSS","M","M","M","?","$","E"],"build_version":"2019-01-03v4","purchased_purges":1,"victory":false,"max_hp_per_floor":[70,70,70,70,70,70,70,70,70,70,70,70,70,70,70,70,70,70,70,70,70,70,70],"card_choices":[{"not_picked":["Acrobatics","Deflect"],"picked":"Leg Sweep","floor":1},{"not_picked":["Slice","Underhanded Strike"],"picked":"Dash","floor":3},{"not_picked":["Endless Agony","Deflect"],"picked":"Footwork","floor":4},{"not_picked":["Sucker Punch","Acrobatics"],"picked":"Well Laid Plans","floor":5},{"not_picked":["Distraction","Finisher"],"picked":"Bane","floor":6},{"not_picked":["Deflect","Quick Slash"],"picked":"Backflip","floor":7},{"not_picked":["Escape Plan","All Out Attack"],"picked":"Night Terror","floor":11},{"not_picked":["All Out Attack","Poisoned Stab"],"picked":"Flying Knee","floor":13},{"not_picked":["Quick Slash","Sucker Punch"],"picked":"Bouncing Flask","floor":14},{"not_picked":["Envenom","Adrenaline"],"picked":"Glass Knife","floor":16},{"not_picked":["Underhanded Strike","Sucker Punch","Dodge and Roll"],"picked":"SKIP","floor":18},{"not_picked":["Slice","Outmaneuver"],"picked":"Backflip+1","floor":19},{"not_picked":["Prepared","Deadly Poison"],"picked":"Quick Slash","floor":20}],"player_experience":35336,"relics_obtained":[{"floor":6,"key":"Calipers"},{"floor":9,"key":"Bottled Flame"},{"floor":11,"key":"Sundial"}],"event_choices":[{"damage_healed":0,"gold_gain":0,"player_choice":"Bought 0 Potions","damage_taken":0,"max_hp_gain":0,"max_hp_loss":0,"event_name":"The Woman in Blue","floor":2,"gold_loss":0},{"damage_healed":0,"gold_gain":100,"player_choice":"Pray","damage_taken":0,"max_hp_gain":0,"max_hp_loss":0,"event_name":"Golden Shrine","floor":21,"gold_loss":0}],"is_beta":false,"boss_relics":[{"not_picked":["White Beast Statue","Fusion Hammer"],"picked":"Ectoplasm"}],"items_purged_floors":[12],"is_endless":false,"potions_floor_spawned":[3,6,14,16,19,20],"killed_by":"Slavers","ascension_level":0}