{"gold_per_floor":[111,131,131,146,96,130,58,58,58,58,77,77,88,88],"floor_reached":14,"playtime":639,"items_purged":[],"score":90,"play_id":"a9f28752-0270-4ac6-8428-e5290d0e7602","local_time":"20190118165202","is_ascension_mode":false,"campfire_choices":[{"data":"Tactician","floor":10,"key":"SMITH"},{"data":"After Image","floor":12,"key":"SMITH"}],"neow_cost":"CURSE","seed_source_timestamp":1417974447014689,"circlet_count":0,"master_deck":["Defend_G","Defend_G","Defend_G","Defend_G","Defend_G","Strike_G","Strike_G","Strike_G","Strike_G","Survivor","Neutralize","Parasite","After Image+1","Dagger Throw","Quick Slash","Reflex","Caltrops","Tactician+1","Backflip","Prepared"],"relics":["Ring of the Snake","Kunai","Frozen Egg 2"],"potions_floor_usage":[],"damage_taken":[{"damage":0,"enemies":"2 Louse","floor":1,"turns":5},{"damage":6,"enemies":"Jaw Worm","floor":2,"turns":5},{"damage":0,"enemies":"Cultist","floor":4,"turns":5},{"damage":22,"enemies":"3 Sentries","floor":6,"turns":13},{"damage":11,"enemies":"2 Fungi Beasts","floor":11,"turns":4},{"damage":0,"enemies":"Blue Slaver","floor":13,"turns":4},{"damage":37,"enemies":"Gremlin Nob","floor":14,"turns":5}],"seed_played":"4293424069071015078","potions_obtained":[{"floor":4,"key":"SpeedPotion"},{"floor":11,"key":"FearPotion"},{"floor":13,"key":"SpeedPotion"}],"is_trial":false,"path_per_floor":["M","M","?","M","?","E","$","$","T","R","M","R","M","E"],"character_chosen":"THE_SILENT","items_purchased":["Tactician"],"campfire_rested":0,"item_purchase_floors":[7],"current_hp_per_floor":[70,64,64,64,64,42,42,42,42,42,31,31,31,0],"gold":88,"neow_bonus":"THREE_RARE_CARDS","is_prod":false,"is_daily":false,"chose_seed":false,"campfire_upgraded":2,"win_rate":0.0,"timestamp":1547826722,"path_taken":["M","M","?","M","?","E","?","$","T","R","M","R","M","E"],"build_version":"2019-01-17v2","purchased_purges":0,"victory":false,"max_hp_per_floor":[70,70,70,70,70,70,70,70,70,70,70,70,70,70],"card_choices":[{"not_picked":["Doppelganger","Burst"],"picked":"After Image","floor":0},{"not_picked":["Crippling Poison","Deflect"],"picked":"Dagger Throw","floor":1},{"not_picked":["Escape Plan","Bane"],"picked":"Quick Slash","floor":2},{"not_picked":["Underhanded Strike","Prepared"],"picked":"Reflex","floor":4},{"not_picked":["Deadly Poison","Endless Agony"],"picked":"Caltrops","floor":6},{"not_picked":["All Out Attack","PiercingWail"],"picked":"Backflip","floor":11},{"not_picked":["Night Terror","Bane"],"picked":"Prepared","floor":13}],"player_experience":195471,"relics_obtained":[{"floor":6,"key":"Kunai"},{"floor":9,"key":"Frozen Egg 2"}],"event_choices":[{"damage_healed":0,"gold_gain":0,"player_choice":"Ignored","damage_taken":0,"max_hp_gain":0,"max_hp_loss":0,"event_name":"Liars Game","floor":3,"gold_loss":0},{"cards_removed":["Strike_G"],"damage_healed":0,"gold_gain":0,"player_choice":"Card Removal","damage_taken":0,"max_hp_gain":0,"max_hp_loss":0,"event_name":"The Cleric","floor":5,"gold_loss":50}],"is_beta":false,"boss_relics":[],"items_purged_floors":[],"is_endless":false,"potions_floor_spawned":[4,11,13],"killed_by":"Gremlin Nob","ascension_level":0}