{"gold_per_floor":[109,119,119,74,74,74,97,97,97,113,113,129,129,143,143,271,271,296,94,94,114,135,135,81,105,132,150,150,150,150,68,68,199,199,214,214,514,529,543,543,398,423,423,423,423,443,443,464,464,464],"floor_reached":51,"playtime":1702,"items_purged":[],"score":714,"play_id":"5c3fd813-2a0c-4920-86cb-a22457948951","local_time":"20181002235824","daily_mods":["SealedDeck","Heirloom"],"is_ascension_mode":false,"campfire_choices":[{"data":"Capacitor","floor":6.0,"key":"SMITH"},{"data":"Go for the Eyes","floor":8.0,"key":"SMITH"},{"data":"Go for the Eyes","floor":11.0,"key":"SMITH"},{"data":"Go for the Eyes","floor":13.0,"key":"SMITH"},{"data":"Beam Cell","floor":15.0,"key":"SMITH"},{"floor":23,"key":"REST"},{"floor":32,"key":"REST"},{"floor":40,"key":"REST"},{"floor":44,"key":"REST"},{"floor":47,"key":"REST"},{"floor":49,"key":"REST"}],"neow_cost":"","seed_source_timestamp":0,"circlet_count":0,"master_deck":["Coolheaded","Capacitor+1","Glacier","Go for the Eyes+1","Beam Cell+1","Go for the Eyes+1","FTL","Beam Cell","Gash","Gash","Hologram+1","Gash","Go for the Eyes+1","Gash","Conserve Battery+1","Gash","All For One","Gash+1","Apotheosis+1","Stack+1","Beam Cell","Coolheaded+1","Go for the Eyes+1","Glacier+1","All For One","FTL","Core Surge","Gash","Beam Cell+1","Stack+1","Conserve Battery+1","Double Energy+1","Beam Cell+1"],"special_seed":0,"relics":["Cracked Core","Pocketwatch","Golden Idol","Toxic Egg 2","Fusion Hammer","Anchor","Sozu","Vajra","Mummified Hand"],"potions_floor_usage":[50,50],"damage_taken":[{"damage":0.0,"enemies":"Small Slimes","floor":1.0,"turns":3.0},{"damage":0.0,"enemies":"Cultist","floor":2.0,"turns":2.0},{"damage":4.0,"enemies":"2 Louse","floor":7.0,"turns":2.0},{"damage":0.0,"enemies":"Large Slime","floor":10.0,"turns":4.0},{"damage":6.0,"enemies":"Blue Slaver","floor":12.0,"turns":3.0},{"damage":4.0,"enemies":"3 Louse","floor":14.0,"turns":3.0},{"damage":19.0,"enemies":"The Guardian","floor":16.0,"turns":7.0},{"damage":0.0,"enemies":"Shell Parasite","floor":18.0,"turns":2.0},{"damage":6,"enemies":"Chosen","floor":21,"turns":3},{"damage":15,"enemies":"Snecko","floor":22,"turns":4},{"damage":17,"enemies":"Shelled Parasite and Fungi","floor":25,"turns":4},{"damage":0,"enemies":"Centurion and Healer","floor":27,"turns":3},{"damage":1,"enemies":"Champ","floor":33,"turns":4},{"damage":0,"enemies":"Orb Walker","floor":35,"turns":2},{"damage":0,"enemies":"3 Darklings","floor":38,"turns":3},{"damage":0,"enemies":"Sphere and 2 Shapes","floor":39,"turns":4},{"damage":0,"enemies":"Jaw Worm Horde","floor":42,"turns":2},{"damage":0,"enemies":"3 Darklings","floor":46,"turns":4},{"damage":4,"enemies":"Reptomancer","floor":48,"turns":5},{"damage":7,"enemies":"Awakened One","floor":50,"turns":7}],"seed_played":"277634636375783528","potions_obtained":[{"floor":1.0,"key":"Strength Potion"},{"floor":2.0,"key":"SneckoOil"},{"floor":10.0,"key":"Fire Potion"},{"floor":18.0,"key":"Energy Potion"}],"is_trial":true,"path_per_floor":["M","M","?","$","?","R","M","R","T","M","R","M","R","M","R","B",null,"M","$","?","M","M","R","$","M","T","M","$","?","?","$","R","B",null,"M","$","?","M","M","R","$","M","T","R","?","M","R","M","R","B"],"character_chosen":"DEFECT","items_purchased":["Go for the Eyes","Apotheosis+1","Coolheaded+1","FTL","Vajra"],"campfire_rested":6,"item_purchase_floors":[4,19,24,31,41],"current_hp_per_floor":[75,75,75,75,57,57,53,53,53,53,53,47,47,43,43,24,75,75,75,75,69,54,75,75,58,58,58,58,58,58,58,75,74,75,75,75,75,75,75,75,75,75,75,75,75,75,75,71,75,68],"gold":464,"neow_bonus":"","is_prod":false,"is_daily":false,"chose_seed":false,"campfire_upgraded":5,"win_rate":0,"timestamp":1538492304,"path_taken":["M","M","?","$","?","R","M","R","T","?","R","M","R","M","R","BOSS","M","$","?","M","M","R","$","?","T","M","$","?","?","?","R","BOSS","M","$","?","M","?","R","$","M","T","R","?","M","R","M","R","BOSS"],"build_version":"2018-10-01","purchased_purges":0,"victory":true,"max_hp_per_floor":[75,75,75,75,75,75,75,75,75,75,75,75,75,75,75,75,75,75,75,75,75,75,75,75,75,75,75,75,75,75,75,75,75,75,75,75,75,75,75,75,75,75,75,75,75,75,75,75,75,75],"card_choices":[{"not_picked":["Cold Snap","Barrage"],"picked":"Hologram","floor":1.0},{"not_picked":["Ball Lightning","White Noise"],"picked":"Gash","floor":2.0},{"not_picked":["Hologram","Sweeping Beam"],"picked":"Gash","floor":7.0},{"not_picked":["Force Field+1","Tempest+1","Sweeping Beam"],"picked":"SKIP","floor":10.0},{"not_picked":["Double Energy+1","Turbo+1"],"picked":"Conserve Battery+1","floor":12.0},{"not_picked":["Steam+1","Undo+1"],"picked":"Gash","floor":14.0},{"not_picked":["Buffer","Reboot+1"],"picked":"All For One","floor":16.0},{"not_picked":["Leap+1","Heatsinks"],"picked":"Gash+1","floor":18.0},{"not_picked":["Storm","Undo+1"],"picked":"Stack+1","floor":21},{"not_picked":["Double Energy+1","Rebound+1"],"picked":"Beam Cell","floor":22},{"not_picked":["Beam Cell","Stack+1"],"picked":"Go for the Eyes+1","floor":25},{"not_picked":["Ball Lightning","Reprogram+1"],"picked":"Glacier+1","floor":27},{"not_picked":["Buffer","Hyperbeam"],"picked":"Core Surge","floor":33},{"not_picked":["Lockon","Barrage"],"picked":"Gash","floor":35},{"not_picked":["Leap+1","Melter"],"picked":"Beam Cell+1","floor":38},{"not_picked":["Ball Lightning","Leap+1"],"picked":"Stack+1","floor":39},{"not_picked":["Ball Lightning+1","Capacitor+1"],"picked":"Conserve Battery+1","floor":42},{"not_picked":["Melter+1","Biased Cognition"],"picked":"Double Energy+1","floor":46},{"not_picked":["Barrage+1","Tempest+1"],"picked":"Beam Cell+1","floor":48}],"player_experience":470336,"relics_obtained":[{"floor":9.0,"key":"Toxic Egg 2"},{"floor":26,"key":"Anchor"},{"floor":43,"key":"Mummified Hand"}],"event_choices":[{"event_name":"Accursed Blacksmith","player_choice":"Forge","floor":3.0,"damage_taken":0.0},{"event_name":"Golden Idol","player_choice":"Take Damage","floor":5.0,"damage_taken":0.0},{"event_name":"Back to Basics","player_choice":"Simplicity","floor":20,"damage_taken":0},{"event_name":"Duplicator","player_choice":"One dupe","floor":29,"damage_taken":0},{"event_name":"NoteForYourself","player_choice":"Ignored","floor":30,"damage_taken":0},{"event_name":"Wheel of Change","player_choice":"Gold","floor":37,"damage_taken":0},{"event_name":"The Woman in Blue","player_choice":"Bought 0 Potions","floor":45,"damage_taken":0}],"is_beta":true,"boss_relics":[{"not_picked":["Coffee Dripper","Snecko Eye"],"picked":"Fusion Hammer"},{"not_picked":["Astrolabe","Calling Bell"],"picked":"Sozu"}],"items_purged_floors":[],"is_endless":false,"potions_floor_spawned":[1,2,10,18,22,25,35,38,48],"ascension_level":0}