{"gold_per_floor":[114,39,39,59,59,59,76,76,76,76,90,100,110,137,137,241,241,256,276,276,304,316,316,331,246,246,246,246,257,272,289,289,386,386,406,422,439,661,661,661,675,694,694,32,43,43,43,53,53,53],"floor_reached":51,"playtime":6422,"items_purged":["Strike_G","Parasite"],"score":806,"play_id":"aeecfca3-e15a-42c7-bdfc-7d1e70f76cdc","local_time":"20190131130453","is_ascension_mode":true,"campfire_choices":[{"data":"Neutralize","floor":6,"key":"SMITH"},{"data":"Cloak And Dagger","floor":8,"key":"SMITH"},{"data":"Cloak And Dagger","floor":10,"key":"SMITH"},{"data":"Footwork","floor":15,"key":"SMITH"},{"floor":23,"key":"REST"},{"data":"Caltrops","floor":27,"key":"SMITH"},{"data":"Well Laid Plans","floor":32,"key":"SMITH"},{"data":"PiercingWail","floor":40,"key":"SMITH"},{"data":"Survivor","floor":49,"key":"SMITH"}],"neow_cost":"NONE","seed_source_timestamp":88126207786315,"circlet_count":0,"master_deck":["Defend_G","Defend_G","Defend_G","Strike_G","Strike_G","Survivor+1","Neutralize+1","Cloak And Dagger+1","PiercingWail+1","Cloak And Dagger+1","Footwork+1","Escape Plan+1","Blur+1","Cloak And Dagger+1","Malaise+1","Escape Plan+1","Blade Dance+1","Phantasmal Killer+1","Terror+1","Crippling Poison+1","Caltrops+1","Dodge and Roll+1","Unload+1","Blade Dance+1","Well Laid Plans+1","Phantasmal Killer+1","Quick Slash+1","Cloak And Dagger+1","Madness+1","Madness+1","Quick Slash+1","Cloak And Dagger+1","Leg Sweep+1","Dark Shackles+1","Distraction+1","Cloak And Dagger+1"],"relics":["White Beast Statue","Toxic Egg 2","Anchor","Philosopher\u0027s Stone","Red Mask","Molten Egg 2","Meat on the Bone","Gremlin Horn","Coffee Dripper","Gambling Chip","Sundial","Bronze Scales"],"potions_floor_usage":[11,13,16,19,21,24,24,41,42,50,50],"damage_taken":[{"damage":1,"enemies":"2 Louse","floor":1,"turns":3},{"damage":1,"enemies":"Jaw Worm","floor":4,"turns":6},{"damage":0,"enemies":"Cultist","floor":7,"turns":3},{"damage":7,"enemies":"3 Louse","floor":11,"turns":4},{"damage":2,"enemies":"Large Slime","floor":12,"turns":7},{"damage":0,"enemies":"Gremlin Gang","floor":13,"turns":6},{"damage":9,"enemies":"3 Sentries","floor":14,"turns":13},{"damage":51,"enemies":"Hexaghost","floor":16,"turns":21},{"damage":0,"enemies":"3 Byrds","floor":18,"turns":9},{"damage":22,"enemies":"Spheric Guardian","floor":19,"turns":8},{"damage":32,"enemies":"Masked Bandits","floor":21,"turns":7},{"damage":0,"enemies":"Snake Plant","floor":22,"turns":7},{"damage":0,"enemies":"Chosen and Byrds","floor":24,"turns":4},{"damage":1,"enemies":"Shelled Parasite and Fungi","floor":29,"turns":5},{"damage":17,"enemies":"Cultist and Chosen","floor":30,"turns":7},{"damage":0,"enemies":"Centurion and Healer","floor":31,"turns":7},{"damage":15,"enemies":"Collector","floor":33,"turns":12},{"damage":0,"enemies":"Orb Walker","floor":35,"turns":2},{"damage":0,"enemies":"3 Shapes","floor":36,"turns":5},{"damage":1,"enemies":"Writhing Mass","floor":37,"turns":6},{"damage":12,"enemies":"Spire Growth","floor":41,"turns":5},{"damage":10,"enemies":"Transient","floor":42,"turns":5},{"damage":7,"enemies":"Maw","floor":45,"turns":8},{"damage":0,"enemies":"4 Shapes","floor":48,"turns":7},{"damage":14,"enemies":"Awakened One","floor":50,"turns":11}],"seed_played":"-2940930802966653769","potions_obtained":[{"floor":1,"key":"LiquidBronze"},{"floor":4,"key":"Swift Potion"},{"floor":5,"key":"Regen Potion"},{"floor":5,"key":"Regen Potion"},{"floor":5,"key":"Fire Potion"},{"floor":7,"key":"GhostInAJar"},{"floor":11,"key":"GhostInAJar"},{"floor":13,"key":"EssenceOfSteel"},{"floor":16,"key":"LiquidBronze"},{"floor":19,"key":"LiquidBronze"},{"floor":21,"key":"Regen Potion"},{"floor":22,"key":"Dexterity Potion"},{"floor":24,"key":"PowerPotion"},{"floor":29,"key":"EssenceOfSteel"},{"floor":30,"key":"SteroidPotion"},{"floor":33,"key":"Strength Potion"},{"floor":35,"key":"Block Potion"},{"floor":41,"key":"Weak Potion"},{"floor":42,"key":"Fruit Juice"},{"floor":45,"key":"Energy Potion"}],"is_trial":false,"path_per_floor":["M","$","?","M","?","R","M","R","T","R","M","M","M","E","R","B",null,"M","M","?","?","M","R","M","?","T","R","?","M","M","M","R","B",null,"M","M","M","?","?","R","M","M","T","$","M","$","?","M","R","B",null],"character_chosen":"THE_SILENT","items_purchased":["Leg Sweep+1","Dark Shackles+1","Sundial","Bronze Scales"],"campfire_rested":1,"item_purchase_floors":[44,44,44,44],"current_hp_per_floor":[69,69,62,61,61,61,61,61,61,61,66,64,64,55,55,4,54,54,44,44,12,12,33,47,47,47,47,47,46,41,41,41,38,62,62,62,61,61,52,52,40,47,47,47,40,40,40,40,40,38],"gold":53,"neow_bonus":"BOSS_RELIC","is_prod":false,"is_daily":false,"chose_seed":false,"campfire_upgraded":8,"win_rate":0,"timestamp":1548907493,"path_taken":["M","$","?","M","?","R","M","R","T","R","M","M","?","E","R","BOSS","M","M","?","?","M","R","M","?","T","R","?","M","M","?","R","BOSS","M","M","M","?","?","R","M","M","T","?","M","$","?","?","R","BOSS"],"build_version":"2019-01-23","purchased_purges":2,"victory":true,"max_hp_per_floor":[70,70,70,70,70,70,70,70,70,70,70,70,70,70,70,70,70,70,70,70,70,70,70,70,70,70,70,70,70,70,70,70,70,70,70,70,70,70,70,70,70,75,75,72,72,72,72,72,72,72],"card_choices":[{"not_picked":["Dagger Throw","Deadly Poison"],"picked":"Cloak And Dagger","floor":1},{"not_picked":["Deflect","Slice"],"picked":"PiercingWail","floor":4},{"not_picked":["Backflip","Quick Slash"],"picked":"Cloak And Dagger","floor":7},{"not_picked":["Backstab","Dash"],"picked":"Footwork","floor":11},{"not_picked":["Quick Slash","PiercingWail+1"],"picked":"Escape Plan+1","floor":12},{"not_picked":["PiercingWail+1","Outmaneuver+1"],"picked":"Blur+1","floor":13},{"not_picked":["Predator","Dagger Throw"],"picked":"Cloak And Dagger+1","floor":14},{"not_picked":["Envenom","Tools of the Trade"],"picked":"Malaise+1","floor":16},{"not_picked":["Bane","Choke"],"picked":"Escape Plan+1","floor":18},{"not_picked":["Slice","Masterful Stab"],"picked":"Blade Dance+1","floor":19},{"not_picked":["Distraction+1","Calculated Gamble+1"],"picked":"Crippling Poison+1","floor":21},{"not_picked":["Flying Knee+1","Deadly Poison+1"],"picked":"Caltrops","floor":22},{"not_picked":["Predator","Deadly Poison+1"],"picked":"Dodge and Roll+1","floor":24},{"not_picked":["Prepared+1","Bane+1"],"picked":"Unload+1","floor":29},{"not_picked":["Leg Sweep+1","Crippling Poison+1"],"picked":"Blade Dance+1","floor":30},{"not_picked":["Tactician+1","Quick Slash+1"],"picked":"Well Laid Plans","floor":31},{"not_picked":["Grand Finale+1","Envenom"],"picked":"Phantasmal Killer+1","floor":33},{"not_picked":["Backstab+1","Bouncing Flask+1","Outmaneuver+1"],"picked":"SKIP","floor":35},{"not_picked":["Endless Agony+1","Flechettes+1"],"picked":"Quick Slash+1","floor":36},{"not_picked":["Outmaneuver+1","Dagger Spray+1"],"picked":"Cloak And Dagger+1","floor":37},{"not_picked":["Flying Knee+1","Dagger Spray+1"],"picked":"Quick Slash+1","floor":41},{"not_picked":["Dagger Spray+1","PiercingWail+1"],"picked":"Cloak And Dagger+1","floor":42},{"not_picked":["Slice+1","Prepared+1"],"picked":"Distraction+1","floor":45},{"not_picked":["Prepared+1","Choke+1"],"picked":"Cloak And Dagger+1","floor":48}],"player_experience":856878,"relics_obtained":[{"floor":9,"key":"Toxic Egg 2"},{"floor":14,"key":"Anchor"},{"floor":21,"key":"Red Mask"},{"floor":26,"key":"Meat on the Bone"},{"floor":43,"key":"Gambling Chip"}],"event_choices":[{"cards_removed":["Defend_G"],"damage_healed":0,"gold_gain":0,"player_choice":"Card Removal","damage_taken":7,"max_hp_gain":0,"max_hp_loss":0,"event_name":"Golden Wing","floor":3,"gold_loss":0},{"damage_healed":0,"gold_gain":0,"player_choice":"Got Potions","damage_taken":0,"max_hp_gain":0,"max_hp_loss":0,"event_name":"Lab","floor":5,"gold_loss":0},{"damage_healed":0,"gold_gain":0,"cards_transformed":["Defend_G","Strike_G"],"player_choice":"Became Test Subject","damage_taken":0,"max_hp_gain":0,"max_hp_loss":0,"event_name":"Drug Dealer","floor":20,"gold_loss":0,"cards_obtained":["Phantasmal Killer","Terror"]},{"damage_healed":0,"gold_gain":0,"player_choice":"Fought Bandits","damage_taken":0,"max_hp_gain":0,"max_hp_loss":0,"event_name":"Masked Bandits","floor":21,"gold_loss":0},{"damage_healed":0,"gold_gain":0,"player_choice":"Obtained Relic","damage_taken":0,"relics_obtained":["Molten Egg 2"],"max_hp_gain":0,"max_hp_loss":0,"event_name":"Addict","floor":25,"gold_loss":85},{"damage_healed":0,"gold_gain":0,"player_choice":"Gave Potion","damage_taken":0,"relics_obtained":["Gremlin Horn"],"max_hp_gain":0,"max_hp_loss":0,"event_name":"WeMeetAgain","floor":28,"gold_loss":0},{"damage_healed":0,"gold_gain":222,"player_choice":"Wore Mask","damage_taken":0,"max_hp_gain":0,"max_hp_loss":0,"event_name":"Tomb of Lord Red Mask","floor":38,"gold_loss":0},{"damage_healed":0,"gold_gain":0,"player_choice":"Embrace Madness","damage_taken":9,"max_hp_gain":0,"max_hp_loss":0,"event_name":"Winding Halls","floor":39,"gold_loss":0,"cards_obtained":["Madness","Madness"]},{"cards_removed":["Strike_G"],"damage_healed":0,"gold_gain":0,"player_choice":"Offered Basic","damage_taken":0,"max_hp_gain":0,"max_hp_loss":0,"event_name":"Bonfire Elementals","floor":47,"gold_loss":0}],"is_beta":false,"boss_relics":[{"not_picked":["Calling Bell","Snecko Eye"],"picked":"Philosopher\u0027s Stone"},{"not_picked":["Eternal Feather","Velvet Choker"],"picked":"Coffee Dripper"}],"items_purged_floors":[2,44],"is_endless":false,"potions_floor_spawned":[1,4,7,11,12,13,14,16,18,19,21,22,24,29,30,31,33,35,36,37,41,42,45,48],"ascension_level":5}