{"gold_per_floor":[111,111,136,136,13,54,1,1,1,1,1,1,40,59,59,178,178,198,198,113,134,34,34,70,84,84,84,102,102,133,13,13,13],"floor_reached":33,"playtime":1908,"items_purged":["Strike_R","Strike_R"],"score":347,"play_id":"392e6258-4c97-4c5b-9de2-31110fc5ee47","local_time":"20181027091928","is_ascension_mode":true,"campfire_choices":[{"floor":8,"key":"REST"},{"data":"Armaments","floor":10,"key":"SMITH"},{"floor":12,"key":"REST"},{"floor":15,"key":"REST"},{"data":"Disarm","floor":23,"key":"SMITH"},{"floor":27,"key":"REST"},{"floor":29,"key":"REST"},{"floor":32,"key":"REST"}],"neow_cost":"TEN_PERCENT_HP_LOSS","seed_source_timestamp":1496392255960402,"circlet_count":0,"master_deck":["Strike_R","Strike_R","Strike_R","Defend_R","Defend_R+1","Defend_R","Defend_R","Bash+1","Twin Strike","Shrug It Off","Armaments+1","Shrug It Off","Carnage+1","Disarm+1","Demon Form+1","True Grit+1","Burning Pact+1","Pummel+1","Pommel Strike+1","True Grit+1","Inflame"],"relics":["Burning Blood","Unceasing Top","Golden Idol","Bottled Flame","Molten Egg 2","Matryoshka","Velvet Choker","Bird Faced Urn","Calipers","Toxic Egg 2","Potion Belt","War Paint"],"potions_floor_usage":[6,16,16,21,24,30,33],"damage_taken":[{"damage":0,"enemies":"2 Louse","floor":1,"turns":4},{"damage":1,"enemies":"Small Slimes","floor":3,"turns":4},{"damage":32,"enemies":"Gremlin Nob","floor":6,"turns":4},{"damage":34,"enemies":"Lagavulin","floor":13,"turns":7},{"damage":7,"enemies":"Jaw Worm","floor":14,"turns":3},{"damage":27,"enemies":"Hexaghost","floor":16,"turns":12},{"damage":18,"enemies":"3 Byrds","floor":18,"turns":6},{"damage":8,"enemies":"Shell Parasite","floor":21,"turns":6},{"damage":28,"enemies":"Book of Stabbing","floor":24,"turns":8},{"damage":29,"enemies":"Snake Plant","floor":25,"turns":4},{"damage":19,"enemies":"3 Cultists","floor":28,"turns":5},{"damage":44,"enemies":"Gremlin Leader","floor":30,"turns":7},{"damage":58,"enemies":"Collector","floor":33,"turns":5}],"seed_played":"3620835211695422695","potions_obtained":[{"floor":1,"key":"Poison Potion"},{"floor":6,"key":"Swift Potion"},{"floor":14,"key":"Ancient Potion"},{"floor":18,"key":"BloodPotion"},{"floor":21,"key":"GamblersBrew"},{"floor":28,"key":"SkillPotion"}],"is_trial":false,"path_per_floor":["M","?","M","?","$","E","$","R","T","R","$","R","E","M","R","B",null,"M","?","?","M","$","R","E","M","T","R","M","R","E","$","R"],"character_chosen":"IRONCLAD","items_purchased":["Shrug It Off","Shrug It Off","Inflame","Explosive Potion"],"campfire_rested":6,"item_purchase_floors":[5,7,31,31],"current_hp_per_floor":[72,54,59,59,59,33,33,54,54,54,54,72,44,43,64,43,72,60,60,60,67,67,67,47,26,26,47,36,57,21,21,42,0],"gold":13,"neow_bonus":"ONE_RARE_RELIC","is_prod":false,"is_daily":false,"chose_seed":false,"campfire_upgraded":2,"win_rate":0,"timestamp":1540646368,"path_taken":["M","?","M","?","?","E","$","R","T","R","$","R","E","M","R","BOSS","M","?","?","M","$","R","E","M","T","R","M","R","E","$","R","BOSS"],"build_version":"2018-10-25v2","purchased_purges":2,"victory":false,"max_hp_per_floor":[72,72,72,72,72,72,72,72,72,72,72,72,72,72,72,72,72,72,72,72,72,72,72,72,72,72,72,72,72,72,72,72,72],"card_choices":[{"not_picked":["Pummel","Wild Strike"],"picked":"Twin Strike","floor":1},{"not_picked":["Havoc","Pummel","Intimidate"],"picked":"SKIP","floor":3},{"not_picked":["Pummel","Thunderclap"],"picked":"Armaments","floor":6},{"not_picked":["Heavy Blade+1","Sever Soul+1"],"picked":"Carnage+1","floor":13},{"not_picked":["Blood for Blood+1","Sever Soul+1"],"picked":"Disarm","floor":14},{"not_picked":["Berserk","Impervious"],"picked":"Demon Form","floor":16},{"not_picked":["Sentinel+1","Clothesline+1"],"picked":"True Grit+1","floor":18},{"not_picked":["Heavy Blade+1","Twin Strike+1"],"picked":"Burning Pact","floor":21},{"not_picked":["Heavy Blade+1","Perfected Strike+1"],"picked":"Pummel+1","floor":24},{"not_picked":["Dual Wield","Carnage+1"],"picked":"Pommel Strike+1","floor":25},{"not_picked":["Infernal Blade+1","Second Wind+1","Havoc+1"],"picked":"SKIP","floor":28},{"not_picked":["Entrench+1","Havoc+1"],"picked":"True Grit+1","floor":30}],"player_experience":398514,"relics_obtained":[{"floor":6,"key":"Bottled Flame"},{"floor":9,"key":"Molten Egg 2"},{"floor":13,"key":"Matryoshka"},{"floor":24,"key":"Calipers"},{"floor":26,"key":"Toxic Egg 2"},{"floor":26,"key":"Potion Belt"},{"floor":30,"key":"War Paint"}],"event_choices":[{"damage_healed":0,"gold_gain":0,"player_choice":"Take Damage","damage_taken":18,"relics_obtained":["Golden Idol"],"max_hp_gain":0,"max_hp_loss":0,"event_name":"Golden Idol","floor":2,"gold_loss":0},{"damage_healed":0,"gold_gain":0,"player_choice":"Upgraded","damage_taken":0,"max_hp_gain":0,"max_hp_loss":0,"event_name":"Upgrade Shrine","floor":4,"gold_loss":0,"cards_upgraded":["Bash"]},{"damage_healed":0,"gold_gain":0,"player_choice":"Forge","damage_taken":0,"max_hp_gain":0,"max_hp_loss":0,"event_name":"Accursed Blacksmith","floor":19,"gold_loss":0,"cards_upgraded":["Demon Form"]},{"damage_healed":0,"gold_gain":0,"player_choice":"Obtained Relic","damage_taken":0,"relics_obtained":["Bird Faced Urn"],"max_hp_gain":0,"max_hp_loss":0,"event_name":"Addict","floor":20,"gold_loss":85}],"is_beta":false,"boss_relics":[{"not_picked":["Sozu","Busted Crown"],"picked":"Velvet Choker"}],"items_purged_floors":[5,22],"is_endless":false,"potions_floor_spawned":[1,6,14,18,21,28],"killed_by":"Collector","ascension_level":4}