{"gold_per_floor":[119,4,4,4,17,28,61,74,97,108,108,108,123,136,136,241,241,252,351,365,290,290,322,338,160,186,186,186,200,200,232,232,232],"floor_reached":33,"playtime":1981,"items_purged":["Strike_B","Strike_B"],"score":292,"play_id":"c2b85223-8842-424a-b776-9ea9a38a7e56","local_time":"20180822000635","is_ascension_mode":false,"campfire_choices":[{"data":"Loop","floor":11,"key":"SMITH"},{"floor":15,"key":"REST"},{"floor":27,"key":"REST"},{"floor":30,"key":"REST"},{"floor":32,"key":"REST"}],"neow_cost":"NONE","seed_source_timestamp":9616956183963,"circlet_count":0,"master_deck":["Strike_B","Strike_B","Defend_B","Defend_B","Defend_B","Defend_B","Zap+1","Dualcast","Ball Lightning","Gash","Loop+1","Cold Snap","Steam+1","Go for the Eyes","Gash","Ball Lightning","Beam Cell","Go for the Eyes","Go for the Eyes","Reboot","Beam Cell","Storm","Hello World+1","Gash","Capacitor","Rebound","Steam Power+1","Skim","Go for the Eyes","Conserve Battery+1"],"relics":["Cracked Core","Pen Nib","Regal Pillow","War Paint","Dream Catcher","Philosopher\u0027s Stone","Red Mask","DataDisk","Matryoshka","Vajra"],"potions_floor_usage":[24],"damage_taken":[{"damage":7,"enemies":"Small Slimes","floor":1,"turns":3},{"damage":8,"enemies":"Jaw Worm","floor":5,"turns":3},{"damage":2,"enemies":"2 Louse","floor":6,"turns":2},{"damage":15,"enemies":"3 Sentries","floor":7,"turns":6},{"damage":1,"enemies":"2 Fungi Beasts","floor":8,"turns":3},{"damage":0,"enemies":"Red Slaver","floor":10,"turns":2},{"damage":13,"enemies":"3 Louse","floor":13,"turns":2},{"damage":2,"enemies":"Looter","floor":14,"turns":3},{"damage":14,"enemies":"Slime Boss","floor":16,"turns":10},{"damage":15,"enemies":"3 Byrds","floor":18,"turns":5},{"damage":7,"enemies":"Chosen","floor":20,"turns":4},{"damage":47,"floor":23,"turns":5},{"damage":1,"enemies":"Shelled Parasite and Fungi","floor":24,"turns":4},{"damage":7,"enemies":"3 Cultists","floor":29,"turns":4},{"damage":47,"enemies":"Gremlin Leader","floor":31,"turns":6},{"damage":81,"enemies":"Collector","floor":33,"turns":5}],"seed_played":"-3019985984800907168","potions_obtained":[{"floor":5,"key":"Weak Potion"},{"floor":8,"key":"EssenceOfSteel"},{"floor":12,"key":"Energy Potion"},{"floor":16,"key":"FocusPotion"},{"floor":31,"key":"Energy Potion"}],"is_trial":false,"path_per_floor":["M","$","?","?","M","M","E","M","T","M","R","?","M","M","R","B",null,"M","?","M","?","?","?","M","$","T","R","T","M","R","E","R"],"character_chosen":"DEFECT","items_purchased":["Loop","Capacitor"],"campfire_rested":4,"item_purchase_floors":[2,25],"current_hp_per_floor":[68,68,56,56,48,46,31,30,30,30,30,30,17,15,52,38,75,60,60,53,53,53,6,5,5,5,42,42,35,72,25,62,0],"gold":232,"neow_bonus":"THREE_CARDS","is_prod":false,"is_daily":false,"chose_seed":false,"campfire_upgraded":1,"win_rate":0,"timestamp":1534863995,"path_taken":["M","$","?","?","M","M","E","M","T","M","R","?","M","M","R","BOSS","M","?","?","?","?","?","M","$","T","R","?","M","R","E","R","BOSS"],"build_version":"2018-08-20","purchased_purges":2,"victory":false,"max_hp_per_floor":[75,75,75,75,75,75,75,75,75,75,75,75,75,75,75,75,75,75,75,75,75,75,75,75,75,75,75,75,75,75,75,75,75],"card_choices":[{"not_picked":["Recycle","Steam"],"picked":"Ball Lightning","floor":0},{"not_picked":["Redo","Hello World"],"picked":"Gash","floor":1},{"not_picked":["Barrage","Sweeping Beam"],"picked":"Cold Snap","floor":5},{"not_picked":["Turbo","Amplify"],"picked":"Steam","floor":6},{"not_picked":["Leap","Compile Driver"],"picked":"Go for the Eyes","floor":7},{"not_picked":["Steam","Heatsinks"],"picked":"Gash","floor":8},{"not_picked":["Chaos","Coolheaded"],"picked":"Ball Lightning","floor":10},{"not_picked":["Cold Snap","Doom and Gloom"],"picked":"Beam Cell","floor":13},{"not_picked":["Genetic Algorithm","Hologram"],"picked":"Go for the Eyes","floor":14},{"not_picked":["Steam","Meteor Strike"],"picked":"Go for the Eyes","floor":15},{"not_picked":["Thunder Strike","Buffer"],"picked":"Reboot","floor":16},{"not_picked":["Redo","Chaos"],"picked":"Beam Cell","floor":18},{"not_picked":["Consume","Darkness"],"picked":"Storm","floor":20},{"not_picked":["Sweeping Beam","Force Field"],"picked":"Hello World+1","floor":23},{"not_picked":["Rebound","Darkness"],"picked":"Gash","floor":24},{"not_picked":["Storm","Sweeping Beam"],"picked":"Rebound","floor":27},{"not_picked":["Streamline","Chaos"],"picked":"Steam Power+1","floor":29},{"not_picked":["Streamline+1","Rainbow"],"picked":"Skim","floor":30},{"not_picked":["Force Field","Barrage"],"picked":"Go for the Eyes","floor":31},{"not_picked":["Cold Snap+1","Rip and Tear"],"picked":"Conserve Battery+1","floor":32}],"player_experience":361020,"relics_obtained":[{"floor":7,"key":"War Paint"},{"floor":9,"key":"Dream Catcher"},{"floor":23,"key":"Red Mask"},{"floor":26,"key":"DataDisk"},{"floor":28,"key":"Matryoshka"},{"floor":31,"key":"Vajra"}],"event_choices":[{"event_name":"Scrap Ooze","player_choice":"success","floor":3,"damage_taken":12},{"event_name":"Big Fish","player_choice":"Box","floor":4,"damage_taken":0},{"event_name":"The Lab","player_choice":"Got Potions","floor":12,"damage_taken":0},{"event_name":"Nest","player_choice":"Stole From Cult","floor":19,"damage_taken":0},{"event_name":"Beggar","player_choice":"Gave Gold","floor":21,"damage_taken":0},{"event_name":"Masked Bandits","player_choice":"Fought Bandits","floor":23,"damage_taken":0}],"is_beta":true,"boss_relics":[{"not_picked":["Snecko Eye","White Beast Statue"],"picked":"Philosopher\u0027s Stone"}],"items_purged_floors":[2,25],"is_endless":false,"potions_floor_spawned":[5,8,16,18,31],"killed_by":"Collector","ascension_level":0}