{"gold_per_floor":[109,24,24,39,39,39,83,83,106,137,161,195,43,78,78,172,172,190,228,40,40,53,53,92,115,195,195,195,230,355,389,389,487,487,512,537,537,42,66,66,288,311,311,311,342,342,342,363,363,363,363,363,363,75,109,109],"floor_reached":56,"playtime":3111,"items_purged":["Strike_G","Strike_G","Strike_G"],"score":2085,"play_id":"d2059839-6648-4497-a7e0-8cd2b10f6c43","local_time":"20190209082837","is_ascension_mode":true,"campfire_choices":[{"data":"Footwork","floor":6.0,"key":"SMITH"},{"data":"Blade Dance","floor":8.0,"key":"SMITH"},{"data":"Wraith Form v2","floor":15.0,"key":"SMITH"},{"data":"After Image","floor":23.0,"key":"SMITH"},{"data":"After Image","floor":28.0,"key":"SMITH"},{"data":"Noxious Fumes","floor":32.0,"key":"SMITH"},{"data":"Envenom","floor":40.0,"key":"SMITH"},{"floor":44.0,"key":"RECALL"},{"data":"Blade Dance","floor":49.0,"key":"SMITH"},{"data":"Cloak And Dagger","floor":53,"key":"SMITH"}],"neow_cost":"NONE","seed_source_timestamp":2517648653092141,"circlet_count":0,"master_deck":["AscendersBane","Defend_G","Defend_G","Defend_G","Defend_G","Defend_G","Strike_G","Strike_G","Survivor","Neutralize","Deadly Poison","Footwork+1","Dagger Spray","Blade Dance+1","Wraith Form v2+1","Deadly Poison","Footwork","PiercingWail","After Image+1","Noxious Fumes+1","Backflip","After Image+1","Leg Sweep","Finisher","After Image","Envenom+1","Cloak And Dagger+1","Dodge and Roll","Footwork+1","Blade Dance+1","Accuracy+1","Accuracy+1","Flash of Steel","Catalyst+1"],"special_seed":0,"relics":["Ring of the Snake","NeowsBlessing","Golden Idol","Kunai","Vajra","Anchor","Ninja Scroll","Bag of Marbles","WristBlade","Red Mask","Mercury Hourglass","Paper Crane","Orichalcum","Bird Faced Urn","Letter Opener","Dream Catcher","Sozu","Frozen Egg 2","Boot","Bottled Lightning","Gremlin Horn","Ornamental Fan","Strawberry"],"potions_floor_usage":[51],"damage_taken":[{"damage":0.0,"enemies":"Cultist","floor":1.0,"turns":1.0},{"damage":0.0,"enemies":"Jaw Worm","floor":4.0,"turns":1.0},{"damage":0.0,"enemies":"Gremlin Nob","floor":7.0,"turns":1.0},{"damage":4.0,"enemies":"Lagavulin","floor":10.0,"turns":8.0},{"damage":0.0,"enemies":"Small Slimes","floor":11.0,"turns":2.0},{"damage":37.0,"enemies":"Gremlin Nob","floor":12.0,"turns":4.0},{"damage":0.0,"enemies":"3 Sentries","floor":14.0,"turns":9.0},{"damage":9.0,"enemies":"The Guardian","floor":16.0,"turns":13.0},{"damage":4.0,"enemies":"Shell Parasite","floor":18.0,"turns":4.0},{"damage":5.0,"enemies":"Masked Bandits","floor":19.0,"turns":3.0},{"damage":0.0,"enemies":"2 Thieves","floor":22.0,"turns":2.0},{"damage":1.0,"enemies":"Slavers","floor":24.0,"turns":9.0},{"damage":0.0,"enemies":"Centurion and Healer","floor":25.0,"turns":4.0},{"damage":8.0,"enemies":"Book of Stabbing","floor":29.0,"turns":7.0},{"damage":0.0,"enemies":"Colosseum Slavers","floor":30.0,"turns":3.0},{"damage":0.0,"enemies":"Colosseum Nobs","floor":30.0,"turns":4.0},{"damage":10.0,"enemies":"Gremlin Leader","floor":31.0,"turns":8.0},{"damage":0.0,"enemies":"Champ","floor":33.0,"turns":17.0},{"damage":0.0,"enemies":"3 Darklings","floor":35.0,"turns":5.0},{"damage":0.0,"enemies":"3 Shapes","floor":36.0,"turns":2.0},{"damage":9.0,"enemies":"Maw","floor":39.0,"turns":9.0},{"damage":2.0,"enemies":"Nemesis","floor":45.0,"turns":7.0},{"damage":0.0,"enemies":"3 Darklings","floor":48.0,"turns":5.0},{"damage":50.0,"enemies":"Donu and Deca","floor":50.0,"turns":13.0},{"damage":28,"enemies":"Time Eater","floor":51,"turns":18},{"damage":41,"enemies":"Shield and Spear","floor":55,"turns":9},{"damage":94,"enemies":"The Heart","floor":56,"turns":14}],"seed_played":"4102114380989437447","potions_obtained":[{"floor":7.0,"key":"GamblersBrew"},{"floor":11.0,"key":"EssenceOfSteel"},{"floor":12.0,"key":"Explosive Potion"},{"floor":18.0,"key":"Dexterity Potion"},{"floor":19.0,"key":"Block Potion"},{"floor":29.0,"key":"Explosive Potion"},{"floor":30.0,"key":"PowerPotion"}],"is_trial":false,"path_per_floor":["M","$","?","M","?","R","E","R","T","E","M","E","$","E","R","B",null,"M","?","$","?","M","R","E","M","T","?","R","E","?","E","R","B",null,"M","M","?","$","M","R","?","T","T","R","E","?","T","M","R","B","B",null,"R","$","E","B"],"character_chosen":"THE_SILENT","items_purchased":["Footwork","Footwork","Noxious Fumes","Frozen Egg 2","Footwork+1","Blade Dance","Ornamental Fan"],"campfire_rested":0,"item_purchase_floors":[2,13,20,38,38,38,54],"current_hp_per_floor":[59,59,59,59,64,64,64,64,64,60,60,23,23,23,23,14,52,48,43,43,65,65,65,64,64,64,64,64,56,56,54,54,65,65,65,65,62,62,53,53,53,53,53,53,62,62,62,62,62,22,16,51,51,51,39,0],"gold":109,"neow_bonus":"THREE_ENEMY_KILL","is_prod":false,"is_daily":false,"chose_seed":false,"campfire_upgraded":9,"win_rate":0,"timestamp":1549697317,"path_taken":["M","?","?","M","?","R","E","R","T","E","M","E","$","E","R","BOSS","M","?","$","?","M","R","E","?","T","?","R","E","?","E","R","BOSS","M","M","?","$","M","R","?","?","T","R","E","?","?","M","R","BOSS","BOSS","R","$","E","BOSS"],"build_version":"2019-02-06","purchased_purges":3,"victory":false,"max_hp_per_floor":[66,66,60,60,65,65,65,65,65,65,65,65,65,65,65,65,65,65,65,65,65,65,65,65,65,65,65,65,65,65,65,65,65,65,65,65,62,62,62,62,62,62,62,62,62,62,62,62,62,62,62,62,62,62,69,69],"card_choices":[{"not_picked":["Blade Dance","Finisher"],"picked":"Deadly Poison","floor":1.0},{"not_picked":["Dagger Throw","PiercingWail"],"picked":"Dagger Spray","floor":4.0},{"not_picked":["Infinite Blades","Underhanded Strike"],"picked":"Blade Dance","floor":7.0},{"not_picked":["Blur","Dodge and Roll"],"picked":"Wraith Form v2","floor":10.0},{"not_picked":["Dagger Throw","Sucker Punch"],"picked":"Deadly Poison","floor":11.0},{"not_picked":["Calculated Gamble","Terror","Tactician"],"picked":"SKIP","floor":12.0},{"not_picked":["Deadly Poison","Sucker Punch"],"picked":"PiercingWail","floor":14.0},{"not_picked":["Storm of Steel","A Thousand Cuts"],"picked":"After Image","floor":16.0},{"not_picked":["Dagger Spray","Deadly Poison+1","Dagger Throw"],"picked":"SKIP","floor":18.0},{"not_picked":["Quick Slash","Reflex"],"picked":"Backflip","floor":22.0},{"not_picked":["Flechettes+1","Calculated Gamble","Prepared"],"picked":"SKIP","floor":24.0},{"not_picked":["PiercingWail","Underhanded Strike"],"picked":"After Image","floor":25.0},{"not_picked":["Acrobatics","A Thousand Cuts"],"picked":"Leg Sweep","floor":29.0},{"not_picked":["Dagger Throw","All Out Attack"],"picked":"Finisher","floor":30.0},{"not_picked":["Underhanded Strike","Acrobatics"],"picked":"After Image","floor":31.0},{"not_picked":["Venomology","Glass Knife"],"picked":"Envenom","floor":33.0},{"not_picked":["Dagger Spray","All Out Attack+1"],"picked":"Cloak And Dagger","floor":35.0},{"not_picked":["Noxious Fumes","Dagger Spray+1"],"picked":"Dodge and Roll","floor":36.0},{"not_picked":["Predator","Reflex"],"picked":"Accuracy+1","floor":39.0},{"not_picked":["Venomology","Terror"],"picked":"Accuracy+1","floor":45.0},{"not_picked":["Blind","Madness"],"picked":"Flash of Steel","floor":46.0},{"not_picked":["Calculated Gamble","Blade Dance","Dagger Spray"],"picked":"SKIP","floor":48.0},{"not_picked":["Unload","Escape Plan"],"picked":"Catalyst+1","floor":55}],"player_experience":2943009,"relics_obtained":[{"floor":7.0,"key":"Kunai"},{"floor":9.0,"key":"Vajra"},{"floor":10.0,"key":"Anchor"},{"floor":12.0,"key":"Ninja Scroll"},{"floor":14.0,"key":"Bag of Marbles"},{"floor":19.0,"key":"Red Mask"},{"floor":24.0,"key":"Mercury Hourglass"},{"floor":26.0,"key":"Paper Crane"},{"floor":29.0,"key":"Orichalcum"},{"floor":30.0,"key":"Bird Faced Urn"},{"floor":30.0,"key":"Letter Opener"},{"floor":31.0,"key":"Dream Catcher"},{"floor":43.0,"key":"Boot"},{"floor":45.0,"key":"Bottled Lightning"},{"floor":47.0,"key":"Gremlin Horn"},{"floor":55,"key":"Strawberry"}],"event_choices":[{"damage_healed":0.0,"max_hp_gain":0.0,"max_hp_loss":6.0,"gold_gain":0.0,"event_name":"Golden Idol","player_choice":"Lose Max HP","floor":3.0,"gold_loss":0.0,"damage_taken":0.0,"relics_obtained":["Golden Idol"]},{"damage_healed":0.0,"max_hp_gain":5.0,"max_hp_loss":0.0,"gold_gain":0.0,"event_name":"Big Fish","player_choice":"Donut","floor":5.0,"gold_loss":0.0,"damage_taken":0.0},{"damage_healed":0.0,"max_hp_gain":0.0,"max_hp_loss":0.0,"gold_gain":0.0,"event_name":"Masked Bandits","player_choice":"Fought Bandits","floor":19.0,"gold_loss":0.0,"damage_taken":0.0},{"damage_healed":22.0,"max_hp_gain":0.0,"max_hp_loss":0.0,"gold_gain":0.0,"event_name":"Wheel of Change","player_choice":"Full Heal","floor":21.0,"gold_loss":0.0,"damage_taken":0.0},{"damage_healed":0.0,"max_hp_gain":0.0,"max_hp_loss":0.0,"gold_gain":0.0,"event_name":"Vampires","player_choice":"Ignored","floor":27.0,"gold_loss":0.0,"damage_taken":0.0},{"damage_healed":0.0,"max_hp_gain":0.0,"max_hp_loss":0.0,"gold_gain":0.0,"event_name":"Colosseum","player_choice":"Fight","floor":30.0,"gold_loss":0.0,"damage_taken":0.0},{"damage_healed":0.0,"max_hp_gain":0.0,"max_hp_loss":0.0,"gold_gain":0.0,"event_name":"Colosseum","player_choice":"Fought Nobs","floor":30.0,"gold_loss":0.0,"damage_taken":0.0},{"damage_healed":0.0,"max_hp_gain":0.0,"max_hp_loss":3.0,"gold_gain":0.0,"event_name":"Winding Halls","player_choice":"Max HP","floor":37.0,"gold_loss":0.0,"damage_taken":0.0},{"damage_healed":0.0,"max_hp_gain":0.0,"max_hp_loss":0.0,"gold_gain":222.0,"event_name":"Tomb of Lord Red Mask","player_choice":"Wore Mask","floor":41.0,"gold_loss":0.0,"damage_taken":0.0},{"damage_healed":0.0,"max_hp_gain":0.0,"max_hp_loss":0.0,"gold_gain":0.0,"event_name":"SensoryStone","player_choice":"Memory 1","floor":46.0,"gold_loss":0.0,"damage_taken":0.0}],"is_beta":true,"boss_relics":[{"not_picked":["Runic Dome","HoveringKite"],"picked":"WristBlade"},{"not_picked":["Ring of the Serpent","Black Star"],"picked":"Sozu"}],"items_purged_floors":[13,20,38],"is_endless":false,"potions_floor_spawned":[7,11,12,14,18,19,29,30,31,39,45,48,55],"killed_by":"The Heart","ascension_level":20}