{"gold_per_floor":[10,10,10,85,109,109,109,31,57,91,103,115,127,155,167,179],"floor_reached":16,"playtime":455,"items_purged":[],"score":115,"play_id":"ad233a61-46d5-428f-b3ed-1fcbd3ea38dd","local_time":"20180914153219","is_ascension_mode":true,"campfire_choices":[{"data":"Fission","floor":6,"key":"SMITH"},{"data":"Capacitor","floor":11,"key":"SMITH"},{"data":"Zap","floor":13,"key":"SMITH"},{"data":"Self Repair","floor":15,"key":"SMITH"}],"neow_cost":"NO_GOLD","seed_source_timestamp":66896190741750,"circlet_count":0,"master_deck":["Strike_B","Strike_B","Defend_B","Defend_B","Defend_B","Defend_B","Zap+1","Dualcast","Fission+1","Glacier","Gash","Capacitor+1","Core Surge","Self Repair+1"],"relics":["Cracked Core","Golden Idol","PreservedInsect","MawBank","Singing Bowl"],"potions_floor_usage":[],"damage_taken":[{"damage":9,"enemies":"2 Louse","floor":1,"turns":3},{"damage":1,"enemies":"Small Slimes","floor":5,"turns":5},{"damage":6,"enemies":"3 Sentries","floor":10,"turns":8},{"damage":0,"enemies":"Jaw Worm","floor":14,"turns":3},{"damage":31,"enemies":"Hexaghost","floor":16,"turns":14}],"seed_played":"3457435903989056597","potions_obtained":[{"floor":5,"key":"Fire Potion"}],"is_trial":false,"path_per_floor":["M","?","?","?","M","R","?","$","T","E","R","T","R","M","R"],"character_chosen":"DEFECT","items_purchased":["Capacitor"],"campfire_rested":0,"item_purchase_floors":[8],"current_hp_per_floor":[66,48,48,37,36,36,29,29,29,23,23,23,23,23,23,0],"gold":179,"neow_bonus":"THREE_RARE_CARDS","is_prod":false,"is_daily":false,"chose_seed":false,"campfire_upgraded":4,"win_rate":0,"timestamp":1536906739,"path_taken":["M","?","?","?","M","R","?","$","T","E","R","?","R","?","R","BOSS"],"build_version":"2018-09-12","purchased_purges":0,"victory":false,"max_hp_per_floor":[75,75,75,75,75,75,75,75,75,75,75,75,75,75,75,75],"card_choices":[{"not_picked":["Rainbow","Multi-Cast"],"picked":"Fission","floor":0},{"not_picked":["Hologram","Coolheaded"],"picked":"Glacier","floor":1},{"not_picked":["Compile Driver","Go for the Eyes"],"picked":"Gash","floor":5},{"not_picked":["Hyperbeam","Chill"],"picked":"Core Surge","floor":10},{"not_picked":["Heatsinks","Undo"],"picked":"Self Repair","floor":14}],"player_experience":423486,"relics_obtained":[{"floor":9,"key":"PreservedInsect"},{"floor":10,"key":"MawBank"},{"floor":12,"key":"Singing Bowl"}],"event_choices":[{"event_name":"Golden Idol","player_choice":"Take Damage","floor":2,"damage_taken":0},{"event_name":"Living Wall","player_choice":"Forget","floor":3,"damage_taken":0},{"event_name":"World of Goop","player_choice":"Gather Gold","floor":4,"damage_taken":0},{"event_name":"Golden Wing","player_choice":"Card Removal","floor":7,"damage_taken":0}],"is_beta":true,"boss_relics":[],"items_purged_floors":[],"is_endless":false,"potions_floor_spawned":[5],"killed_by":"Hexaghost","ascension_level":4}