{"gold_per_floor":[118,118,132,150,166,199,222,222],"floor_reached":8,"playtime":350,"items_purged":[],"score":70,"play_id":"32f24dad-d772-4ce9-9c7d-245fab9fe5b3","local_time":"20181202182205","is_ascension_mode":true,"campfire_choices":[],"neow_cost":"NONE","seed_source_timestamp":163517958416334,"circlet_count":0,"master_deck":["Strike_B","Strike_B","Strike_B","Strike_B","Defend_B","Defend_B","Defend_B","Defend_B","Zap","Dualcast","Go for the Eyes","Sweeping Beam","Hologram","White Noise","Beam Cell"],"relics":["Cracked Core","NeowsBlessing","Strawberry","Shovel","Odd Mushroom"],"potions_floor_usage":[7],"damage_taken":[{"damage":0,"enemies":"Jaw Worm","floor":1,"turns":1},{"damage":0,"enemies":"Cultist","floor":3,"turns":1},{"damage":0,"enemies":"Small Slimes","floor":4,"turns":1},{"damage":0,"enemies":"Looter","floor":5,"turns":3},{"damage":43,"enemies":"Lagavulin","floor":6,"turns":7},{"damage":19,"enemies":"The Mushroom Lair","floor":7,"turns":4},{"damage":5,"enemies":"3 Sentries","floor":8,"turns":2}],"seed_played":"5899603332887897183","potions_obtained":[{"floor":6,"key":"SteroidPotion"},{"floor":7,"key":"GamblersBrew"}],"is_trial":false,"path_per_floor":["M","?","M","M","M","E","?","E"],"character_chosen":"DEFECT","items_purchased":[],"campfire_rested":0,"item_purchase_floors":[],"current_hp_per_floor":[75,82,82,82,82,39,20,15],"gold":222,"neow_bonus":"THREE_ENEMY_KILL","is_prod":false,"is_daily":false,"chose_seed":false,"campfire_upgraded":0,"win_rate":0,"timestamp":1543792925,"path_taken":["M","?","M","?","M","E","?","E"],"build_version":"2018-11-15","purchased_purges":0,"victory":false,"max_hp_per_floor":[75,82,82,82,82,82,82,82],"card_choices":[{"not_picked":["Sweeping Beam","Cold Snap"],"picked":"Go for the Eyes","floor":1},{"not_picked":["Turbo","Reinforced Body"],"picked":"Sweeping Beam","floor":3},{"not_picked":["Stack","Cold Snap"],"picked":"Hologram","floor":4},{"not_picked":["Static Discharge","Barrage","Redo"],"picked":"SKIP","floor":5},{"not_picked":["Doom and Gloom","Cold Snap"],"picked":"White Noise","floor":6},{"not_picked":["Go for the Eyes","Compile Driver"],"picked":"Beam Cell","floor":7}],"player_experience":237625,"relics_obtained":[{"floor":2,"key":"Strawberry"},{"floor":6,"key":"Shovel"},{"floor":7,"key":"Odd Mushroom"}],"event_choices":[{"damage_healed":0,"gold_gain":0,"player_choice":"Relic","damage_taken":0,"max_hp_gain":0,"max_hp_loss":0,"event_name":"Wheel of Change","floor":2,"gold_loss":0},{"damage_healed":0,"gold_gain":0,"player_choice":"Fought Mushrooms","damage_taken":0,"max_hp_gain":0,"max_hp_loss":0,"event_name":"Mushrooms","floor":7,"gold_loss":0}],"is_beta":false,"boss_relics":[],"items_purged_floors":[],"is_endless":false,"potions_floor_spawned":[6,7],"killed_by":"3 Sentries","ascension_level":4}