{"gold_per_floor":[111,111,123,138,138,138,112,139,164,179,189,203,203,230,230,306,306,326,343,56,156,174,199,199,199,199,219,219,128,161,64,64,139,139,151,111,128,128],"floor_reached":38,"playtime":1600,"items_purged":[],"score":873,"play_id":"586a44e6-bf81-4ef3-8567-c074fbd2b5fd","local_time":"20181229160325","is_ascension_mode":true,"campfire_choices":[{"data":"Go for the Eyes","floor":6,"key":"SMITH"},{"floor":13,"key":"REST"},{"data":"Electrodynamics","floor":15,"key":"SMITH"},{"floor":28,"key":"REST"},{"floor":32,"key":"REST"}],"neow_cost":"TEN_PERCENT_HP_LOSS","seed_source_timestamp":165610638965948,"circlet_count":0,"master_deck":["AscendersBane","Defend_B","Defend_B","Defend_B","Defend_B","Zap+1","Dualcast","Rebound","Go for the Eyes+1","Cold Snap","Conserve Battery","Auto Shields","Sweeping Beam","Ball Lightning","Electrodynamics+1","Machine Learning","Defragment","Cold Snap+1","Buffer","Undo","Bite","Bite","Bite","Bite","Bite","Capacitor","Turbo","Storm+1","Coolheaded","Loop","Amplify+1","Coolheaded"],"relics":["Cracked Core","StoneCalendar","PreservedInsect","Potion Belt","Bag of Preparation","Fusion Hammer","Incense Burner","Calipers","Singing Bowl","Nunchaku","Turnip","Shovel","Eternal Feather"],"potions_floor_usage":[8,16,21,21,23,23,23,23,30,33,33],"damage_taken":[{"damage":9,"enemies":"Jaw Worm","floor":1,"turns":4},{"damage":1,"enemies":"Cultist","floor":3,"turns":3},{"damage":3,"enemies":"Small Slimes","floor":4,"turns":3},{"damage":22,"enemies":"Gremlin Nob","floor":8,"turns":5},{"damage":6,"enemies":"Exordium Wildlife","floor":10,"turns":6},{"damage":13,"enemies":"2 Fungi Beasts","floor":11,"turns":4},{"damage":0,"enemies":"Blue Slaver","floor":12,"turns":4},{"damage":10,"enemies":"3 Sentries","floor":14,"turns":5},{"damage":0,"enemies":"Slime Boss","floor":16,"turns":7},{"damage":1,"enemies":"3 Byrds","floor":18,"turns":2},{"damage":5,"enemies":"Chosen","floor":19,"turns":3},{"damage":20,"enemies":"Colosseum Slavers","floor":21,"turns":3},{"damage":18,"enemies":"Colosseum Nobs","floor":21,"turns":4},{"damage":6,"enemies":"3 Cultists","floor":22,"turns":4},{"damage":0,"enemies":"Slavers","floor":23,"turns":2},{"damage":7,"enemies":"Snake Plant","floor":27,"turns":6},{"damage":26,"enemies":"Book of Stabbing","floor":30,"turns":5},{"damage":32,"enemies":"Collector","floor":33,"turns":9},{"damage":16,"enemies":"3 Darklings","floor":35,"turns":4},{"damage":0,"enemies":"3 Shapes","floor":37,"turns":1},{"damage":36,"enemies":"Transient","floor":38,"turns":2}],"seed_played":"-2009524346926205803","potions_obtained":[{"floor":3,"key":"Regen Potion"},{"floor":10,"key":"Poison Potion"},{"floor":11,"key":"Swift Potion"},{"floor":12,"key":"Weak Potion"},{"floor":19,"key":"Ancient Potion"},{"floor":21,"key":"EntropicBrew"},{"floor":23,"key":"PowerPotion"},{"floor":37,"key":"SpeedPotion"}],"is_trial":false,"path_per_floor":["M","?","M","M","?","R","$","E","T","M","M","M","R","E","R","B",null,"M","M","$","?","M","E","T","?","T","M","R","$","E","$","R","B",null,"M","?","M","M"],"character_chosen":"DEFECT","items_purchased":["Conserve Battery","Incense Burner","Capacitor","Turbo","Coolheaded","Loop"],"campfire_rested":3,"item_purchase_floors":[7,20,29,29,31,31],"current_hp_per_floor":[55,55,54,51,44,44,44,36,36,30,17,17,36,26,26,26,55,54,49,49,13,7,7,7,7,7,16,30,30,14,14,28,16,40,28,28,30,0],"gold":128,"neow_bonus":"ONE_RARE_RELIC","is_prod":false,"is_daily":false,"chose_seed":false,"campfire_upgraded":2,"win_rate":0,"timestamp":1546117405,"path_taken":["M","?","?","M","?","R","$","E","T","M","M","M","R","E","R","BOSS","M","M","$","?","M","E","?","?","T","M","R","$","E","?","R","BOSS","M","?","?","M"],"build_version":"2018-12-20","purchased_purges":0,"victory":false,"max_hp_per_floor":[64,64,64,64,64,64,64,64,64,64,64,64,64,64,64,64,64,64,64,64,66,66,66,66,46,46,48,48,48,48,48,48,48,48,48,48,50,50],"card_choices":[{"not_picked":["Redo","Melter"],"picked":"Rebound","floor":1},{"not_picked":["Redo","Beam Cell"],"picked":"Go for the Eyes","floor":3},{"not_picked":["Hologram","Reinforced Body"],"picked":"Cold Snap","floor":4},{"not_picked":["Leap","Recycle"],"picked":"Auto Shields","floor":8},{"not_picked":["Compile Driver","Rip and Tear"],"picked":"Sweeping Beam","floor":10},{"not_picked":["Hello World","Heatsinks","Barrage"],"picked":"SKIP","floor":11},{"not_picked":["Self Repair","Conserve Battery"],"picked":"Ball Lightning","floor":12},{"not_picked":["Recycle","Glacier"],"picked":"Electrodynamics","floor":14},{"not_picked":["Rainbow","Echo Form"],"picked":"Machine Learning","floor":16},{"not_picked":["Cold Snap","Turbo"],"picked":"Defragment","floor":18},{"not_picked":["Chaos","Turbo"],"picked":"Cold Snap+1","floor":19},{"not_picked":["Darkness","Compile Driver","Leap"],"picked":"Singing Bowl","floor":21},{"not_picked":["Force Field","Gash"],"picked":"Buffer","floor":22},{"not_picked":["Scrape","Hello World"],"picked":"Undo","floor":23},{"not_picked":["Double Energy","Redo","Compile Driver"],"picked":"Singing Bowl","floor":27},{"not_picked":["Sunder","Go for the Eyes"],"picked":"Storm+1","floor":30},{"not_picked":["Machine Learning","Reboot"],"picked":"Amplify","floor":33},{"not_picked":["Cold Snap","Steam"],"picked":"Coolheaded","floor":35},{"not_picked":["Rip and Tear","Coolheaded","Cold Snap"],"picked":"Singing Bowl","floor":37}],"player_experience":428968,"relics_obtained":[{"floor":8,"key":"PreservedInsect"},{"floor":9,"key":"Potion Belt"},{"floor":14,"key":"Bag of Preparation"},{"floor":21,"key":"Calipers"},{"floor":21,"key":"Singing Bowl"},{"floor":23,"key":"Nunchaku"},{"floor":26,"key":"Turnip"},{"floor":30,"key":"Shovel"}],"event_choices":[{"damage_healed":0,"gold_gain":0,"player_choice":"Upgraded","damage_taken":0,"max_hp_gain":0,"max_hp_loss":0,"event_name":"Upgrade Shrine","floor":2,"gold_loss":0,"cards_upgraded":["Zap"]},{"cards_removed":["Strike_B"],"damage_healed":0,"gold_gain":0,"player_choice":"Card Removal","damage_taken":7,"max_hp_gain":0,"max_hp_loss":0,"event_name":"Golden Wing","floor":5,"gold_loss":0},{"damage_healed":0,"gold_gain":0,"player_choice":"Fight","damage_taken":0,"max_hp_gain":0,"max_hp_loss":0,"event_name":"Colosseum","floor":21,"gold_loss":0},{"damage_healed":0,"gold_gain":0,"player_choice":"Fought Nobs","damage_taken":0,"max_hp_gain":0,"max_hp_loss":0,"event_name":"Colosseum","floor":21,"gold_loss":0},{"damage_healed":0,"gold_gain":0,"player_choice":"Became a vampire","damage_taken":0,"max_hp_gain":0,"max_hp_loss":20,"event_name":"Vampires","floor":25,"gold_loss":0,"cards_obtained":["Bite","Bite","Bite","Bite","Bite"]},{"damage_healed":0,"gold_gain":0,"player_choice":"Upgrade","damage_taken":0,"max_hp_gain":0,"max_hp_loss":0,"event_name":"Designer","floor":36,"gold_loss":40,"cards_upgraded":["Amplify"]}],"is_beta":false,"boss_relics":[{"not_picked":["Busted Crown","Black Star"],"picked":"Fusion Hammer"},{"not_picked":["Inserter","Calling Bell"],"picked":"Eternal Feather"}],"items_purged_floors":[],"is_endless":false,"potions_floor_spawned":[3,10,11,12,19,21,23,37],"killed_by":"Transient","ascension_level":14}