{"path_per_floor":["M","?","M","?","?","R","M","R","T","E","R","E","R","M","R","B",null,"M","?","$","M","M","R","M","R","T","M","R","M","E","M","R"],"character_chosen":"IRONCLAD","items_purchased":["Twin Strike","Rampage"],"gold_per_floor":[110,60,72,72,72,72,82,82,107,132,132,159,159,174,174,271,271,239,239,69,81,98,98,116,116,116,129,129,144,171,190,190,190],"floor_reached":33,"campfire_rested":4,"playtime":2416,"current_hp_per_floor":[76,76,80,80,64,64,72,72,72,46,46,41,41,49,73,36,80,51,51,51,40,11,43,35,67,67,53,61,73,10,40,74,0],"items_purged":["Regret"],"gold":190,"score":277,"play_id":"94b9b96a-bb03-42cd-9b43-b9eaed74c362","local_time":"20180324091812","is_prod":false,"is_daily":false,"is_ascension_mode":false,"campfire_upgraded":5,"timestamp":1521897492,"path_taken":["M","?","M","?","?","R","M","R","T","E","R","E","R","M","R","BOSS","M","?","$","M","?","R","M","R","T","M","R","M","E","M","R","BOSS"],"build_version":"2018-03-22v2","purchased_purges":1,"victory":false,"master_deck":["Strike_R+1","Strike_R","Strike_R","Strike_R+1","Strike_R","Defend_R","Defend_R","Defend_R","Defend_R","Bash+1","Fire Breathing+1","Spot Weakness","Iron Wave","Metallicize+1","Barricade+1","Iron Wave","Impervious","Body Slam+1","Twin Strike","Rampage+1","Pommel Strike","Ghostly Armor","Twin Strike+1","Warcry","Second Wind","Searing Blow","Reckless Charge"],"max_hp_per_floor":[80,80,80,80,80,80,80,80,80,80,80,80,80,80,80,80,80,80,80,80,80,80,80,80,80,80,80,80,80,80,80,80,80],"relics":["Burning Blood","Red Skull","Blood Vial","Ancient Tea Set","Omamori","Letter Opener","Eternal Feather","Magic Flower","Meat on the Bone"],"card_choices":[{"not_picked":["Searing Blow","Ghostly Armor"],"picked":"Fire Breathing","floor":1},{"not_picked":["Armaments","Clash"],"picked":"Spot Weakness","floor":3},{"not_picked":["Reckless Charge","True Grit"],"picked":"Iron Wave","floor":7},{"not_picked":["Dropkick","Anger"],"picked":"Metallicize","floor":10},{"not_picked":["Spot Weakness","Anger"],"picked":"Barricade","floor":12},{"not_picked":["Pommel Strike","True Grit"],"picked":"Iron Wave","floor":14},{"not_picked":["Fiend Fire","Reaper"],"picked":"Impervious","floor":16},{"not_picked":["Shrug It Off","Twin Strike"],"picked":"Body Slam","floor":18},{"not_picked":["Spot Weakness","Flex"],"picked":"Pommel Strike","floor":21},{"not_picked":["Seeing Red","Flex"],"picked":"Ghostly Armor","floor":22},{"not_picked":["Disarm","Thunderclap"],"picked":"Twin Strike","floor":24},{"not_picked":["Clash","Burning Pact"],"picked":"Warcry","floor":27},{"not_picked":["Dual Wield","Clothesline"],"picked":"Second Wind","floor":29},{"not_picked":["Shrug It Off","Iron Wave"],"picked":"Searing Blow","floor":30},{"not_picked":["Cleave","Uppercut"],"picked":"Reckless Charge","floor":31}],"player_experience":16747,"potions_floor_usage":[10,16,16,24,27,29],"damage_taken":[{"damage":10,"enemies":"Cultist","floor":1,"turns":4},{"damage":1,"enemies":"2 Louse","floor":3,"turns":3},{"damage":0,"enemies":"Small Slimes","floor":7,"turns":2},{"damage":34,"enemies":"Lagavulin","floor":10,"turns":5},{"damage":13,"enemies":"Gremlin Nob","floor":12,"turns":4},{"damage":0,"enemies":"2 Fungi Beasts","floor":14,"turns":4},{"damage":45,"enemies":"Hexaghost","floor":16,"turns":9},{"damage":35,"enemies":"2 Thieves","floor":18,"turns":5},{"damage":19,"enemies":"Spheric Guardian","floor":21,"turns":5},{"damage":37,"enemies":"Cultist and Chosen","floor":22,"turns":8},{"damage":16,"enemies":"Slaver and Parasite","floor":24,"turns":6},{"damage":26,"enemies":"3 Cultists","floor":27,"turns":6},{"damage":0,"enemies":"Centurion and Healer","floor":29,"turns":7},{"damage":75,"enemies":"Book of Stabbing","floor":30,"turns":8},{"damage":0,"enemies":"Snecko","floor":31,"turns":3},{"damage":95,"enemies":"Automaton","floor":33,"turns":12}],"event_choices":[{"event_name":"The Cleric","player_choice":"Card Removal","floor":2,"damage_taken":0},{"event_name":"Big Fish","player_choice":"Box","floor":4,"damage_taken":0},{"event_name":"Shining Light","player_choice":"Entered Light","floor":5,"damage_taken":0},{"event_name":"Drug Dealer","player_choice":"Ignored","floor":19,"damage_taken":0}],"boss_relics":[{"not_picked":["Tiny House","Cursed Key"],"picked":"Eternal Feather"}],"potions_floor_spawned":[1,3,7,18,21,24],"seed_played":"-1440669653597988212","killed_by":"Automaton","ascension_level":0,"is_trial":false}