{"gold_per_floor":[113,124,124,124,144,144,164,184,184,214,214,232,250,275,275,370,370,381,381,398,398,411,411,427,427,427,442,442,453,368,385,385,385],"floor_reached":33,"playtime":1590,"items_purged":[],"score":278,"play_id":"bb1472f2-908b-43e4-b927-a7c9a231869e","local_time":"20190103142912","is_ascension_mode":false,"campfire_choices":[{"data":"Shockwave","floor":6,"key":"SMITH"},{"data":"Cleave","floor":11,"key":"SMITH"},{"floor":15,"key":"REST"},{"data":"Spot Weakness","floor":23,"key":"SMITH"},{"data":"Whirlwind","floor":25,"key":"SMITH"},{"floor":32,"key":"REST"}],"neow_cost":"CURSE","seed_source_timestamp":211894896691118,"circlet_count":0,"master_deck":["Defend_R","Defend_R","Defend_R","Defend_R","Bash","Doubt","Shrug It Off","Shockwave+1","Cleave+1","Inflame","Anger","Whirlwind+1","Spot Weakness+1","Bludgeon","Evolve","Rampage","Rupture+1","Bite","Bite","Bite","Bite","Bite"],"relics":["Burning Blood","Calipers","Mercury Hourglass","Odd Mushroom","Sundial","Black Star","MutagenicStrength","Pen Nib","Paper Frog"],"potions_floor_usage":[],"damage_taken":[{"damage":1,"enemies":"Cultist","floor":1,"turns":4},{"damage":0,"enemies":"Small Slimes","floor":2,"turns":3},{"damage":7,"enemies":"2 Louse","floor":5,"turns":3},{"damage":14,"enemies":"2 Fungi Beasts","floor":7,"turns":5},{"damage":7,"enemies":"Looter","floor":8,"turns":4},{"damage":26,"enemies":"The Mushroom Lair","floor":10,"turns":4},{"damage":16,"enemies":"Gremlin Gang","floor":12,"turns":3},{"damage":10,"enemies":"Large Slime","floor":13,"turns":7},{"damage":21,"enemies":"Gremlin Nob","floor":14,"turns":4},{"damage":32,"enemies":"Slime Boss","floor":16,"turns":7},{"damage":10,"enemies":"Shell Parasite","floor":18,"turns":4},{"damage":6,"enemies":"Chosen","floor":20,"turns":4},{"damage":7,"enemies":"Snecko","floor":22,"turns":4},{"damage":30,"enemies":"Shelled Parasite and Fungi","floor":24,"turns":5},{"damage":20,"enemies":"Chosen and Byrds","floor":27,"turns":4},{"damage":18,"enemies":"Snake Plant","floor":29,"turns":3},{"damage":7,"enemies":"Snecko","floor":31,"turns":5},{"damage":75,"enemies":"Champ","floor":33,"turns":11}],"seed_played":"3900067884025434343","potions_obtained":[{"floor":1,"key":"Fire Potion"},{"floor":7,"key":"Explosive Potion"},{"floor":13,"key":"GamblersBrew"}],"is_trial":false,"path_per_floor":["M","M","?","$","M","R","M","M","T","?","R","M","M","E","R","B",null,"M","?","M","?","M","R","M","R","T","M","?","M","?","M","R","B"],"character_chosen":"IRONCLAD","items_purchased":[],"campfire_rested":2,"item_purchase_floors":[],"current_hp_per_floor":[80,80,73,73,72,72,64,63,63,43,43,33,29,14,38,12,80,76,76,76,76,75,75,51,51,51,37,37,27,27,36,52,0],"gold":385,"neow_bonus":"ONE_RARE_RELIC","is_prod":false,"is_daily":false,"chose_seed":false,"campfire_upgraded":4,"win_rate":0.0,"timestamp":1546522152,"path_taken":["M","?","?","$","M","R","M","M","T","?","R","M","M","E","R","BOSS","M","?","M","?","?","R","M","R","T","M","?","M","?","M","R","BOSS"],"build_version":"2018-12-20","purchased_purges":0,"victory":false,"max_hp_per_floor":[80,80,80,80,80,80,80,80,80,80,80,80,80,80,80,80,80,80,80,80,80,80,80,80,80,80,80,56,56,56,56,56,56],"card_choices":[{"not_picked":["True Grit","Havoc"],"picked":"Shrug It Off","floor":1},{"not_picked":["Iron Wave","Shrug It Off"],"picked":"Shockwave","floor":2},{"not_picked":["Intimidate","Fire Breathing","Wild Strike"],"picked":"SKIP","floor":5},{"not_picked":["Iron Wave","Havoc"],"picked":"Cleave","floor":7},{"not_picked":["Headbutt","Dual Wield"],"picked":"Inflame","floor":8},{"not_picked":["Havoc","Burning Pact"],"picked":"Anger","floor":10},{"not_picked":["Wild Strike","Clothesline","Clash"],"picked":"SKIP","floor":12},{"not_picked":["Twin Strike","Perfected Strike"],"picked":"Whirlwind","floor":13},{"not_picked":["Shrug It Off","Iron Wave"],"picked":"Spot Weakness","floor":14},{"not_picked":["Exhume","Offering"],"picked":"Bludgeon","floor":16},{"not_picked":["Armaments","Burning Pact"],"picked":"Evolve","floor":18},{"not_picked":["Body Slam","Clothesline+1","Whirlwind"],"picked":"SKIP","floor":20},{"not_picked":["Corruption+1","Body Slam"],"picked":"Rampage","floor":22},{"not_picked":["Sentinel+1","Metallicize+1"],"picked":"Rupture+1","floor":24},{"not_picked":["Sever Soul","Blood for Blood+1","Twin Strike"],"picked":"SKIP","floor":27},{"not_picked":["Clash","Iron Wave","Headbutt+1"],"picked":"SKIP","floor":29},{"not_picked":["Heavy Blade","Bloodletting","Armaments"],"picked":"SKIP","floor":31}],"player_experience":88007,"relics_obtained":[{"floor":9,"key":"Mercury Hourglass"},{"floor":10,"key":"Odd Mushroom"},{"floor":14,"key":"Sundial"},{"floor":26,"key":"Pen Nib"}],"event_choices":[{"cards_removed":["Strike_R"],"damage_healed":0,"gold_gain":0,"player_choice":"Card Removal","damage_taken":7,"max_hp_gain":0,"max_hp_loss":0,"event_name":"Golden Wing","floor":3,"gold_loss":0},{"damage_healed":0,"gold_gain":0,"player_choice":"Fought Mushrooms","damage_taken":0,"max_hp_gain":0,"max_hp_loss":0,"event_name":"Mushrooms","floor":10,"gold_loss":0},{"damage_healed":0,"gold_gain":0,"player_choice":"Inject Mutagens","damage_taken":0,"relics_obtained":["MutagenicStrength"],"max_hp_gain":0,"max_hp_loss":0,"event_name":"Drug Dealer","floor":19,"gold_loss":0},{"damage_healed":0,"gold_gain":0,"player_choice":"Bought 0 Potions","damage_taken":0,"max_hp_gain":0,"max_hp_loss":0,"event_name":"The Woman in Blue","floor":21,"gold_loss":0},{"damage_healed":0,"gold_gain":0,"player_choice":"Became a vampire","damage_taken":0,"max_hp_gain":0,"max_hp_loss":24,"event_name":"Vampires","floor":28,"gold_loss":0,"cards_obtained":["Bite","Bite","Bite","Bite","Bite"]},{"damage_healed":0,"gold_gain":0,"player_choice":"Obtained Relic","damage_taken":0,"relics_obtained":["Paper Frog"],"max_hp_gain":0,"max_hp_loss":0,"event_name":"Addict","floor":30,"gold_loss":85}],"is_beta":false,"boss_relics":[{"not_picked":["Coffee Dripper","Orrery"],"picked":"Black Star"}],"items_purged_floors":[],"is_endless":false,"potions_floor_spawned":[1,7,13,16,18,24],"killed_by":"Champ","ascension_level":0}