{"gold_per_floor":[119,138,138,158,158,158,177,177,200,200,218,245,265,281,281,376,376,386,301,301,104,118,118,144,144,170,187,187,187,187,198,198,198],"floor_reached":33,"playtime":3856,"items_purged":["Strike_B"],"score":321,"play_id":"25cf9b3c-9dd9-4807-87d3-ce6a7b9327c8","local_time":"20181028183547","is_ascension_mode":true,"campfire_choices":[{"data":"Zap","floor":6.0,"key":"SMITH"},{"floor":10.0,"key":"REST"},{"floor":15.0,"key":"REST"},{"data":"Defragment","floor":23,"key":"SMITH"},{"floor":25,"key":"REST"},{"floor":32,"key":"REST"}],"neow_cost":"TEN_PERCENT_HP_LOSS","seed_source_timestamp":0,"circlet_count":0,"master_deck":["Strike_B+1","Defend_B+1","Defend_B","Zap+1","Dualcast","Finesse","Deep Breath","Loop","Conserve Battery","Madness","Zap","Glacier","Chill","Blizzard","Electrodynamics","Reinforced Body","Consume","All For One","Self Repair","Defragment+1","FTL","Amplify","Hologram+1","Blizzard","Skim","Chill"],"special_seed":0,"relics":["Cracked Core","Oddly Smooth Stone","Odd Mushroom","Runic Dome","Bronze Scales","Darkstone Periapt","Girya","Pen Nib","The Courier"],"potions_floor_usage":[24,33],"damage_taken":[{"damage":10.0,"enemies":"Small Slimes","floor":1.0,"turns":3.0},{"damage":1.0,"enemies":"Cultist","floor":2.0,"turns":4.0},{"damage":0.0,"enemies":"2 Louse","floor":4.0,"turns":2.0},{"damage":4.0,"enemies":"Looter","floor":7.0,"turns":3.0},{"damage":0.0,"enemies":"2 Fungi Beasts","floor":11.0,"turns":4.0},{"damage":9.0,"enemies":"The Mushroom Lair","floor":12.0,"turns":5.0},{"damage":9.0,"enemies":"Exordium Thugs","floor":13.0,"turns":4.0},{"damage":9.0,"enemies":"3 Louse","floor":14.0,"turns":2.0},{"damage":39.0,"enemies":"Hexaghost","floor":16.0,"turns":12.0},{"damage":16,"enemies":"3 Byrds","floor":18,"turns":3},{"damage":0,"enemies":"Shell Parasite","floor":22,"turns":5},{"damage":26,"enemies":"Slavers","floor":24,"turns":2},{"damage":20,"enemies":"Snake Plant","floor":27,"turns":4},{"damage":18,"enemies":"Snecko","floor":31,"turns":4},{"damage":43,"enemies":"Champ","floor":33,"turns":12}],"seed_played":"3973275442795631889","potions_obtained":[{"floor":2.0,"key":"Swift Potion"},{"floor":7.0,"key":"Dexterity Potion"},{"floor":11.0,"key":"Fruit Juice"},{"floor":18,"key":"FearPotion"},{"floor":22,"key":"Poison Potion"},{"floor":24,"key":"Fire Potion"},{"floor":31,"key":"Fire Potion"}],"is_trial":false,"path_per_floor":["M","M","?","M","?","R","M","?","T","R","M","?","M","M","R","B",null,"M","?","?","$","M","R","E","R","T","M","?","T","?","M","R"],"character_chosen":"DEFECT","items_purchased":["Defragment","FTL"],"campfire_rested":4,"item_purchase_floors":[21,21],"current_hp_per_floor":[58,57,57,57,43,43,39,39,39,59,59,55,46,37,58,19,60,44,44,44,44,51,51,25,46,46,33,33,33,33,22,43,0],"gold":198,"neow_bonus":"RANDOM_COLORLESS_2","is_prod":false,"is_daily":false,"chose_seed":false,"campfire_upgraded":2,"win_rate":0,"timestamp":1540766147,"path_taken":["M","M","?","M","?","R","?","?","T","R","M","?","M","M","R","BOSS","M","?","?","$","M","R","E","R","T","?","?","?","?","M","R","BOSS"],"build_version":"2018-10-25v2","purchased_purges":1,"victory":false,"max_hp_per_floor":[68,68,68,68,68,68,68,68,68,68,68,73,73,73,73,73,73,73,73,73,73,73,73,73,73,73,73,73,73,73,73,73,73],"card_choices":[{"not_picked":["Gash","Streamline"],"picked":"Loop","floor":1.0},{"not_picked":["Static Discharge","Beam Cell"],"picked":"Conserve Battery","floor":2.0},{"not_picked":["Streamline","Static Discharge","Skim"],"picked":"SKIP","floor":4.0},{"not_picked":["Blizzard","Sweeping Beam"],"picked":"Glacier","floor":7.0},{"not_picked":["Doom and Gloom","Reprogram"],"picked":"Blizzard","floor":11.0},{"not_picked":["Go for the Eyes","Conserve Battery"],"picked":"Electrodynamics","floor":12.0},{"not_picked":["Gash","Aggregate"],"picked":"Reinforced Body","floor":13.0},{"not_picked":["Compile Driver","Darkness"],"picked":"Consume","floor":14.0},{"not_picked":["Thunder Strike","Core Surge"],"picked":"All For One","floor":16.0},{"not_picked":["Rebound+1","Aggregate+1"],"picked":"Self Repair","floor":18},{"not_picked":["Steam Power","Sweeping Beam+1","Barrage"],"picked":"SKIP","floor":22},{"not_picked":["Stack","Beam Cell"],"picked":"Amplify","floor":24},{"not_picked":["Beam Cell","Stack"],"picked":"Hologram+1","floor":27},{"not_picked":["Compile Driver","Turbo"],"picked":"Chill","floor":31}],"player_experience":411623,"relics_obtained":[{"floor":9.0,"key":"Oddly Smooth Stone"},{"floor":12.0,"key":"Odd Mushroom"},{"floor":24,"key":"Girya"},{"floor":26,"key":"Pen Nib"},{"floor":29,"key":"The Courier"}],"event_choices":[{"damage_healed":0.0,"max_hp_gain":0.0,"max_hp_loss":0.0,"gold_gain":0.0,"event_name":"Match and Keep!","player_choice":"2 cards matched","floor":3.0,"gold_loss":0.0,"damage_taken":0.0,"cards_obtained":["Madness","Zap"]},{"damage_healed":0.0,"max_hp_gain":0.0,"max_hp_loss":0.0,"gold_gain":0.0,"event_name":"Shining Light","player_choice":"Entered Light","floor":5.0,"gold_loss":0.0,"damage_taken":14.0,"cards_upgraded":["Defend_B","Strike_B"]},{"damage_healed":0.0,"max_hp_gain":0.0,"max_hp_loss":0.0,"gold_gain":0.0,"cards_transformed":["Strike_B"],"event_name":"Living Wall","player_choice":"Change","floor":8.0,"gold_loss":0.0,"damage_taken":0.0,"cards_obtained":["Chill"]},{"damage_healed":0.0,"max_hp_gain":0.0,"max_hp_loss":0.0,"gold_gain":0.0,"event_name":"Mushrooms","player_choice":"Fought Mushrooms","floor":12.0,"gold_loss":0.0,"damage_taken":0.0},{"damage_healed":0,"gold_gain":0,"player_choice":"Obtained Relic","damage_taken":0,"relics_obtained":["Bronze Scales"],"max_hp_gain":0,"max_hp_loss":0,"event_name":"Addict","floor":19,"gold_loss":85},{"damage_healed":0,"gold_gain":0,"player_choice":"Opened","damage_taken":0,"relics_obtained":["Darkstone Periapt"],"max_hp_gain":0,"max_hp_loss":0,"event_name":"The Mausoleum","floor":20,"gold_loss":0},{"damage_healed":0,"gold_gain":0,"cards_transformed":["Strike_B","Defend_B"],"player_choice":"Became Test Subject","damage_taken":0,"max_hp_gain":0,"max_hp_loss":0,"event_name":"Drug Dealer","floor":28,"gold_loss":0,"cards_obtained":["Blizzard","Skim"]},{"cards_removed":["Defend_B"],"damage_healed":0,"gold_gain":0,"player_choice":"Elegance","damage_taken":0,"max_hp_gain":0,"max_hp_loss":0,"event_name":"Back to Basics","floor":30,"gold_loss":0}],"is_beta":false,"boss_relics":[{"not_picked":["Orrery","Sozu"],"picked":"Runic Dome"}],"items_purged_floors":[21],"is_endless":false,"potions_floor_spawned":[2,7,11,18,22,24,31],"killed_by":"Champ","ascension_level":5}