{"gold_per_floor":[164,164,4,4,24,24,35,66,66,85,96,21,21,40,40,113,113,128,146,71,42,0,0,0,0,54,54,83,83,94,108,108,187,187,201,201,201,181,181,181,181],"floor_reached":41,"playtime":1802,"items_purged":[],"score":839,"play_id":"760b5a8c-e4cd-47eb-b514-d23712184cfe","local_time":"20181031031740","is_ascension_mode":true,"campfire_choices":[{"data":"A Thousand Cuts","floor":6,"key":"SMITH"},{"data":"Neutralize","floor":13,"key":"SMITH"},{"data":"Bouncing Flask","floor":15,"key":"SMITH"},{"data":"Flechettes","floor":23,"key":"SMITH"},{"floor":25,"key":"REST"},{"data":"A Thousand Cuts","floor":32,"key":"SMITH"},{"data":"Malaise","floor":40,"key":"SMITH"}],"neow_cost":"NONE","seed_source_timestamp":1014040554434800,"circlet_count":0,"master_deck":["Defend_G","Defend_G","Defend_G","Defend_G","Defend_G+1","Strike_G+1","Survivor","Neutralize+1","AscendersBane","Backflip","Flying Knee+1","A Thousand Cuts+1","Bouncing Flask+1","Backflip","Dodge and Roll","Flechettes+1","Cloak And Dagger+1","Deflect","Dagger Throw","Backflip","A Thousand Cuts+1","Malaise","Backflip","Malaise+1"],"relics":["Tiny House","Oddly Smooth Stone","Ornamental Fan","Sundial","Empty Cage","Juzu Bracelet","Kunai","Runic Dome"],"potions_floor_usage":[8,16,28,28,33],"damage_taken":[{"damage":0,"enemies":"Jaw Worm","floor":1,"turns":6},{"damage":0,"enemies":"2 Louse","floor":5,"turns":3},{"damage":0,"enemies":"Cultist","floor":7,"turns":3},{"damage":14,"enemies":"3 Sentries","floor":8,"turns":9},{"damage":0,"enemies":"Red Slaver","floor":10,"turns":4},{"damage":1,"enemies":"Blue Slaver","floor":11,"turns":4},{"damage":2,"enemies":"3 Louse","floor":14,"turns":5},{"damage":2,"enemies":"Hexaghost","floor":16,"turns":9},{"damage":12,"enemies":"2 Thieves","floor":18,"turns":5},{"damage":0,"enemies":"3 Byrds","floor":19,"turns":5},{"damage":24,"enemies":"Book of Stabbing","floor":28,"turns":5},{"damage":10,"enemies":"Snake Plant","floor":30,"turns":4},{"damage":0,"enemies":"Centurion and Healer","floor":31,"turns":6},{"damage":46,"enemies":"Collector","floor":33,"turns":10},{"damage":5,"enemies":"Orb Walker","floor":35,"turns":4},{"damage":74,"enemies":"Giant Head","floor":41,"turns":9}],"seed_played":"-8036412322508946455","potions_obtained":[{"floor":0,"key":"GamblersBrew"},{"floor":7,"key":"Fire Potion"},{"floor":10,"key":"EssenceOfSteel"},{"floor":11,"key":"FearPotion"},{"floor":19,"key":"Poison Potion"},{"floor":30,"key":"Energy Potion"},{"floor":31,"key":"SteroidPotion"},{"floor":38,"key":"FairyPotion"}],"is_trial":false,"path_per_floor":["M","?","$","?","M","R","M","E","T","M","M","?","R","M","R","B",null,"M","M","?","$","?","R","?","R","T","?","E","?","M","M","R","B",null,"M","?","?","?","?","R"],"character_chosen":"THE_SILENT","items_purchased":["Oddly Smooth Stone","Deflect"],"campfire_rested":1,"item_purchase_floors":[3,21],"current_hp_per_floor":[64,43,43,43,43,43,43,29,29,29,28,28,28,26,26,24,59,47,47,47,47,47,47,47,68,68,68,44,81,71,71,71,25,67,62,62,62,62,62,62,0],"gold":181,"neow_bonus":"BOSS_RELIC","is_prod":false,"is_daily":false,"chose_seed":false,"campfire_upgraded":6,"win_rate":0,"timestamp":1540970260,"path_taken":["M","?","$","?","M","R","M","E","T","M","?","?","R","M","R","BOSS","M","M","?","$","?","R","?","R","T","?","E","?","M","M","R","BOSS","M","?","?","?","?","R","E"],"build_version":"2018-10-29v2","purchased_purges":0,"victory":false,"max_hp_per_floor":[71,71,71,71,71,71,71,71,71,71,71,71,71,71,71,71,71,71,71,71,71,71,71,71,71,71,71,71,81,81,81,81,81,81,81,81,81,81,81,81,81],"card_choices":[{"not_picked":["Dagger Spray","Deadly Poison"],"picked":"Backflip","floor":0},{"not_picked":["Distraction","Acrobatics"],"picked":"Flying Knee","floor":1},{"not_picked":["Cloak And Dagger","Deflect"],"picked":"A Thousand Cuts","floor":5},{"not_picked":["Underhanded Strike","Concentrate"],"picked":"Bouncing Flask","floor":7},{"not_picked":["Blade Dance","Riddle With Holes","Concentrate"],"picked":"SKIP","floor":8},{"not_picked":["Underhanded Strike","Bane"],"picked":"Backflip","floor":10},{"not_picked":["Flying Knee","Bane","Distraction"],"picked":"SKIP","floor":11},{"not_picked":["Dagger Throw","Reflex"],"picked":"Dodge and Roll","floor":14},{"not_picked":["Phantasmal Killer","Storm of Steel"],"picked":"Adrenaline","floor":16},{"not_picked":["Deadly Poison","Dodge and Roll"],"picked":"Flechettes","floor":18},{"not_picked":["Concentrate","Outmaneuver"],"picked":"Cloak And Dagger+1","floor":19},{"not_picked":["Deadly Poison","Eviscerate"],"picked":"Dagger Throw","floor":28},{"not_picked":["Bane+1","Eviscerate"],"picked":"Backflip","floor":30},{"not_picked":["Bouncing Flask+1","Underhanded Strike"],"picked":"A Thousand Cuts","floor":31},{"not_picked":["Venomology","After Image"],"picked":"Malaise","floor":33},{"not_picked":["Dagger Spray","Bane"],"picked":"Backflip","floor":35}],"player_experience":1560207,"relics_obtained":[{"floor":8,"key":"Ornamental Fan"},{"floor":9,"key":"Sundial"},{"floor":26,"key":"Juzu Bracelet"},{"floor":28,"key":"Kunai"}],"event_choices":[{"damage_healed":0,"gold_gain":0,"player_choice":"Entered Light","damage_taken":21,"max_hp_gain":0,"max_hp_loss":0,"event_name":"Shining Light","floor":2,"gold_loss":0,"cards_upgraded":["Flying Knee","Defend_G"]},{"damage_healed":0,"gold_gain":0,"player_choice":"Ignored","damage_taken":0,"max_hp_gain":0,"max_hp_loss":0,"event_name":"Liars Game","floor":4,"gold_loss":0},{"cards_removed":["Strike_G"],"damage_healed":0,"gold_gain":0,"player_choice":"Card Removal","damage_taken":0,"max_hp_gain":0,"max_hp_loss":0,"event_name":"The Cleric","floor":12,"gold_loss":75},{"cards_removed":["Strike_G"],"damage_healed":0,"gold_gain":0,"player_choice":"Gave Gold","damage_taken":0,"max_hp_gain":0,"max_hp_loss":0,"event_name":"Beggar","floor":20,"gold_loss":75},{"damage_healed":0,"gold_gain":0,"player_choice":"Paid Fearfully","damage_taken":0,"max_hp_gain":0,"max_hp_loss":0,"event_name":"Masked Bandits","floor":22,"gold_loss":42},{"damage_healed":0,"gold_gain":0,"player_choice":"Ignored","damage_taken":0,"max_hp_gain":0,"max_hp_loss":0,"event_name":"The Mausoleum","floor":24,"gold_loss":0},{"damage_healed":0,"gold_gain":0,"player_choice":"Ignored","damage_taken":0,"max_hp_gain":0,"max_hp_loss":0,"event_name":"Ghosts","floor":27,"gold_loss":0},{"cards_removed":["Adrenaline"],"damage_healed":27,"gold_gain":0,"player_choice":"Offered Rare","damage_taken":0,"max_hp_gain":10,"max_hp_loss":0,"event_name":"Bonfire Elementals","floor":29,"gold_loss":0},{"damage_healed":0,"gold_gain":0,"player_choice":"Ignored","damage_taken":0,"max_hp_gain":0,"max_hp_loss":0,"event_name":"Tomb of Lord Red Mask","floor":36,"gold_loss":0},{"damage_healed":0,"gold_gain":0,"player_choice":"Ignored","damage_taken":0,"max_hp_gain":0,"max_hp_loss":0,"event_name":"Mysterious Sphere","floor":37,"gold_loss":0},{"damage_healed":0,"gold_gain":0,"player_choice":"Bought 1 Potion","damage_taken":0,"max_hp_gain":0,"max_hp_loss":0,"event_name":"The Woman in Blue","floor":38,"gold_loss":0},{"damage_healed":0,"gold_gain":0,"player_choice":"Copied","damage_taken":0,"max_hp_gain":0,"max_hp_loss":0,"event_name":"Duplicator","floor":39,"gold_loss":0,"cards_obtained":["Malaise"]}],"is_beta":true,"boss_relics":[{"not_picked":["WristBlade","Orrery"],"picked":"Empty Cage"},{"not_picked":["Eternal Feather","White Beast Statue"],"picked":"Runic Dome"}],"items_purged_floors":[],"is_endless":false,"potions_floor_spawned":[7,10,11,19,30,31],"killed_by":"Giant Head","ascension_level":20}