{"gold_per_floor":[119,119,134,134,152,152,165,165,192,203,224,224,240,39,39,39],"floor_reached":16,"playtime":682,"items_purged":[],"score":97,"play_id":"5ed4585a-85d2-41a7-90af-e1fb24363938","local_time":"20190107103637","is_ascension_mode":true,"campfire_choices":[{"data":"Storm","floor":6,"key":"SMITH"},{"data":"White Noise","floor":8,"key":"SMITH"},{"floor":15,"key":"REST"}],"neow_cost":"NONE","seed_source_timestamp":544449346650881,"circlet_count":0,"master_deck":["Strike_B+1","Strike_B","Strike_B+1","Defend_B","Defend_B","Defend_B","Defend_B","Zap","Dualcast","Blizzard","Storm+1","White Noise+1","Cold Snap","Conserve Battery"],"relics":["Cracked Core","NeowsBlessing","Boot","Bag of Preparation","Odd Mushroom","Toy Ornithopter"],"potions_floor_usage":[],"damage_taken":[{"damage":0,"enemies":"Jaw Worm","floor":1,"turns":1},{"damage":0,"enemies":"Small Slimes","floor":3,"turns":1},{"damage":0,"enemies":"Cultist","floor":5,"turns":1},{"damage":1,"enemies":"2 Fungi Beasts","floor":7,"turns":4},{"damage":6,"enemies":"Exordium Thugs","floor":10,"turns":4},{"damage":28,"enemies":"The Mushroom Lair","floor":11,"turns":5},{"damage":0,"enemies":"Large Slime","floor":13,"turns":5},{"damage":35,"enemies":"Slime Boss","floor":16,"turns":9}],"seed_played":"-7277295789334636564","potions_obtained":[{"floor":1,"key":"PowerPotion"},{"floor":5,"key":"Energy Potion"},{"floor":11,"key":"Poison Potion"}],"is_trial":false,"path_per_floor":["M","?","M","?","M","R","M","R","T","M","?","?","M","$","R","B"],"character_chosen":"DEFECT","items_purchased":["Toy Ornithopter"],"campfire_rested":1,"item_purchase_floors":[14],"current_hp_per_floor":[75,63,63,48,48,48,47,47,47,41,13,13,13,13,35,0],"gold":39,"neow_bonus":"THREE_ENEMY_KILL","is_prod":false,"is_daily":false,"chose_seed":false,"campfire_upgraded":2,"win_rate":0,"timestamp":1546853797,"path_taken":["M","?","M","?","?","R","M","R","T","M","?","?","?","$","R","BOSS"],"build_version":"2019-01-03v4","purchased_purges":0,"victory":false,"max_hp_per_floor":[75,75,75,75,75,75,75,75,75,75,75,75,75,75,75,75],"card_choices":[{"not_picked":["Genetic Algorithm","Barrage","Auto Shields"],"picked":"SKIP","floor":1},{"not_picked":["Go for the Eyes","Coolheaded"],"picked":"Blizzard","floor":3},{"not_picked":["Heatsinks","Turbo"],"picked":"Storm","floor":5},{"not_picked":["Scrape","Cold Snap"],"picked":"White Noise","floor":7},{"not_picked":["Barrage","Auto Shields"],"picked":"Cold Snap","floor":10},{"not_picked":["Gash","Stack","Turbo"],"picked":"SKIP","floor":13}],"player_experience":114525,"relics_obtained":[{"floor":9,"key":"Bag of Preparation"},{"floor":11,"key":"Odd Mushroom"}],"event_choices":[{"damage_healed":0,"gold_gain":0,"player_choice":"Success","damage_taken":12,"relics_obtained":["Boot"],"max_hp_gain":0,"max_hp_loss":0,"event_name":"Scrap Ooze","floor":2,"gold_loss":0},{"damage_healed":0,"gold_gain":0,"player_choice":"Entered Light","damage_taken":15,"max_hp_gain":0,"max_hp_loss":0,"event_name":"Shining Light","floor":4,"gold_loss":0,"cards_upgraded":["Strike_B","Strike_B"]},{"damage_healed":0,"gold_gain":0,"player_choice":"Fought Mushrooms","damage_taken":0,"max_hp_gain":0,"max_hp_loss":0,"event_name":"Mushrooms","floor":11,"gold_loss":0},{"damage_healed":0,"gold_gain":0,"cards_transformed":["Strike_B"],"player_choice":"Transformed","damage_taken":0,"max_hp_gain":0,"max_hp_loss":0,"event_name":"Transmorgrifier","floor":12,"gold_loss":0,"cards_obtained":["Conserve Battery"]}],"is_beta":false,"boss_relics":[],"items_purged_floors":[],"is_endless":false,"potions_floor_spawned":[1,5,11,13],"killed_by":"Slime Boss","ascension_level":1}