{"gold_per_floor":[119,119,294,32,50,50,85,85,85,12,22,22,45,72,72,167,167,152,171,171,71,87,115,30,30,55,67,79,46,65,79,79,176,176,195,213,213,213,266,266,277,277,277,277,293,312,63,80,80,80],"floor_reached":51,"playtime":4172,"items_purged":["Doubt","Strike_B"],"score":748,"play_id":"87b671e6-15f8-4d33-9d23-6b6367e27bd4","local_time":"20180817183257","is_ascension_mode":false,"campfire_choices":[{"data":"Zap","floor":6,"key":"SMITH"},{"data":"Dualcast","floor":8,"key":"SMITH"},{"data":"Self Repair","floor":12,"key":"SMITH"},{"data":"Buffer","floor":15,"key":"SMITH"},{"data":"Hologram","floor":28,"key":"SMITH"},{"data":"Beam Cell","floor":32,"key":"SMITH"},{"data":"Hologram","floor":40,"key":"SMITH"},{"data":"Madness","floor":42,"key":"SMITH"},{"data":"Seek","floor":49,"key":"SMITH"}],"neow_cost":"PERCENT_DAMAGE","seed_source_timestamp":74236893465818,"circlet_count":0,"master_deck":["Strike_B","Defend_B","Defend_B","Defend_B","Zap+1","Dualcast+1","Beam Cell+1","Gash","Seek+1","Hologram+1","White Noise+1","Self Repair+1","Steam","Buffer+1","FTL","Seek","White Noise+1","Sweeping Beam","Double Energy","Seek+1","Gash","Gash+1","Self Repair","Echo Form","Steam+1","Gash","Hologram+1","Madness+1","Madness","Beam Cell","Hologram+1","Madness","Coolheaded+1","Sweeping Beam+1","Scrape","Coolheaded","FTL"],"relics":["FrozenCore","Orichalcum","Blue Candle","Odd Mushroom","Dream Catcher","Ornamental Fan","Blood Vial","Juzu Bracelet","MawBank","Lizard Tail","Girya","Gambling Chip","Turnip","War Paint"],"potions_floor_usage":[7,50,50,50],"damage_taken":[{"damage":1,"enemies":"Jaw Worm","floor":1,"turns":4},{"damage":1,"enemies":"2 Louse","floor":5,"turns":2},{"damage":16,"enemies":"Lagavulin","floor":7,"turns":6},{"damage":0,"enemies":"Small Slimes","floor":11,"turns":2},{"damage":9,"floor":13,"turns":5},{"damage":26,"enemies":"3 Sentries","floor":14,"turns":7},{"damage":0,"enemies":"Hexaghost","floor":16,"turns":10},{"damage":0,"enemies":"2 Thieves","floor":18,"turns":4},{"damage":0,"enemies":"Chosen","floor":19,"turns":5},{"damage":0,"enemies":"Snecko","floor":22,"turns":8},{"damage":32,"enemies":"Book of Stabbing","floor":23,"turns":7},{"damage":0,"enemies":"3 Cultists","floor":30,"turns":5},{"damage":0,"enemies":"Cultist and Chosen","floor":31,"turns":7},{"damage":40,"enemies":"Collector","floor":33,"turns":13},{"damage":8,"enemies":"Orb Walker","floor":35,"turns":5},{"damage":3,"enemies":"3 Shapes","floor":36,"turns":6},{"damage":6,"floor":37,"turns":8},{"damage":9,"floor":39,"turns":10},{"damage":5,"enemies":"Spire Growth","floor":41,"turns":6},{"damage":12,"enemies":"4 Shapes","floor":45,"turns":4},{"damage":31,"enemies":"3 Darklings","floor":46,"turns":7},{"damage":12,"enemies":"Sphere and 2 Shapes","floor":48,"turns":6},{"damage":28,"enemies":"Time Eater","floor":50,"turns":10}],"seed_played":"-7160319371495515643","potions_obtained":[{"floor":5,"key":"Dexterity Potion"},{"floor":7,"key":"Dexterity Potion"},{"floor":16,"key":"Energy Potion"},{"floor":22,"key":"FocusPotion"},{"floor":31,"key":"SkillPotion"},{"floor":37,"key":"AttackPotion"}],"is_trial":false,"path_per_floor":["M","?","?","$","M","R","E","R","T","$","M","R","?","E","R","B",null,"M","M","T","$","M","E","?","$","T","?","R","$","M","M","R","B",null,"M","M","?","?","?","R","M","R","T","?","M","M","$","M","R","B"],"character_chosen":"DEFECT","items_purchased":["Gash","Seek","Self Repair","Gash","Scrape","War Paint","Coolheaded"],"campfire_rested":0,"item_purchase_floors":[4,4,10,29,47,47,47],"current_hp_per_floor":[53,46,46,46,45,45,29,29,29,29,36,36,37,21,21,31,75,75,75,75,75,75,53,53,53,53,53,53,53,65,75,75,59,75,74,75,75,66,75,75,75,75,75,75,75,61,61,75,75,54],"gold":80,"neow_bonus":"REMOVE_TWO","is_prod":false,"is_daily":false,"chose_seed":false,"campfire_upgraded":9,"win_rate":0,"timestamp":1534498377,"path_taken":["M","?","?","$","?","R","E","R","T","?","M","R","?","E","R","BOSS","M","M","?","$","?","E","?","$","T","?","R","?","M","M","R","BOSS","M","M","?","?","?","R","M","R","T","?","M","M","?","M","R","BOSS"],"build_version":"2018-08-16","purchased_purges":2,"victory":true,"max_hp_per_floor":[75,75,75,75,75,75,75,75,75,75,75,75,75,75,75,75,75,75,75,75,75,75,75,75,75,75,75,75,75,75,75,75,75,75,75,75,75,75,75,75,75,75,75,75,75,75,75,75,75,75],"card_choices":[{"not_picked":["Steam","Stack"],"picked":"Beam Cell","floor":1},{"not_picked":["Skim","Rebound"],"picked":"Hologram","floor":5},{"not_picked":["Hologram","BootSequence"],"picked":"White Noise","floor":7},{"not_picked":["Barrage","Streamline"],"picked":"Steam","floor":11},{"not_picked":["Lockon","Coolheaded"],"picked":"Buffer","floor":13},{"not_picked":["Multi-Cast","Skim"],"picked":"FTL","floor":14},{"not_picked":["Rainbow","Multi-Cast"],"picked":"Seek","floor":16},{"not_picked":["Chaos","Stack+1"],"picked":"White Noise+1","floor":18},{"not_picked":["Hologram","Compile Driver+1"],"picked":"Sweeping Beam","floor":19},{"not_picked":["Barrage+1","Hologram"],"picked":"Double Energy","floor":22},{"not_picked":["Melter","Stack"],"picked":"Seek","floor":23},{"not_picked":["Glacier","Ball Lightning"],"picked":"Gash+1","floor":30},{"not_picked":["Sunder","Melter"],"picked":"Self Repair","floor":31},{"not_picked":["Thunder Strike","Machine Learning"],"picked":"Echo Form","floor":33},{"not_picked":["Glacier","Streamline"],"picked":"Steam+1","floor":35},{"not_picked":["Compile Driver+1","Cold Snap+1"],"picked":"Gash","floor":36},{"not_picked":["Self Repair","Beam Cell+1"],"picked":"Hologram","floor":37},{"not_picked":["Rebound","Ball Lightning+1"],"picked":"Beam Cell","floor":39},{"not_picked":["Compile Driver+1","Rainbow"],"picked":"Hologram+1","floor":41},{"not_picked":["Bandage Up","Purity"],"picked":"Madness","floor":44},{"not_picked":["Doom and Gloom+1","Redo"],"picked":"Coolheaded+1","floor":45},{"not_picked":["Turbo+1","Melter+1"],"picked":"Sweeping Beam+1","floor":46},{"not_picked":["Aggregate","Chill"],"picked":"FTL","floor":48}],"player_experience":326175,"relics_obtained":[{"floor":7,"key":"Orichalcum"},{"floor":9,"key":"Blue Candle"},{"floor":13,"key":"Odd Mushroom"},{"floor":14,"key":"Dream Catcher"},{"floor":20,"key":"Ornamental Fan"},{"floor":23,"key":"Blood Vial"},{"floor":26,"key":"MawBank"},{"floor":37,"key":"Girya"},{"floor":39,"key":"Gambling Chip"},{"floor":43,"key":"Turnip"}],"event_choices":[{"event_name":"Golden Wing","player_choice":"Card Removal","floor":2,"damage_taken":0},{"event_name":"Liars Game","player_choice":"agreed","floor":3,"damage_taken":0},{"event_name":"Mushrooms","player_choice":"Fought Mushrooms","floor":13,"damage_taken":0},{"event_name":"Addict","player_choice":"Obtained Relic","floor":24,"damage_taken":0},{"event_name":"Beggar","player_choice":"Ignored","floor":27,"damage_taken":0},{"event_name":"MindBloom","player_choice":"Fight","floor":37,"damage_taken":0},{"event_name":"Winding Halls","player_choice":"Embrace Madness","floor":38,"damage_taken":0},{"event_name":"Mysterious Sphere","player_choice":"Fight","floor":39,"damage_taken":0},{"event_name":"SensoryStone","player_choice":"Memory 1","floor":44,"damage_taken":0}],"is_beta":true,"boss_relics":[{"not_picked":["Coffee Dripper","Astrolabe"],"picked":"FrozenCore"},{"not_picked":["Runic Pyramid","Eternal Feather"],"picked":"Lizard Tail"}],"items_purged_floors":[4,21],"is_endless":false,"potions_floor_spawned":[5,7,16,22,23,31,36,37,45,48],"ascension_level":0}