{"gold_per_floor":[110,120,131,146,146,179,194,210,210,230,247,267,267,292,292,292],"floor_reached":16,"playtime":1284,"items_purged":[],"score":124,"play_id":"60dff9c8-29be-4777-8193-13254cd4b7c6","local_time":"20180927211853","is_ascension_mode":true,"campfire_choices":[{"floor":13,"key":"REST"},{"floor":15,"key":"REST"}],"neow_cost":"","seed_source_timestamp":1198458276047189,"circlet_count":0,"master_deck":["Defend_G","Defend_G","Defend_G","Defend_G","Defend_G","Strike_G","Strike_G","Strike_G","Strike_G","Strike_G","Survivor","Neutralize","Flying Knee","Poisoned Stab","Dagger Throw","Infinite Blades","All Out Attack","All Out Attack","All Out Attack","Dagger Spray"],"relics":["Ring of the Snake","Paper Crane","Happy Flower","Mercury Hourglass","Anchor"],"potions_floor_usage":[8,11,14,14,16],"damage_taken":[{"damage":4,"enemies":"Small Slimes","floor":1,"turns":4},{"damage":0,"enemies":"Cultist","floor":2,"turns":3},{"damage":0,"enemies":"2 Louse","floor":3,"turns":2},{"damage":3,"enemies":"Gremlin Gang","floor":4,"turns":6},{"damage":29,"enemies":"3 Sentries","floor":6,"turns":8},{"damage":1,"enemies":"Exordium Wildlife","floor":7,"turns":6},{"damage":8,"enemies":"2 Fungi Beasts","floor":8,"turns":3},{"damage":0,"enemies":"Looter","floor":10,"turns":3},{"damage":1,"enemies":"Exordium Thugs","floor":11,"turns":3},{"damage":0,"enemies":"3 Louse","floor":12,"turns":1},{"damage":5,"enemies":"Lagavulin","floor":14,"turns":5},{"damage":55,"enemies":"The Guardian","floor":16,"turns":8}],"seed_played":"-6766904993278327974","potions_obtained":[{"floor":6,"key":"Swift Potion"},{"floor":7,"key":"GhostInAJar"},{"floor":8,"key":"Swift Potion"},{"floor":11,"key":"SneckoOil"},{"floor":12,"key":"Weak Potion"}],"is_trial":false,"path_per_floor":["M","M","M","M","?","E","M","M","T","M","M","M","R","E","R"],"character_chosen":"THE_SILENT","items_purchased":[],"campfire_rested":2,"item_purchase_floors":[],"current_hp_per_floor":[66,66,66,63,51,22,21,13,13,13,12,12,33,28,49,0],"gold":292,"neow_bonus":"","is_prod":false,"is_daily":false,"chose_seed":false,"campfire_upgraded":0,"win_rate":0,"timestamp":1538097533,"path_taken":["M","M","M","M","?","E","M","M","T","?","M","M","R","E","R","BOSS"],"build_version":"2018-09-27","purchased_purges":0,"victory":false,"max_hp_per_floor":[70,70,70,70,70,70,70,70,70,70,70,70,70,70,70,70],"card_choices":[{"not_picked":["Slice","PiercingWail"],"picked":"Flying Knee","floor":1},{"not_picked":["Crippling Poison","Slice"],"picked":"Poisoned Stab","floor":2},{"not_picked":["Prepared","Cloak And Dagger"],"picked":"Dagger Throw","floor":3},{"not_picked":["Sucker Punch","Bullet Time"],"picked":"Infinite Blades","floor":4},{"not_picked":["Infinite Blades","Calculated Gamble","Well Laid Plans"],"picked":"SKIP","floor":6},{"not_picked":["Backstab","Leg Sweep"],"picked":"All Out Attack","floor":7},{"not_picked":["Slice","Accuracy"],"picked":"All Out Attack","floor":8},{"not_picked":["Underhanded Strike","Bane","Caltrops"],"picked":"SKIP","floor":10},{"not_picked":["Caltrops","Sucker Punch"],"picked":"All Out Attack","floor":11},{"not_picked":["PiercingWail","Skewer"],"picked":"Dagger Spray","floor":12},{"not_picked":["Dodge and Roll","Bouncing Flask","Riddle With Holes"],"picked":"SKIP","floor":14}],"player_experience":97487,"relics_obtained":[{"floor":6,"key":"Happy Flower"},{"floor":9,"key":"Mercury Hourglass"},{"floor":14,"key":"Anchor"}],"event_choices":[{"event_name":"Scrap Ooze","player_choice":"success","floor":5,"damage_taken":12}],"is_beta":false,"boss_relics":[],"items_purged_floors":[],"is_endless":false,"potions_floor_spawned":[6,7,8,11,12],"killed_by":"The Guardian","ascension_level":1}