{"gold_per_floor":[109,109,109,122,141,141,166,166,166,166,115,128,142,169,169,241,241,215,215,248,13,28,28,57,67,90,49,49,75,75,92,92,166,166,181,232,232,244,55,81,81,113,140,160,160,176,196,229,229,229,229,229,229,29,58,58],"floor_reached":56,"playtime":3187,"items_purged":["Strike_G","Doubt","Strike_G"],"score":2241,"play_id":"8f651341-4452-48a3-808c-8ae61c888e7f","local_time":"20190209062224","is_ascension_mode":true,"campfire_choices":[{"data":"Bouncing Flask","floor":6.0,"key":"SMITH"},{"floor":8.0,"key":"REST"},{"data":"Deadly Poison","floor":10.0,"key":"SMITH"},{"data":"Leg Sweep","floor":15.0,"key":"SMITH"},{"floor":23.0,"key":"REST"},{"floor":28.0,"key":"REST"},{"data":"Skewer","floor":32.0,"key":"SMITH"},{"data":"Footwork","floor":41.0,"key":"SMITH"},{"floor":45.0,"key":"RECALL"},{"data":"Well Laid Plans","floor":49,"key":"SMITH"},{"data":"Noxious Fumes","floor":53,"key":"SMITH"}],"neow_cost":"TEN_PERCENT_HP_LOSS","seed_source_timestamp":2510259763249613,"circlet_count":0,"master_deck":["AscendersBane","Defend_G","Defend_G","Defend_G+1","Defend_G","Defend_G+1","Strike_G","Strike_G","Survivor","Neutralize","Dash","Deadly Poison+1","Bouncing Flask+1","Leg Sweep+1","Dagger Throw","Glass Knife","Escape Plan","Writhe","Bane","Leg Sweep","Noxious Fumes+1","Well Laid Plans+1","Skewer+1","Backflip","Adrenaline","PiercingWail","Backstab+1","Leg Sweep+1","Calculated Gamble","Footwork+1","Malaise","Heel Hook+1","Noxious Fumes+1","Adrenaline","Blur","Footwork"],"special_seed":0,"relics":["Ring of the Snake","Ice Cream","Calipers","Gremlin Horn","Bird Faced Urn","Cursed Key","Happy Flower","Red Mask","Snake Skull","Question Card","Omamori","Oddly Smooth Stone","Philosopher\u0027s Stone","Dead Branch","Bag of Marbles","Pear","Boot","Blood Vial"],"potions_floor_usage":[55,55,56,56],"damage_taken":[{"damage":0.0,"enemies":"Small Slimes","floor":1.0,"turns":4.0},{"damage":4.0,"enemies":"Jaw Worm","floor":4.0,"turns":6.0},{"damage":0.0,"enemies":"Cultist","floor":5.0,"turns":3.0},{"damage":12.0,"enemies":"3 Sentries","floor":7.0,"turns":9.0},{"damage":0.0,"enemies":"Blue Slaver","floor":12.0,"turns":5.0},{"damage":3.0,"enemies":"Exordium Thugs","floor":13.0,"turns":4.0},{"damage":0.0,"enemies":"Lagavulin","floor":14.0,"turns":5.0},{"damage":0.0,"enemies":"Hexaghost","floor":16.0,"turns":7.0},{"damage":4.0,"enemies":"2 Thieves","floor":18.0,"turns":4.0},{"damage":39.0,"enemies":"Masked Bandits","floor":20.0,"turns":6.0},{"damage":0.0,"enemies":"Chosen","floor":22.0,"turns":3.0},{"damage":0.0,"enemies":"Gremlin Leader","floor":24.0,"turns":6.0},{"damage":0.0,"enemies":"Centurion and Healer","floor":25.0,"turns":5.0},{"damage":15.0,"enemies":"Slavers","floor":29.0,"turns":8.0},{"damage":3.0,"enemies":"Shelled Parasite and Fungi","floor":31.0,"turns":4.0},{"damage":23.0,"enemies":"Champ","floor":33.0,"turns":9.0},{"damage":0.0,"enemies":"3 Shapes","floor":35.0,"turns":3.0},{"damage":3.0,"enemies":"2 Orb Walkers","floor":36.0,"turns":6.0},{"damage":12.0,"enemies":"Orb Walker","floor":38.0,"turns":4.0},{"damage":4.0,"enemies":"Reptomancer","floor":40.0,"turns":7.0},{"damage":6.0,"enemies":"Nemesis","floor":42.0,"turns":9.0},{"damage":0.0,"enemies":"4 Shapes","floor":44.0,"turns":8.0},{"damage":11.0,"enemies":"3 Darklings","floor":46.0,"turns":6.0},{"damage":4.0,"enemies":"Writhing Mass","floor":47.0,"turns":5.0},{"damage":0,"enemies":"Reptomancer","floor":48,"turns":6},{"damage":1,"enemies":"Time Eater","floor":50,"turns":13},{"damage":22,"enemies":"Donu and Deca","floor":51,"turns":8},{"damage":60,"enemies":"Shield and Spear","floor":55,"turns":7},{"damage":48,"enemies":"The Heart","floor":56,"turns":2}],"seed_played":"277471632839044888","potions_obtained":[{"floor":4.0,"key":"Fire Potion"},{"floor":5.0,"key":"SneckoOil"},{"floor":7.0,"key":"Regen Potion"},{"floor":12.0,"key":"SkillPotion"},{"floor":13.0,"key":"SteroidPotion"},{"floor":20.0,"key":"Fire Potion"},{"floor":22.0,"key":"Block Potion"},{"floor":33.0,"key":"Poison Potion"},{"floor":40.0,"key":"Weak Potion"},{"floor":42.0,"key":"GamblersBrew"},{"floor":44.0,"key":"EntropicBrew"},{"floor":55,"key":"SpeedPotion"}],"is_trial":false,"path_per_floor":["M","?","?","M","M","R","E","R","T","R","?","M","M","E","R","B",null,"M","?","?","$","M","R","E","M","T","$","R","E","?","M","R","B",null,"M","?","?","M","$","E","R","E","T","M","R","M","M","E","R","B","B",null,"R","$","E","B"],"character_chosen":"THE_SILENT","items_purchased":["Snake Skull","Well Laid Plans","Footwork","Footwork"],"campfire_rested":3,"item_purchase_floors":[21,27,39,54],"current_hp_per_floor":[59,52,34,30,30,30,18,36,36,36,36,50,47,47,47,47,57,53,53,14,14,14,32,32,32,32,32,50,37,37,38,38,19,50,54,55,55,47,47,49,49,61,61,67,67,61,63,70,70,70,51,65,65,65,14,0],"gold":58,"neow_bonus":"ONE_RARE_RELIC","is_prod":false,"is_daily":false,"chose_seed":false,"campfire_upgraded":7,"win_rate":0,"timestamp":1549689744,"path_taken":["M","?","?","M","M","R","E","R","T","R","?","M","M","E","R","BOSS","M","?","?","?","M","R","E","?","T","$","R","E","?","M","R","BOSS","M","?","?","M","$","E","R","E","T","?","R","M","M","E","R","BOSS","BOSS","R","$","E","BOSS"],"build_version":"2019-02-06","purchased_purges":3,"victory":false,"max_hp_per_floor":[60,60,60,60,60,60,60,60,60,60,60,60,60,60,60,60,60,60,60,60,60,60,60,60,60,60,60,60,60,60,60,60,60,60,60,60,60,60,60,60,60,70,70,70,70,70,70,70,70,70,70,70,70,70,70,70],"card_choices":[{"not_picked":["Backflip","Finisher"],"picked":"Dash","floor":1.0},{"not_picked":["Choke","Bouncing Flask"],"picked":"Deadly Poison","floor":4.0},{"not_picked":["PiercingWail","Flying Knee"],"picked":"Bouncing Flask","floor":5.0},{"not_picked":["Setup","Dagger Spray"],"picked":"Leg Sweep","floor":7.0},{"not_picked":["Underhanded Strike","Blade Dance"],"picked":"Dagger Throw","floor":12.0},{"not_picked":["Slice","Underhanded Strike","Bouncing Flask"],"picked":"SKIP","floor":13.0},{"not_picked":["Flying Knee","Backflip","All Out Attack"],"picked":"SKIP","floor":14.0},{"not_picked":["Doppelganger","Storm of Steel"],"picked":"Glass Knife","floor":16.0},{"not_picked":["Deadly Poison","Dagger Spray"],"picked":"Escape Plan","floor":18.0},{"not_picked":["Choke","Flechettes"],"picked":"Bane","floor":20.0},{"not_picked":["Dodge and Roll","Calculated Gamble"],"picked":"Leg Sweep","floor":22.0},{"not_picked":["Deflect","Dodge and Roll","Flying Knee"],"picked":"SKIP","floor":24.0},{"not_picked":["Bullet Time","Acrobatics","Poisoned Stab"],"picked":"Noxious Fumes+1","floor":25.0},{"not_picked":["Eviscerate","Expertise","Quick Slash+1"],"picked":"Skewer","floor":29.0},{"not_picked":["Poisoned Stab+1","Slice","Eviscerate"],"picked":"Backflip","floor":31.0},{"not_picked":["Venomology","Doppelganger","Night Terror"],"picked":"Adrenaline","floor":33.0},{"not_picked":["Tactician","Dodge and Roll","Deadly Poison"],"picked":"PiercingWail","floor":35.0},{"not_picked":["Flying Knee","Sucker Punch+1","Distraction"],"picked":"Backstab+1","floor":36.0},{"not_picked":["Cloak And Dagger","Prepared","Dagger Throw"],"picked":"Calculated Gamble","floor":38.0},{"not_picked":["Blade Dance","Quick Slash","Setup"],"picked":"Malaise","floor":40.0},{"not_picked":["Predator+1","Calculated Gamble+1","Blade Dance"],"picked":"Heel Hook+1","floor":42.0},{"not_picked":["Acrobatics","Choke","Deadly Poison+1"],"picked":"Noxious Fumes","floor":44.0},{"not_picked":["Dash","Terror+1","Poisoned Stab","Deadly Poison"],"picked":"SKIP","floor":46.0},{"not_picked":["Quick Slash","Sucker Punch","Leg Sweep"],"picked":"Adrenaline","floor":47.0},{"not_picked":["Quick Slash","Blade Dance","Eviscerate"],"picked":"Blur","floor":48},{"not_picked":["Prepared","Bane","Poisoned Stab","Flying Knee+1"],"picked":"SKIP","floor":55}],"player_experience":2936563,"relics_obtained":[{"floor":7.0,"key":"Calipers"},{"floor":9.0,"key":"Gremlin Horn"},{"floor":14.0,"key":"Bird Faced Urn"},{"floor":20.0,"key":"Red Mask"},{"floor":24.0,"key":"Question Card"},{"floor":26.0,"key":"Omamori"},{"floor":29.0,"key":"Oddly Smooth Stone"},{"floor":36.0,"key":"Dead Branch"},{"floor":40.0,"key":"Bag of Marbles"},{"floor":42.0,"key":"Pear"},{"floor":48,"key":"Boot"},{"floor":55,"key":"Blood Vial"}],"event_choices":[{"cards_removed":["Strike_G"],"damage_healed":0.0,"max_hp_gain":0.0,"max_hp_loss":0.0,"gold_gain":0.0,"event_name":"Golden Wing","player_choice":"Card Removal","floor":2.0,"gold_loss":0.0,"damage_taken":7.0},{"damage_healed":0.0,"max_hp_gain":0.0,"max_hp_loss":0.0,"gold_gain":0.0,"event_name":"Shining Light","player_choice":"Entered Light","floor":3.0,"gold_loss":0.0,"damage_taken":18.0,"cards_upgraded":["Defend_G","Defend_G"]},{"damage_healed":0.0,"max_hp_gain":0.0,"max_hp_loss":0.0,"gold_gain":0.0,"event_name":"World of Goop","player_choice":"Left Gold","floor":11.0,"gold_loss":51.0,"damage_taken":0.0},{"damage_healed":0.0,"max_hp_gain":0.0,"max_hp_loss":0.0,"gold_gain":0.0,"event_name":"The Mausoleum","player_choice":"Opened","floor":19.0,"gold_loss":0.0,"damage_taken":0.0,"relics_obtained":["Happy Flower"],"cards_obtained":["Writhe"]},{"damage_healed":0.0,"max_hp_gain":0.0,"max_hp_loss":0.0,"gold_gain":0.0,"event_name":"Masked Bandits","player_choice":"Fought Bandits","floor":20.0,"gold_loss":0.0,"damage_taken":0.0},{"damage_healed":0.0,"max_hp_gain":0.0,"max_hp_loss":0.0,"gold_gain":0.0,"event_name":"Cursed Tome","player_choice":"Ignored","floor":30.0,"gold_loss":0.0,"damage_taken":0.0},{"damage_healed":0.0,"max_hp_gain":0.0,"max_hp_loss":0.0,"gold_gain":0.0,"event_name":"Mysterious Sphere","player_choice":"Fight","floor":36.0,"gold_loss":0.0,"damage_taken":0.0},{"damage_healed":0.0,"max_hp_gain":0.0,"max_hp_loss":0.0,"gold_gain":0.0,"event_name":"Duplicator","player_choice":"Copied","floor":37.0,"gold_loss":0.0,"damage_taken":0.0,"cards_obtained":["Leg Sweep"]}],"is_beta":true,"boss_relics":[{"not_picked":["Pandora\u0027s Box","Runic Pyramid"],"picked":"Cursed Key"},{"not_picked":["Runic Dome","Coffee Dripper"],"picked":"Philosopher\u0027s Stone"}],"items_purged_floors":[21,39,54],"is_endless":false,"potions_floor_spawned":[4,5,7,12,13,20,22,33,40,42,44,46,55],"killed_by":"The Heart","ascension_level":20}