{"gold_per_floor":[109,126,201,211,226,226,21,21,103,103,253,7,7],"floor_reached":13,"playtime":527,"items_purged":["Doubt"],"score":146,"play_id":"12f12961-330d-41c3-a6f1-c1cbaaf4ae56","local_time":"20181105005343","is_ascension_mode":true,"campfire_choices":[{"data":"Noxious Fumes","floor":6.0,"key":"SMITH"},{"data":"Bouncing Flask","floor":8.0,"key":"SMITH"}],"neow_cost":"NONE","seed_source_timestamp":285485162751000,"circlet_count":0,"master_deck":["AscendersBane","Defend_G","Defend_G","Defend_G+1","Defend_G","Defend_G","Strike_G","Strike_G","Strike_G+1","Strike_G","Strike_G","Survivor","Neutralize","Noxious Fumes+1","Noxious Fumes","Underhanded Strike","Bouncing Flask+1","Noxious Fumes"],"special_seed":0,"relics":["Snecko Eye","Snake Skull","Bottled Tornado","Anchor"],"potions_floor_usage":[13],"damage_taken":[{"damage":4.0,"enemies":"Small Slimes","floor":1.0,"turns":5.0},{"damage":2.0,"enemies":"Jaw Worm","floor":2.0,"turns":6.0},{"damage":1.0,"enemies":"Cultist","floor":4.0,"turns":4.0},{"damage":5.0,"enemies":"2 Fungi Beasts","floor":5.0,"turns":5.0},{"damage":39,"enemies":"Gremlin Nob","floor":13,"turns":3}],"seed_played":"-1471826355315456398","potions_obtained":[{"floor":1.0,"key":"FearPotion"},{"floor":5.0,"key":"SpeedPotion"}],"is_trial":false,"path_per_floor":["M","M","?","M","M","R","$","R","T","?","?","$","E"],"character_chosen":"THE_SILENT","items_purchased":["Snake Skull","Noxious Fumes","Anchor"],"campfire_rested":0,"item_purchase_floors":[7,7,12],"current_hp_per_floor":[55,53,42,41,36,36,36,36,36,16,16,16,0],"gold":7,"neow_bonus":"BOSS_RELIC","is_prod":false,"is_daily":false,"chose_seed":false,"campfire_upgraded":2,"win_rate":0,"timestamp":1541397223,"path_taken":["M","M","?","M","M","R","$","R","T","?","?","$","E"],"build_version":"2018-11-01","purchased_purges":1,"victory":false,"max_hp_per_floor":[66,66,66,66,66,66,66,66,66,66,66,66,66],"card_choices":[{"not_picked":["Slice","Dagger Throw"],"picked":"Noxious Fumes","floor":1.0},{"not_picked":["Poisoned Stab","PiercingWail"],"picked":"Noxious Fumes","floor":2.0},{"not_picked":["Dagger Throw","Flying Knee"],"picked":"Underhanded Strike","floor":4.0},{"not_picked":["Outmaneuver","Deadly Poison"],"picked":"Bouncing Flask","floor":5.0}],"player_experience":1635966,"relics_obtained":[{"floor":9.0,"key":"Bottled Tornado"}],"event_choices":[{"damage_healed":0.0,"max_hp_gain":0.0,"max_hp_loss":0.0,"gold_gain":75.0,"event_name":"World of Goop","player_choice":"Gather Gold","floor":3.0,"gold_loss":0.0,"damage_taken":11.0},{"damage_healed":0.0,"max_hp_gain":0.0,"max_hp_loss":0.0,"gold_gain":0.0,"event_name":"Shining Light","player_choice":"Entered Light","floor":10.0,"gold_loss":0.0,"damage_taken":20.0,"cards_upgraded":["Defend_G","Strike_G"]},{"damage_healed":0.0,"max_hp_gain":0.0,"max_hp_loss":0.0,"gold_gain":150.0,"event_name":"Liars Game","player_choice":"AGREE","floor":11.0,"gold_loss":0.0,"damage_taken":0.0,"cards_obtained":["Doubt"]}],"is_beta":true,"boss_relics":[],"items_purged_floors":[12],"is_endless":false,"potions_floor_spawned":[1,5],"killed_by":"Gremlin Nob","ascension_level":20}