{"gold_per_floor":[118,268,288,288,308,308,282,282,306,316,334,334,334,26,26,105,105,120,134,134,56,56],"floor_reached":22,"playtime":1191,"items_purged":[],"score":352,"play_id":"6d9819ed-75d9-4823-82e2-831871899d17","local_time":"20181031033744","is_ascension_mode":true,"campfire_choices":[{"data":"Neutralize","floor":6,"key":"SMITH"},{"floor":8,"key":"REST"},{"data":"Predator","floor":13,"key":"SMITH"},{"data":"Well Laid Plans","floor":15,"key":"SMITH"}],"neow_cost":"NONE","seed_source_timestamp":1015856454270200,"circlet_count":0,"master_deck":["Defend_G","Defend_G","Defend_G+1","Defend_G","Defend_G","Strike_G","Strike_G","Strike_G","Strike_G","Strike_G","Survivor","Neutralize+1","AscendersBane","Well Laid Plans+1","Dagger Spray+1","Flying Knee","PiercingWail","Predator+1","Deflect","Endless Agony","After Image","Terror","Noxious Fumes","Cloak And Dagger","Escape Plan","Bullet Time","Infinite Blades"],"relics":["White Beast Statue","Blood Vial","Kunai","Orrery"],"potions_floor_usage":[7,10,11,16,18,18,19,22],"damage_taken":[{"damage":3,"enemies":"2 Louse","floor":1,"turns":3},{"damage":6,"enemies":"Jaw Worm","floor":3,"turns":7},{"damage":1,"enemies":"Small Slimes","floor":5,"turns":4},{"damage":3,"enemies":"Exordium Thugs","floor":7,"turns":5},{"damage":18,"enemies":"Exordium Wildlife","floor":10,"turns":5},{"damage":0,"enemies":"Looter","floor":11,"turns":3},{"damage":18,"enemies":"Hexaghost","floor":16,"turns":16},{"damage":22,"enemies":"3 Byrds","floor":18,"turns":5},{"damage":12,"enemies":"Shell Parasite","floor":19,"turns":4},{"damage":48,"enemies":"3 Cultists","floor":22,"turns":5}],"seed_played":"626511919635131860","potions_obtained":[{"floor":1,"key":"Dexterity Potion"},{"floor":3,"key":"Block Potion"},{"floor":7,"key":"PowerPotion"},{"floor":10,"key":"GamblersBrew"},{"floor":11,"key":"SneckoOil"},{"floor":16,"key":"PowerPotion"},{"floor":18,"key":"AttackPotion"},{"floor":19,"key":"Fire Potion"}],"is_trial":false,"path_per_floor":["M","?","M","?","M","R","M","R","T","M","M","?","R","$","R","B",null,"M","M","?","$"],"character_chosen":"THE_SILENT","items_purchased":["Kunai","Endless Agony","Infinite Blades"],"campfire_rested":1,"item_purchase_floors":[14,14,21],"current_hp_per_floor":[56,56,50,30,29,29,26,45,45,29,31,31,31,31,31,15,53,33,23,36,36,0],"gold":56,"neow_bonus":"BOSS_RELIC","is_prod":false,"is_daily":false,"chose_seed":false,"campfire_upgraded":3,"win_rate":0,"timestamp":1540971464,"path_taken":["M","?","M","?","M","R","M","R","T","M","?","?","R","$","R","BOSS","M","M","?","?","M"],"build_version":"2018-10-29v2","purchased_purges":0,"victory":false,"max_hp_per_floor":[66,66,66,66,66,66,66,66,66,66,66,66,66,66,66,66,66,66,66,66,66,66],"card_choices":[{"not_picked":["Slice","Blur"],"picked":"Well Laid Plans","floor":1},{"not_picked":["Reflex","Acrobatics"],"picked":"Dagger Spray","floor":3},{"not_picked":["Heel Hook","Quick Slash"],"picked":"Flying Knee","floor":5},{"not_picked":["Slice","Calculated Gamble"],"picked":"PiercingWail","floor":7},{"not_picked":["Quick Slash","Choke"],"picked":"Predator","floor":10},{"not_picked":["Dagger Throw","Tools of the Trade"],"picked":"Deflect","floor":11},{"not_picked":["Phantasmal Killer","Die Die Die"],"picked":"After Image","floor":16},{"not_picked":["Backstab","Dash"],"picked":"Terror","floor":17},{"not_picked":["Eviscerate","Deadly Poison"],"picked":"Noxious Fumes","floor":17},{"not_picked":["Endless Agony","Backflip"],"picked":"Cloak And Dagger","floor":17},{"not_picked":["Dagger Spray","Predator"],"picked":"Escape Plan","floor":18},{"not_picked":["Deadly Poison","Sucker Punch+1"],"picked":"Bullet Time","floor":19}],"player_experience":1562009,"relics_obtained":[{"floor":9,"key":"Blood Vial"}],"event_choices":[{"damage_healed":0,"gold_gain":150,"player_choice":"AGREE","damage_taken":0,"max_hp_gain":0,"max_hp_loss":0,"event_name":"Liars Game","floor":2,"gold_loss":0,"cards_obtained":["Doubt"]},{"damage_healed":0,"gold_gain":0,"player_choice":"Entered Light","damage_taken":20,"max_hp_gain":0,"max_hp_loss":0,"event_name":"Shining Light","floor":4,"gold_loss":0,"cards_upgraded":["Defend_G","Dagger Spray"]},{"cards_removed":["Doubt"],"damage_healed":0,"gold_gain":0,"player_choice":"Forget","damage_taken":0,"max_hp_gain":0,"max_hp_loss":0,"event_name":"Living Wall","floor":12,"gold_loss":0},{"damage_healed":13,"gold_gain":0,"player_choice":"Heal","damage_taken":0,"max_hp_gain":0,"max_hp_loss":0,"event_name":"The Library","floor":20,"gold_loss":0}],"is_beta":true,"boss_relics":[{"not_picked":["Coffee Dripper","Tiny House"],"picked":"Orrery"}],"items_purged_floors":[],"is_endless":false,"potions_floor_spawned":[1,3,5,7,10,11,16,18,19],"killed_by":"3 Cultists","ascension_level":20}