{"gold_per_floor":[116,116,131,131,145,145,145,210,210,210,210],"floor_reached":11,"playtime":136,"items_purged":[],"score":92,"play_id":"65a7d9ed-c33f-4eca-a74d-d348abc57180","local_time":"20181217195845","is_ascension_mode":true,"campfire_choices":[{"data":"Blizzard","floor":6,"key":"SMITH"},{"data":"Ball Lightning","floor":10,"key":"SMITH"}],"neow_cost":"NONE","seed_source_timestamp":277414355358574,"circlet_count":0,"master_deck":["AscendersBane","Strike_B","Strike_B","Strike_B","Strike_B","Defend_B","Defend_B","Defend_B","Defend_B","Zap","Dualcast","Blizzard+1","Rebound","FTL","Ball Lightning+1"],"relics":["Cracked Core","NeowsBlessing","Golden Idol","Pocketwatch","Bottled Flame"],"potions_floor_usage":[8],"damage_taken":[{"damage":0,"enemies":"Cultist","floor":1,"turns":1},{"damage":0,"enemies":"2 Louse","floor":3,"turns":1},{"damage":0,"enemies":"Jaw Worm","floor":5,"turns":1},{"damage":36,"enemies":"Gremlin Nob","floor":8,"turns":4},{"damage":0,"enemies":"Lots of Slimes","floor":11,"turns":1}],"seed_played":"-8621607286474961962","potions_obtained":[{"floor":5,"key":"Explosive Potion"},{"floor":8,"key":"Ancient Potion"}],"is_trial":false,"path_per_floor":["M","$","M","T","M","R","?","?","T","R","M"],"character_chosen":"DEFECT","items_purchased":[],"campfire_rested":0,"item_purchase_floors":[],"current_hp_per_floor":[68,68,68,68,68,68,50,14,14,14,14],"gold":210,"neow_bonus":"THREE_ENEMY_KILL","is_prod":false,"is_daily":false,"chose_seed":false,"campfire_upgraded":2,"win_rate":0,"timestamp":1545094725,"path_taken":["M","$","?","?","?","R","?","?","T","R","M"],"build_version":"2018-12-13","purchased_purges":0,"victory":false,"max_hp_per_floor":[75,75,75,75,75,75,75,75,75,75,75],"card_choices":[{"not_picked":["Stack","Conserve Battery"],"picked":"Blizzard","floor":1},{"not_picked":["Barrage","Melter"],"picked":"Rebound","floor":3},{"not_picked":["Storm","Redo"],"picked":"FTL","floor":5},{"not_picked":["Hologram","Compile Driver"],"picked":"Ball Lightning","floor":8}],"player_experience":365239,"relics_obtained":[{"floor":9,"key":"Bottled Flame"}],"event_choices":[{"damage_healed":0,"gold_gain":0,"player_choice":"Take Damage","damage_taken":18,"relics_obtained":["Golden Idol"],"max_hp_gain":0,"max_hp_loss":0,"event_name":"Golden Idol","floor":7,"gold_loss":0},{"damage_healed":0,"gold_gain":30,"player_choice":"Searched \u00273\u0027 times","damage_taken":0,"relics_obtained":["Pocketwatch"],"max_hp_gain":0,"max_hp_loss":0,"event_name":"Dead Adventurer","floor":8,"gold_loss":0}],"is_beta":false,"boss_relics":[],"items_purged_floors":[],"is_endless":false,"potions_floor_spawned":[5,8],"killed_by":"Lots of Slimes","ascension_level":10}