{"gold_per_floor":[212,212,65,76,76,111,36,62,85,85,100,100,120,137,137,237,237,237,237,237,237,137,137,137,137,137,137,137,137,137,137,137,137],"floor_reached":33,"playtime":1942,"items_purged":["Strike_G","Defend_G"],"score":365,"play_id":"30909566-7a5d-43e0-baa1-48a07ef85d7a","local_time":"20181020160454","is_ascension_mode":true,"campfire_choices":[{"floor":10,"key":"REST"},{"data":"Endless Agony","floor":12,"key":"SMITH"},{"data":"Poisoned Stab","floor":15,"key":"SMITH"},{"floor":24,"key":"REST"},{"floor":28,"key":"REST"},{"floor":32,"key":"REST"}],"neow_cost":"NONE","seed_source_timestamp":915868169951016,"circlet_count":0,"master_deck":["Defend_G","Defend_G","Defend_G","Defend_G","Strike_G","Strike_G","Strike_G","Survivor","Neutralize","Backstab","Endless Agony+1","Acrobatics","Dagger Throw","Trip","Prepared","Poisoned Stab+1","Backflip","A Thousand Cuts","Bouncing Flask","Flying Knee","Footwork","Infinite Blades+1","Noxious Fumes","Flying Knee+1","Tactician","Backflip+1","Dagger Throw","Underhanded Strike+1"],"relics":["Ring of the Snake","PreservedInsect","Omamori","Regal Pillow","Oddly Smooth Stone","Ectoplasm","Lantern","Dream Catcher","Darkstone Periapt","Potion Belt"],"potions_floor_usage":[6,16,23,30,30,31,31],"damage_taken":[{"damage":0,"enemies":"2 Louse","floor":1,"turns":3},{"damage":1,"enemies":"Jaw Worm","floor":4,"turns":3},{"damage":12,"enemies":"Lagavulin","floor":6,"turns":4},{"damage":16,"enemies":"Gremlin Nob","floor":8,"turns":3},{"damage":0,"enemies":"Cultist","floor":11,"turns":2},{"damage":4,"enemies":"Looter","floor":13,"turns":3},{"damage":0,"enemies":"Red Slaver","floor":14,"turns":3},{"damage":20,"enemies":"Hexaghost","floor":16,"turns":9},{"damage":9,"enemies":"Shell Parasite","floor":18,"turns":6},{"damage":15,"enemies":"3 Byrds","floor":19,"turns":4},{"damage":7,"enemies":"Snecko","floor":21,"turns":5},{"damage":14,"enemies":"Gremlin Leader","floor":23,"turns":5},{"damage":14,"enemies":"Book of Stabbing","floor":25,"turns":4},{"damage":18,"enemies":"Slavers","floor":27,"turns":4},{"damage":14,"enemies":"3 Cultists","floor":29,"turns":4},{"damage":4,"enemies":"Sentry and Sphere","floor":30,"turns":5},{"damage":13,"enemies":"Snecko","floor":31,"turns":3},{"damage":85,"enemies":"Champ","floor":33,"turns":8}],"seed_played":"-1186043415648115541","potions_obtained":[{"floor":1,"key":"SteroidPotion"},{"floor":11,"key":"Poison Potion"},{"floor":19,"key":"SpeedPotion"},{"floor":25,"key":"Energy Potion"},{"floor":27,"key":"Weak Potion"},{"floor":29,"key":"Block Potion"},{"floor":30,"key":"Swift Potion"}],"is_trial":false,"path_per_floor":["M","?","$","M","?","E","$","E","T","R","M","R","M","M","R","B",null,"M","M","?","M","$","E","R","E","T","E","R","M","M","M","R"],"character_chosen":"THE_SILENT","items_purchased":["PreservedInsect"],"campfire_rested":4,"item_purchase_floors":[3],"current_hp_per_floor":[70,70,70,69,69,57,57,41,41,70,70,70,66,66,66,46,70,61,46,46,39,39,25,61,47,47,29,65,51,47,34,70,0],"gold":137,"neow_bonus":"HUNDRED_GOLD","is_prod":false,"is_daily":false,"chose_seed":false,"campfire_upgraded":2,"win_rate":0,"timestamp":1540065894,"path_taken":["M","?","$","M","?","E","$","E","T","R","M","R","M","?","R","BOSS","M","M","?","M","$","E","R","E","T","E","R","M","?","M","R","BOSS"],"build_version":"2018-10-18","purchased_purges":2,"victory":false,"max_hp_per_floor":[70,70,70,70,70,70,70,70,70,70,70,70,70,70,70,70,70,70,70,70,70,70,70,70,70,70,70,70,70,70,70,70,70],"card_choices":[{"not_picked":["Calculated Gamble","Masterful Stab"],"picked":"Backstab","floor":1},{"not_picked":["Outmaneuver","Finisher"],"picked":"Acrobatics","floor":4},{"not_picked":["Dagger Spray","Tools of the Trade"],"picked":"Prepared","floor":6},{"not_picked":["Choke","Dagger Spray"],"picked":"Poisoned Stab","floor":8},{"not_picked":["Infinite Blades","Dagger Spray"],"picked":"Backflip","floor":11},{"not_picked":["Underhanded Strike","Deadly Poison","PiercingWail"],"picked":"SKIP","floor":13},{"not_picked":["Deflect","Bane","All Out Attack"],"picked":"SKIP","floor":14},{"not_picked":["Glass Knife","Corpse Explosion"],"picked":"A Thousand Cuts","floor":16},{"not_picked":["Deflect+1","Slice+1"],"picked":"Bouncing Flask","floor":18},{"not_picked":["Deflect","Outmaneuver","PiercingWail"],"picked":"SKIP","floor":19},{"not_picked":["Expertise","Doppelganger"],"picked":"Footwork","floor":21},{"not_picked":["Predator","Sucker Punch+1"],"picked":"Infinite Blades+1","floor":23},{"not_picked":["Finisher","Infinite Blades"],"picked":"Noxious Fumes","floor":25},{"not_picked":["Finisher","Heel Hook"],"picked":"Flying Knee+1","floor":27},{"not_picked":["Acrobatics","Escape Plan+1"],"picked":"Tactician","floor":28},{"not_picked":["Storm of Steel","Reflex"],"picked":"Backflip+1","floor":29},{"not_picked":["Cloak And Dagger","Slice"],"picked":"Dagger Throw","floor":30},{"not_picked":["Dagger Throw","Backflip","Skewer"],"picked":"SKIP","floor":31},{"not_picked":["Choke","Acrobatics"],"picked":"Underhanded Strike+1","floor":32}],"player_experience":338394,"relics_obtained":[{"floor":6,"key":"Omamori"},{"floor":8,"key":"Regal Pillow"},{"floor":9,"key":"Oddly Smooth Stone"},{"floor":23,"key":"Lantern"},{"floor":25,"key":"Dream Catcher"},{"floor":26,"key":"Darkstone Periapt"},{"floor":27,"key":"Potion Belt"}],"event_choices":[{"damage_healed":0,"gold_gain":0,"cards_transformed":["Strike_G"],"player_choice":"Change","damage_taken":0,"max_hp_gain":0,"max_hp_loss":0,"event_name":"Living Wall","floor":2,"gold_loss":0,"cards_obtained":["Endless Agony"]},{"damage_healed":0,"gold_gain":0,"player_choice":"2 cards matched","damage_taken":0,"max_hp_gain":0,"max_hp_loss":0,"event_name":"Match and Keep!","floor":5,"gold_loss":0,"cards_obtained":["Dagger Throw","Trip"]},{"damage_healed":0,"gold_gain":0,"player_choice":"Read","damage_taken":0,"max_hp_gain":0,"max_hp_loss":0,"event_name":"The Library","floor":20,"gold_loss":0,"cards_obtained":["Flying Knee"]}],"is_beta":false,"boss_relics":[{"not_picked":["Black Star","Snecko Eye"],"picked":"Ectoplasm"}],"items_purged_floors":[7,22],"is_endless":false,"potions_floor_spawned":[1,11,19,25,27,29,30],"killed_by":"Champ","ascension_level":3}