{"gold_per_floor":[114,61,61,76,91,91,121,121,196,211,211,211,211,191,191,291,291,306,321,246,161,161,161,176,206,206,142,157,35,50,65,65,165,165,180,180,83,98,0,30,45,45,45,45,45,60,60,75,75,75],"floor_reached":50,"playtime":5828,"items_purged":[],"score":690,"play_id":"59850ed2-abd8-495e-8e5f-71eb40f499d1","local_time":"20181117214341","daily_mods":["Heirloom","Hoarder","Night Terrors"],"is_ascension_mode":false,"campfire_choices":[{"data":"True Grit","floor":6,"key":"SMITH"},{"data":"True Grit","floor":8,"key":"SMITH"},{"data":"True Grit","floor":11,"key":"SMITH"},{"data":"Flex","floor":13,"key":"SMITH"},{"floor":15,"key":"REST"},{"data":"Havoc","floor":23,"key":"SMITH"},{"data":"Entrench","floor":32,"key":"SMITH"},{"floor":45,"key":"REST"},{"floor":49,"key":"REST"}],"neow_cost":"","seed_source_timestamp":0,"circlet_count":0,"master_deck":["Strike_R","Strike_R","Strike_R","Strike_R","Strike_R","Defend_R","Defend_R","Defend_R","Defend_R","Bash","Flex","Flex+1","Flex","Shrug It Off","Shrug It Off","Shrug It Off","Rage","Rage","True Grit+1","True Grit+1","True Grit+1","Whirlwind","Whirlwind","Whirlwind","Immolate","Immolate","Immolate","Havoc+1","Havoc","Havoc","Perfected Strike","Perfected Strike","Perfected Strike","Barricade","Barricade","Barricade","Bludgeon","Bludgeon","Bludgeon","Body Slam","Body Slam","Body Slam","Feel No Pain","Feel No Pain","Feel No Pain","Entrench+1","Entrench","Entrench+1","Warcry+1","Warcry+1","Warcry+1","Fiend Fire","Fiend Fire","Fiend Fire","Burning Pact","Burning Pact","Burning Pact","Metallicize","Metallicize","Metallicize","Seeing Red","Seeing Red+1","Seeing Red","Parasite","Parasite","Parasite","Writhe","Writhe","Writhe","Shrug It Off+1","Shrug It Off+1","Shrug It Off+1"],"special_seed":17852,"relics":["Burning Blood","Ice Cream","Mercury Hourglass","The Courier","Calipers","Busted Crown","Pen Nib","Charon\u0027s Ashes","Lantern","Mark of Pain","Red Mask","War Paint","Toxic Egg 2","GremlinMask"],"potions_floor_usage":[16,16,16,28,33,40,41,41],"damage_taken":[{"damage":0,"enemies":"2 Louse","floor":1,"turns":3},{"damage":6,"enemies":"Cultist","floor":4,"turns":4},{"damage":0,"enemies":"Jaw Worm","floor":5,"turns":4},{"damage":25,"enemies":"3 Sentries","floor":7,"turns":13},{"damage":0,"enemies":"3 Louse","floor":10,"turns":2},{"damage":45,"enemies":"The Guardian","floor":16,"turns":15},{"damage":12,"enemies":"2 Thieves","floor":18,"turns":2},{"damage":0,"enemies":"Chosen","floor":19,"turns":4},{"damage":10,"enemies":"Snecko","floor":24,"turns":4},{"damage":7,"enemies":"Slavers","floor":25,"turns":2},{"damage":0,"enemies":"Snake Plant","floor":28,"turns":4},{"damage":1,"enemies":"Chosen and Byrds","floor":30,"turns":5},{"damage":7,"enemies":"Cultist and Chosen","floor":31,"turns":6},{"damage":35,"enemies":"Collector","floor":33,"turns":8},{"damage":13,"enemies":"3 Shapes","floor":35,"turns":2},{"damage":6,"enemies":"Orb Walker","floor":38,"turns":3},{"damage":36,"enemies":"Reptomancer","floor":40,"turns":5},{"damage":38,"enemies":"Writhing Mass","floor":41,"turns":6},{"damage":42,"enemies":"Jaw Worm Horde","floor":46,"turns":4},{"damage":13,"enemies":"3 Darklings","floor":48,"turns":5},{"damage":82,"enemies":"Time Eater","floor":50,"turns":7}],"seed_played":"-3427943864636333063","potions_obtained":[{"floor":4,"key":"BloodPotion"},{"floor":5,"key":"Fire Potion"},{"floor":14,"key":"Weak Potion"},{"floor":25,"key":"SkillPotion"},{"floor":28,"key":"Explosive Potion"},{"floor":33,"key":"PowerPotion"},{"floor":35,"key":"BloodPotion"},{"floor":38,"key":"Dexterity Potion"}],"is_trial":false,"path_per_floor":["M","$","?","M","M","R","E","R","T","M","R","?","R","?","R","B",null,"M","M","?","?","?","R","M","E","T","$","M","$","M","M","R","B",null,"M","?","$","M","?","E","M","?","T","?","R","M","?","M","R","B"],"character_chosen":"IRONCLAD","items_purchased":["Shrug It Off","Bludgeon","Feel No Pain","Entrench","Burning Pact","Metallicize"],"campfire_rested":3,"item_purchase_floors":[2,27,29,29,37,37],"current_hp_per_floor":[80,80,80,80,80,80,61,61,61,67,67,60,60,60,75,43,75,69,75,75,75,75,75,71,70,70,70,75,75,75,74,74,45,75,68,68,68,68,68,38,13,32,32,32,70,34,34,27,65,0],"gold":75,"neow_bonus":"","is_prod":false,"is_daily":true,"chose_seed":false,"campfire_upgraded":6,"win_rate":0,"timestamp":1542509021,"path_taken":["M","$","?","?","M","R","E","R","T","M","R","?","R","?","R","BOSS","M","M","?","?","?","R","M","E","T","?","M","$","?","M","R","BOSS","M","?","$","?","?","E","M","?","T","?","R","?","?","M","R","BOSS"],"build_version":"2018-11-15","purchased_purges":0,"victory":false,"max_hp_per_floor":[80,80,80,80,80,80,80,80,80,80,80,80,80,80,75,75,75,75,75,75,75,75,75,75,75,75,75,75,75,75,75,75,75,75,75,75,75,75,75,75,75,75,75,75,70,70,70,70,65,65],"card_choices":[{"not_picked":["Body Slam","Clothesline"],"picked":"Flex","floor":1},{"not_picked":["Shrug It Off","Wild Strike"],"picked":"True Grit","floor":4},{"not_picked":["Sentinel","Shrug It Off","Rupture"],"picked":"SKIP","floor":5},{"not_picked":["Corruption","Armaments","Iron Wave"],"picked":"SKIP","floor":7},{"not_picked":["Second Wind","Sentinel"],"picked":"Whirlwind","floor":10},{"not_picked":["Limit Break","Double Tap"],"picked":"Immolate","floor":16},{"not_picked":[],"picked":"Havoc","floor":18},{"not_picked":["Anger"],"picked":"SKIP","floor":19},{"not_picked":[],"picked":"Perfected Strike","floor":24},{"not_picked":[],"picked":"Barricade","floor":25},{"not_picked":[],"picked":"Body Slam","floor":28},{"not_picked":[],"picked":"Warcry+1","floor":30},{"not_picked":["Cleave"],"picked":"SKIP","floor":31},{"not_picked":[],"picked":"Fiend Fire","floor":33},{"not_picked":["Blood for Blood+1"],"picked":"SKIP","floor":35},{"not_picked":[],"picked":"Seeing Red","floor":38},{"not_picked":["Clash+1"],"picked":"SKIP","floor":40},{"not_picked":["Intimidate"],"picked":"SKIP","floor":41},{"not_picked":[],"picked":"Shrug It Off+1","floor":46},{"not_picked":["Combust"],"picked":"SKIP","floor":48}],"player_experience":529425,"relics_obtained":[{"floor":7,"key":"Mercury Hourglass"},{"floor":9,"key":"The Courier"},{"floor":25,"key":"Charon\u0027s Ashes"},{"floor":26,"key":"Lantern"},{"floor":40,"key":"War Paint"},{"floor":43,"key":"Toxic Egg 2"}],"event_choices":[{"damage_healed":0,"gold_gain":0,"player_choice":"1 cards matched","damage_taken":0,"max_hp_gain":0,"max_hp_loss":0,"event_name":"Match and Keep!","floor":3,"gold_loss":0,"cards_obtained":["Rage"]},{"damage_healed":0,"gold_gain":0,"player_choice":"Success","damage_taken":7,"relics_obtained":["Calipers"],"max_hp_gain":0,"max_hp_loss":0,"event_name":"Scrap Ooze","floor":12,"gold_loss":0},{"damage_healed":0,"gold_gain":0,"player_choice":"Bought 1 Potion","damage_taken":0,"max_hp_gain":0,"max_hp_loss":0,"event_name":"The Woman in Blue","floor":14,"gold_loss":0},{"cards_removed":["Rage"],"damage_healed":0,"gold_gain":0,"player_choice":"Gave Gold","damage_taken":0,"max_hp_gain":0,"max_hp_loss":0,"event_name":"Beggar","floor":20,"gold_loss":75},{"damage_healed":0,"gold_gain":0,"player_choice":"Obtained Relic","damage_taken":0,"relics_obtained":["Pen Nib"],"max_hp_gain":0,"max_hp_loss":0,"event_name":"Addict","floor":21,"gold_loss":85},{"damage_healed":0,"gold_gain":0,"player_choice":"Ignored","damage_taken":0,"max_hp_gain":0,"max_hp_loss":0,"event_name":"Vampires","floor":22,"gold_loss":0},{"damage_healed":0,"gold_gain":0,"player_choice":"Ignored","damage_taken":0,"max_hp_gain":0,"max_hp_loss":0,"event_name":"SecretPortal","floor":36,"gold_loss":0},{"damage_healed":0,"gold_gain":0,"player_choice":"Paid","damage_taken":0,"relics_obtained":["Red Mask"],"max_hp_gain":0,"max_hp_loss":0,"event_name":"Tomb of Lord Red Mask","floor":39,"gold_loss":98},{"damage_healed":19,"gold_gain":0,"player_choice":"Writhe","damage_taken":0,"max_hp_gain":0,"max_hp_loss":0,"event_name":"Winding Halls","floor":42,"gold_loss":0,"cards_obtained":["Writhe"]},{"damage_healed":0,"gold_gain":0,"player_choice":"Ignored","damage_taken":0,"max_hp_gain":0,"max_hp_loss":0,"event_name":"Mysterious Sphere","floor":44,"gold_loss":0},{"damage_healed":0,"gold_gain":0,"player_choice":"Trade","damage_taken":0,"relics_obtained":["GremlinMask"],"max_hp_gain":0,"max_hp_loss":0,"event_name":"FaceTrader","floor":47,"gold_loss":0}],"is_beta":false,"boss_relics":[{"not_picked":["Lizard Tail","Calling Bell"],"picked":"Busted Crown"},{"not_picked":["Runic Cube","Coffee Dripper"],"picked":"Mark of Pain"}],"items_purged_floors":[],"is_endless":false,"potions_floor_spawned":[4,5,25,28,33,35,38],"killed_by":"Time Eater","ascension_level":0}