{"gold_per_floor":[109,284,359,359,379,407,407,432,457,457],"floor_reached":10,"playtime":358,"items_purged":[],"score":129,"play_id":"ad75c050-08d2-4a7e-b0ff-421ae94ce105","local_time":"20181210182439","is_ascension_mode":true,"campfire_choices":[{"data":"Zap","floor":7,"key":"SMITH"}],"neow_cost":"NONE","seed_source_timestamp":175418170857788,"circlet_count":0,"master_deck":["Strike_B","Strike_B","Strike_B","Strike_B","Defend_B","Defend_B","Defend_B","Defend_B","Zap+1","Dualcast","Compile Driver","Doubt","Skim","Storm","Darkness"],"relics":["Cracked Core","NeowsBlessing","Happy Flower","Meat on the Bone","Lantern"],"potions_floor_usage":[8,10,10,10],"damage_taken":[{"damage":0,"enemies":"Small Slimes","floor":1,"turns":1},{"damage":0,"enemies":"2 Louse","floor":5,"turns":1},{"damage":0,"enemies":"Gremlin Nob","floor":6,"turns":1},{"damage":31,"enemies":"Lagavulin","floor":8,"turns":7},{"damage":36,"enemies":"3 Sentries","floor":10,"turns":5}],"seed_played":"5796384344792684916","potions_obtained":[{"floor":4,"key":"SmokeBomb"},{"floor":4,"key":"Strength Potion"},{"floor":4,"key":"Dexterity Potion"},{"floor":5,"key":"Dexterity Potion"},{"floor":6,"key":"EssenceOfSteel"},{"floor":8,"key":"Regen Potion"}],"is_trial":false,"path_per_floor":["M","?","?","?","M","E","R","E","T","E"],"character_chosen":"DEFECT","items_purchased":[],"campfire_rested":0,"item_purchase_floors":[],"current_hp_per_floor":[68,68,57,57,57,57,57,26,26,5],"gold":457,"neow_bonus":"THREE_ENEMY_KILL","is_prod":false,"is_daily":false,"chose_seed":false,"campfire_upgraded":1,"win_rate":0,"timestamp":1544484279,"path_taken":["M","?","?","?","?","E","R","E","T","E"],"build_version":"2018-12-06","purchased_purges":0,"victory":false,"max_hp_per_floor":[75,75,75,75,75,75,75,75,75,75],"card_choices":[{"not_picked":["Go for the Eyes","Redo"],"picked":"Compile Driver","floor":1},{"not_picked":["Compile Driver","Steam"],"picked":"Skim","floor":5},{"not_picked":["Gash","Rebound"],"picked":"Storm","floor":6},{"not_picked":["Fusion","Cold Snap"],"picked":"Darkness","floor":8}],"player_experience":311495,"relics_obtained":[{"floor":6,"key":"Happy Flower"},{"floor":8,"key":"Meat on the Bone"},{"floor":9,"key":"Lantern"}],"event_choices":[{"damage_healed":0,"gold_gain":175,"player_choice":"AGREE","damage_taken":0,"max_hp_gain":0,"max_hp_loss":0,"event_name":"Liars Game","floor":2,"gold_loss":0,"cards_obtained":["Doubt"]},{"damage_healed":0,"gold_gain":75,"player_choice":"Gather Gold","damage_taken":11,"max_hp_gain":0,"max_hp_loss":0,"event_name":"World of Goop","floor":3,"gold_loss":0},{"damage_healed":0,"gold_gain":0,"player_choice":"Got Potions","damage_taken":0,"max_hp_gain":0,"max_hp_loss":0,"event_name":"Lab","floor":4,"gold_loss":0}],"is_beta":false,"boss_relics":[],"items_purged_floors":[],"is_endless":false,"potions_floor_spawned":[5,6,8],"killed_by":"3 Sentries","ascension_level":6}