{"gold_per_floor":[113,188,188,338,263,263,276,276,299,299,299,34,48,63,63,137,137,152,152,166,180,180],"floor_reached":22,"playtime":1162,"items_purged":["Doubt"],"score":331,"play_id":"e078c1cf-da98-4e80-ba4c-ea598937e4bd","local_time":"20190110130829","is_ascension_mode":true,"campfire_choices":[{"data":"Zap","floor":6,"key":"SMITH"},{"floor":8,"key":"REST"},{"data":"Conserve Battery","floor":11,"key":"SMITH"},{"floor":15,"key":"REST"}],"neow_cost":"PERCENT_DAMAGE","seed_source_timestamp":2058976917671462,"circlet_count":0,"master_deck":["AscendersBane","Zap+1","Dualcast+1","Echo Form","Coolheaded","Conserve Battery+1","BootSequence","Tempest","Fission","Rainbow","Machine Learning","Darkness","Force Field","Turbo","Compile Driver","Buffer","Fusion","Coolheaded","Capacitor","Glacier","Cold Snap"],"relics":["Cracked Core","Happy Flower","Question Card","Pandora\u0027s Box"],"potions_floor_usage":[22],"damage_taken":[{"damage":2,"enemies":"Cultist","floor":1,"turns":4},{"damage":4,"enemies":"Small Slimes","floor":7,"turns":3},{"damage":0,"enemies":"Jaw Worm","floor":13,"turns":4},{"damage":13,"enemies":"Lots of Slimes","floor":14,"turns":4},{"damage":5,"enemies":"The Guardian","floor":16,"turns":12},{"damage":5,"enemies":"Chosen","floor":18,"turns":5},{"damage":17,"enemies":"3 Byrds","floor":20,"turns":4},{"damage":13,"enemies":"Snecko","floor":21,"turns":7},{"damage":30,"enemies":"Chosen and Byrds","floor":22,"turns":5}],"seed_played":"5877192011214190500","potions_obtained":[{"floor":1,"key":"Weak Potion"},{"floor":14,"key":"Energy Potion"}],"is_trial":false,"path_per_floor":["M","?","?","?","$","R","M","R","T","$","R","$","M","M","R","B",null,"M","?","M","M","M"],"character_chosen":"DEFECT","items_purchased":["Question Card"],"campfire_rested":2,"item_purchase_floors":[12],"current_hp_per_floor":[44,33,12,12,12,12,8,29,29,29,29,29,29,16,37,32,61,56,56,39,26,0],"gold":180,"neow_bonus":"THREE_RARE_CARDS","is_prod":false,"is_daily":false,"chose_seed":false,"campfire_upgraded":2,"win_rate":0,"timestamp":1547093309,"path_taken":["M","?","?","?","?","R","M","R","T","$","R","$","M","?","R","BOSS","M","?","M","M","M"],"build_version":"2019-01-03v4","purchased_purges":1,"victory":false,"max_hp_per_floor":[71,71,71,71,71,71,71,71,71,71,71,71,71,71,71,71,71,71,71,71,71,71],"card_choices":[{"not_picked":["Meteor Strike","Creative AI"],"picked":"Echo Form","floor":0},{"not_picked":["Steam Power","Steam"],"picked":"Coolheaded","floor":1},{"not_picked":["Rebound","Turbo"],"picked":"Conserve Battery","floor":7},{"not_picked":["Steam","Barrage","Darkness"],"picked":"BootSequence","floor":13},{"not_picked":["Chaos","Aggregate","Streamline"],"picked":"Tempest","floor":14},{"not_picked":["Hyperbeam","Core Surge","Machine Learning"],"picked":"Fission","floor":16},{"not_picked":["Sweeping Beam","Turbo+1","Rebound"],"picked":"Coolheaded","floor":18},{"not_picked":["Gash","Redo","Conserve Battery"],"picked":"Glacier","floor":20},{"not_picked":["Ball Lightning+1","Machine Learning","Coolheaded"],"picked":"Cold Snap","floor":21}],"player_experience":813574,"relics_obtained":[{"floor":9,"key":"Happy Flower"}],"event_choices":[{"damage_healed":0,"gold_gain":75,"player_choice":"Gather Gold","damage_taken":11,"max_hp_gain":0,"max_hp_loss":0,"event_name":"World of Goop","floor":2,"gold_loss":0},{"damage_healed":0,"gold_gain":0,"player_choice":"Entered Light","damage_taken":21,"max_hp_gain":0,"max_hp_loss":0,"event_name":"Shining Light","floor":3,"gold_loss":0,"cards_upgraded":["Strike_B","Dualcast"]},{"damage_healed":0,"gold_gain":150,"player_choice":"AGREE","damage_taken":0,"max_hp_gain":0,"max_hp_loss":0,"event_name":"Liars Game","floor":4,"gold_loss":0,"cards_obtained":["Doubt"]},{"damage_healed":0,"gold_gain":0,"player_choice":"Read","damage_taken":0,"max_hp_gain":0,"max_hp_loss":0,"event_name":"The Library","floor":19,"gold_loss":0,"cards_obtained":["Capacitor"]}],"is_beta":false,"boss_relics":[{"not_picked":["Runic Pyramid","Empty Cage"],"picked":"Pandora\u0027s Box"}],"items_purged_floors":[5],"is_endless":false,"potions_floor_spawned":[1,14,18],"killed_by":"Chosen and Byrds","ascension_level":18}