{"gold_per_floor":[119,91,56,71,82,110,110,141,204,216,228,255,283,295,307,397,409,433,445,32,32,32,32,67,82,82,82,132,161,161,28,28,28],"floor_reached":33,"playtime":1553,"items_purged":[],"score":578,"play_id":"a0d5e18a-808c-4fc2-b162-964850f2ab27","local_time":"20181031175742","is_ascension_mode":true,"campfire_choices":[{"floor":7,"key":"REST"},{"floor":10,"key":"REST"},{"floor":15,"key":"REST"},{"floor":23,"key":"REST"},{"floor":27,"key":"REST"},{"floor":30,"key":"REST"},{"floor":32,"key":"REST"}],"neow_cost":"NONE","seed_source_timestamp":1024143842300,"circlet_count":0,"master_deck":["Defend_G+1","Defend_G+1","Defend_G+1","Defend_G+1","Defend_G+1","Strike_G+1","Strike_G+1","Strike_G+1","Strike_G+1","Survivor","Neutralize","AscendersBane","Sucker Punch+1","Cloak And Dagger","Dash","Backflip","Adrenaline","Quick Slash","Dodge and Roll","Quick Slash","After Image","Backflip","Apotheosis","Writhe","Dagger Spray+1","Backflip","Infinite Blades"],"relics":["Fusion Hammer","Shuriken","MawBank","Whetstone","Snecko Eye","Sling","Bag of Preparation","Strawberry","Matryoshka","Juzu Bracelet"],"potions_floor_usage":[8,16,24,29,33],"damage_taken":[{"damage":6,"enemies":"Cultist","floor":1,"turns":4},{"damage":2,"enemies":"Jaw Worm","floor":4,"turns":5},{"damage":0,"enemies":"2 Louse","floor":5,"turns":3},{"damage":31,"enemies":"3 Sentries","floor":6,"turns":11},{"damage":19,"enemies":"Gremlin Nob","floor":8,"turns":5},{"damage":0,"enemies":"Lots of Slimes","floor":12,"turns":4},{"damage":0,"enemies":"Large Slime","floor":13,"turns":5},{"damage":12,"enemies":"Slime Boss","floor":16,"turns":7},{"damage":6,"enemies":"3 Byrds","floor":18,"turns":8},{"damage":28,"enemies":"Book of Stabbing","floor":24,"turns":7},{"damage":12,"enemies":"2 Thieves","floor":25,"turns":3},{"damage":13,"enemies":"Slavers","floor":29,"turns":5},{"damage":91,"enemies":"Automaton","floor":33,"turns":10}],"seed_played":"-2028371157436833512","potions_obtained":[{"floor":4,"key":"GhostInAJar"},{"floor":8,"key":"PowerPotion"},{"floor":13,"key":"SteroidPotion"},{"floor":18,"key":"GhostInAJar"}],"is_trial":false,"path_per_floor":["M","$","?","M","M","E","R","E","T","R","$","M","M","?","R","B",null,"M","?","$","?","?","R","E","M","T","R","?","E","R","$","R"],"character_chosen":"THE_SILENT","items_purchased":["Cloak And Dagger","Apotheosis","Sling","Infinite Blades","SkillPotion"],"campfire_rested":7,"item_purchase_floors":[2,20,20,31,31],"current_hp_per_floor":[53,53,66,64,64,33,52,33,33,52,52,52,52,45,64,52,63,57,57,57,57,57,66,45,33,33,54,54,41,62,62,73,0],"gold":28,"neow_bonus":"BOSS_RELIC","is_prod":false,"is_daily":false,"chose_seed":false,"campfire_upgraded":0,"win_rate":0,"timestamp":1541023062,"path_taken":["M","$","?","M","?","E","R","E","T","R","$","M","M","?","R","BOSS","M","?","$","?","?","R","E","?","T","R","?","E","R","?","R","BOSS"],"build_version":"2018-10-29v2","purchased_purges":0,"victory":false,"max_hp_per_floor":[66,66,66,66,66,66,66,66,66,66,66,66,66,66,66,66,66,66,66,66,66,66,66,73,73,73,73,73,73,73,73,73,73],"card_choices":[{"not_picked":["Dagger Throw","Prepared"],"picked":"Sucker Punch","floor":1},{"not_picked":["Slice","PiercingWail"],"picked":"Dash","floor":4},{"not_picked":["Blade Dance","Sucker Punch"],"picked":"Backflip","floor":5},{"not_picked":["Bane","Backflip"],"picked":"Adrenaline","floor":6},{"not_picked":["Riddle With Holes","Calculated Gamble"],"picked":"Quick Slash","floor":8},{"not_picked":["Acrobatics","Flying Knee"],"picked":"Dodge and Roll","floor":12},{"not_picked":["Dodge and Roll","Tactician"],"picked":"Quick Slash","floor":13},{"not_picked":["Burst","Bullet Time"],"picked":"After Image","floor":16},{"not_picked":["Bane","Prepared"],"picked":"Backflip","floor":18},{"not_picked":["Dodge and Roll","Underhanded Strike+1"],"picked":"Dagger Spray+1","floor":24},{"not_picked":["Sucker Punch","Bane","Setup"],"picked":"SKIP","floor":25},{"not_picked":["Escape Plan","Dagger Spray"],"picked":"Backflip","floor":29}],"player_experience":1565767,"relics_obtained":[{"floor":6,"key":"Shuriken"},{"floor":8,"key":"MawBank"},{"floor":9,"key":"Whetstone"},{"floor":24,"key":"Strawberry"},{"floor":26,"key":"Matryoshka"},{"floor":29,"key":"Juzu Bracelet"}],"event_choices":[{"damage_healed":16,"gold_gain":0,"player_choice":"Healed","damage_taken":0,"max_hp_gain":0,"max_hp_loss":0,"event_name":"The Cleric","floor":3,"gold_loss":35},{"cards_removed":["Strike_G"],"damage_healed":0,"gold_gain":0,"player_choice":"Card Removal","damage_taken":7,"max_hp_gain":0,"max_hp_loss":0,"event_name":"Golden Wing","floor":14,"gold_loss":0},{"damage_healed":0,"gold_gain":0,"player_choice":"Simplicity","damage_taken":0,"max_hp_gain":0,"max_hp_loss":0,"event_name":"Back to Basics","floor":19,"gold_loss":0,"cards_upgraded":["Defend_G","Defend_G","Defend_G","Defend_G","Defend_G","Strike_G","Strike_G","Strike_G"]},{"damage_healed":0,"gold_gain":0,"player_choice":"Opened","damage_taken":0,"relics_obtained":["Bag of Preparation"],"max_hp_gain":0,"max_hp_loss":0,"event_name":"The Mausoleum","floor":22,"gold_loss":0,"cards_obtained":["Writhe"]},{"damage_healed":0,"gold_gain":100,"player_choice":"Pray","damage_taken":0,"max_hp_gain":0,"max_hp_loss":0,"event_name":"Golden Shrine","floor":28,"gold_loss":0}],"is_beta":true,"boss_relics":[{"not_picked":["Eternal Feather","Astrolabe"],"picked":"Snecko Eye"}],"items_purged_floors":[],"is_endless":false,"potions_floor_spawned":[4,8,13,18],"killed_by":"Automaton","ascension_level":20}