{"gold_per_floor":[216,12,187,16,33,97,109,109,135,135,135,61,61,61,61,61],"floor_reached":16,"playtime":764,"items_purged":["Strike_R","Doubt"],"score":101,"play_id":"78e4075b-cb21-4929-ac6a-f8c97fb85700","local_time":"20190103153543","is_ascension_mode":true,"campfire_choices":[{"data":"Spot Weakness","floor":8,"key":"SMITH"},{"data":"Armaments","floor":10,"key":"SMITH"},{"data":"True Grit","floor":13,"key":"SMITH"},{"data":"Bash","floor":15,"key":"SMITH"}],"neow_cost":"NONE","seed_source_timestamp":742367806741486,"circlet_count":0,"master_deck":["Strike_R","Strike_R","Strike_R","Strike_R","Defend_R","Defend_R","Defend_R","Defend_R","Bash+1","Seeing Red","Armaments+1","Feel No Pain","Metallicize","True Grit+1","Spot Weakness+1","Body Slam","Feel No Pain"],"relics":["Burning Blood","Tiny Chest","Golden Idol","Pantograph"],"potions_floor_usage":[6],"damage_taken":[{"damage":6,"enemies":"Cultist","floor":1,"turns":3},{"damage":1,"enemies":"2 Louse","floor":5,"turns":5},{"damage":28,"enemies":"Lagavulin","floor":6,"turns":7},{"damage":5,"enemies":"Jaw Worm","floor":7,"turns":4},{"damage":74,"enemies":"Slime Boss","floor":16,"turns":14}],"seed_played":"-7704688554561881527","potions_obtained":[{"floor":1,"key":"Ancient Potion"},{"floor":5,"key":"AttackPotion"}],"is_trial":false,"path_per_floor":["M","$","?","$","M","E","M","R","T","R","?","$","R","T","R","B"],"character_chosen":"IRONCLAD","items_purchased":["Armaments","Feel No Pain","Metallicize","Feel No Pain"],"campfire_rested":0,"item_purchase_floors":[2,2,4,12],"current_hp_per_floor":[80,80,80,80,80,58,59,59,59,59,59,59,59,59,59,0],"gold":61,"neow_bonus":"HUNDRED_GOLD","is_prod":false,"is_daily":false,"chose_seed":false,"campfire_upgraded":4,"win_rate":0,"timestamp":1546547743,"path_taken":["M","$","?","$","M","E","M","R","T","R","?","$","R","?","R","BOSS"],"build_version":"2018-12-20","purchased_purges":2,"victory":false,"max_hp_per_floor":[80,80,80,80,80,80,80,80,80,80,74,74,74,74,74,74],"card_choices":[{"not_picked":["Flex","Burning Pact"],"picked":"Seeing Red","floor":1},{"not_picked":["Shockwave","Reckless Charge"],"picked":"True Grit","floor":5},{"not_picked":["Power Through","Entrench"],"picked":"Spot Weakness","floor":6},{"not_picked":["Warcry","Anger"],"picked":"Body Slam","floor":7}],"player_experience":754147,"relics_obtained":[{"floor":6,"key":"Tiny Chest"},{"floor":14,"key":"Pantograph"}],"event_choices":[{"damage_healed":0,"gold_gain":175,"player_choice":"AGREE","damage_taken":0,"max_hp_gain":0,"max_hp_loss":0,"event_name":"Liars Game","floor":3,"gold_loss":0,"cards_obtained":["Doubt"]},{"damage_healed":0,"gold_gain":0,"player_choice":"Lose Max HP","damage_taken":0,"relics_obtained":["Golden Idol"],"max_hp_gain":0,"max_hp_loss":6,"event_name":"Golden Idol","floor":11,"gold_loss":0}],"is_beta":false,"boss_relics":[],"items_purged_floors":[2,4],"is_endless":false,"potions_floor_spawned":[1,5],"killed_by":"Slime Boss","ascension_level":1}