{"gold_per_floor":[10,24,24,42,59,59,59,59,59,59,94,94,126,144,144,249,249,260,260,275,275,299,334,345,297,297,297,313,338,358,243,243,342,342,352,366,366,382,346,346,96,111,134,154,174,190,200,215,215,215],"floor_reached":51,"playtime":2606,"items_purged":[],"score":868,"play_id":"1723d3e9-5437-46fd-a134-22c705dcccda","local_time":"20180731124206","is_ascension_mode":true,"campfire_choices":[{"data":"Defragment","floor":6,"key":"SMITH"},{"data":"Dualcast","floor":8,"key":"SMITH"},{"data":"Static Discharge","floor":12,"key":"SMITH"},{"data":"Zap","floor":15,"key":"SMITH"},{"floor":27,"key":"REST"},{"floor":32,"key":"REST"}],"neow_cost":"NO_GOLD","seed_source_timestamp":2413607083930,"circlet_count":0,"master_deck":["Defend_B","Defend_B","Defend_B","Defend_B","Zap+1","Dualcast+1","Defragment+1","Static Discharge+1","Ball Lightning","Stack","Reboot","Ball Lightning","Conserve Battery","Electrodynamics","Cold Snap","Coolheaded","Loop","Bite","Bite","Bite","Bite","Bite","FTL+1","Recycle","Ball Lightning","Conserve Battery","Barrage+1","Cold Snap+1","Self Repair+1","Machine Learning","Coolheaded+1","Steam","Defragment+1","Beam Cell+1","Static Discharge","Redo","Coolheaded","Ball Lightning+1","Ball Lightning+1","FTL+1","Coolheaded","Chill+1"],"relics":["Cracked Core","Bag of Preparation","Mummified Hand","Sundial","Letter Opener","Fusion Hammer","Centennial Puzzle","Regal Pillow","Gremlin Horn","Dream Catcher","Pantograph","Coffee Dripper","Runic Capacitor","Omamori"],"potions_floor_usage":[29,33,50,50],"damage_taken":[{"damage":3,"enemies":"Jaw Worm","floor":1,"turns":4},{"damage":2,"enemies":"Small Slimes","floor":2,"turns":4},{"damage":1,"enemies":"Cultist","floor":4,"turns":4},{"damage":13,"enemies":"Red Slaver","floor":5,"turns":3},{"damage":16,"enemies":"Lagavulin","floor":11,"turns":4},{"damage":1,"enemies":"Gremlin Nob","floor":13,"turns":3},{"damage":1,"enemies":"2 Fungi Beasts","floor":14,"turns":2},{"damage":6,"enemies":"Hexaghost","floor":16,"turns":5},{"damage":2,"enemies":"Chosen","floor":18,"turns":3},{"damage":0,"enemies":"Spheric Guardian","floor":20,"turns":1},{"damage":4,"enemies":"Gremlin Leader","floor":23,"turns":4},{"damage":5,"enemies":"Snecko","floor":24,"turns":4},{"damage":17,"enemies":"Snake Plant","floor":28,"turns":3},{"damage":10,"enemies":"Slavers","floor":29,"turns":3},{"damage":9,"enemies":"3 Cultists","floor":30,"turns":3},{"damage":33,"enemies":"Champ","floor":33,"turns":9},{"damage":3,"enemies":"Orb Walker","floor":35,"turns":3},{"damage":0,"enemies":"3 Shapes","floor":36,"turns":2},{"damage":8,"enemies":"Transient","floor":38,"turns":5},{"damage":22,"enemies":"Flame Bruiser 2 Orb","floor":42,"turns":3},{"damage":0,"enemies":"Sphere and 2 Shapes","floor":44,"turns":4},{"damage":2,"enemies":"Spire Growth","floor":45,"turns":4},{"damage":0,"enemies":"Maw","floor":46,"turns":6},{"damage":11,"enemies":"Sphere and 2 Shapes","floor":47,"turns":2},{"damage":14,"enemies":"3 Darklings","floor":48,"turns":2},{"damage":21,"enemies":"Time Eater","floor":50,"turns":6}],"seed_played":"-8657366583753702643","potions_obtained":[{"floor":1,"key":"Ancient Potion"},{"floor":2,"key":"LiquidBronze"},{"floor":13,"key":"Energy Potion"},{"floor":23,"key":"SkillPotion"},{"floor":33,"key":"Dexterity Potion"},{"floor":44,"key":"PowerPotion"},{"floor":47,"key":"SpeedPotion"}],"is_trial":false,"path_per_floor":["M","M","?","M","M","R","?","R","T","?","E","R","E","M","R","B",null,"M","?","M","?","T","E","M","$","T","R","M","E","M","?","R","B",null,"M","M","?","M","$","R","$","M","T","M","M","M","M","M","R","B"],"character_chosen":"DEFECT","items_purchased":["Ball Lightning","Static Discharge","Redo","Runic Capacitor"],"campfire_rested":2,"item_purchase_floors":[25,39,41,41],"current_hp_per_floor":[72,70,70,69,56,56,49,49,49,49,33,33,32,31,31,25,75,73,73,73,52,52,48,49,49,49,52,41,31,30,30,52,37,52,52,52,52,52,52,52,52,48,48,52,52,52,43,43,43,45],"gold":215,"neow_bonus":"REMOVE_TWO","is_prod":false,"is_daily":false,"chose_seed":false,"campfire_upgraded":4,"win_rate":0,"timestamp":1533008526,"path_taken":["M","M","?","?","M","R","?","R","T","?","E","R","E","M","R","BOSS","M","?","?","?","?","E","M","?","T","R","?","E","M","?","R","BOSS","M","M","?","M","$","R","$","M","T","M","M","?","M","?","R","BOSS"],"build_version":"2018-07-26","purchased_purges":0,"victory":true,"max_hp_per_floor":[75,75,75,75,75,75,75,75,75,75,75,75,75,75,75,75,75,75,75,75,52,52,52,52,52,52,52,52,52,52,52,52,52,52,52,52,52,52,52,52,52,52,52,52,52,52,52,52,52,52],"card_choices":[{"not_picked":["Ball Lightning","Steam"],"picked":"Defragment","floor":1},{"not_picked":["Undo","Barrage"],"picked":"Static Discharge","floor":2},{"not_picked":["Rebound","Steam"],"picked":"Ball Lightning","floor":4},{"not_picked":["Hologram","Sweeping Beam"],"picked":"Stack","floor":5},{"not_picked":["Streamline","Stack"],"picked":"Reboot","floor":11},{"not_picked":["Heatsinks","Lockon"],"picked":"Ball Lightning","floor":13},{"not_picked":["BootSequence","Auto Shields"],"picked":"Conserve Battery","floor":14},{"not_picked":["Machine Learning","Fission"],"picked":"Electrodynamics","floor":16},{"not_picked":["Steam","Heatsinks+1"],"picked":"Cold Snap","floor":18},{"not_picked":["Beam Cell+1","Storm"],"picked":"Loop","floor":20},{"not_picked":["Go for the Eyes","Hyperbeam"],"picked":"FTL+1","floor":23},{"not_picked":["Aggregate","Streamline+1"],"picked":"Recycle","floor":24},{"not_picked":["Barrage","Sunder"],"picked":"Conserve Battery","floor":28},{"not_picked":["Turbo","Storm"],"picked":"Barrage+1","floor":29},{"not_picked":["Conserve Battery","Hologram+1"],"picked":"Cold Snap+1","floor":30},{"not_picked":["Rainbow","Coolheaded+1"],"picked":"Self Repair+1","floor":32},{"not_picked":["Core Surge","Electrodynamics"],"picked":"Machine Learning","floor":33},{"not_picked":["Stack","Turbo+1"],"picked":"Coolheaded+1","floor":35},{"not_picked":["Reinforced Body","Rebound"],"picked":"Steam","floor":36},{"not_picked":["Streamline","Compile Driver+1"],"picked":"Beam Cell+1","floor":38},{"not_picked":["Storm+1","Leap+1"],"picked":"Coolheaded","floor":42},{"not_picked":["Steam+1","Barrage"],"picked":"Ball Lightning+1","floor":44},{"not_picked":["Melter","Redo"],"picked":"Ball Lightning+1","floor":45},{"not_picked":["Seek","Beam Cell+1"],"picked":"FTL+1","floor":46},{"not_picked":["Turbo+1","Doom and Gloom"],"picked":"Coolheaded","floor":47},{"not_picked":["Hologram","Cold Snap"],"picked":"Chill+1","floor":48}],"player_experience":317471,"relics_obtained":[{"floor":9,"key":"Bag of Preparation"},{"floor":11,"key":"Sundial"},{"floor":13,"key":"Letter Opener"},{"floor":22,"key":"Centennial Puzzle"},{"floor":23,"key":"Regal Pillow"},{"floor":26,"key":"Gremlin Horn"},{"floor":29,"key":"Dream Catcher"},{"floor":43,"key":"Omamori"}],"event_choices":[{"event_name":"The Cleric","player_choice":"Leave","floor":3,"damage_taken":0},{"event_name":"Golden Wing","player_choice":"Card Removal","floor":7,"damage_taken":0},{"event_name":"Dead Adventurer","player_choice":"Searched \u00272\u0027 times","floor":10,"damage_taken":0},{"event_name":"The Library","player_choice":"Read","floor":19,"damage_taken":0},{"event_name":"Vampires","player_choice":"Became a vampire","floor":21,"damage_taken":0},{"event_name":"WeMeetAgain","player_choice":"Gold","floor":31,"damage_taken":0},{"event_name":"Duplicator","player_choice":"One dupe","floor":37,"damage_taken":0}],"is_beta":true,"boss_relics":[{"not_picked":["Tiny House","Calling Bell"],"picked":"Fusion Hammer"},{"not_picked":["Busted Crown","Velvet Choker"],"picked":"Coffee Dripper"}],"items_purged_floors":[],"is_endless":false,"potions_floor_spawned":[1,2,13,20,23,28,33,44,45,47,48],"ascension_level":2}