{"gold_per_floor":[118,40,54,4,4,39,57,91,142,142,161,161,173,204,204,307,307,321,339,339,339,32,65,65,96,149,149,173,186,286,300,300,300],"floor_reached":33,"playtime":1821,"items_purged":[],"score":377,"play_id":"24a49d46-bf03-498f-9735-8b85d7fadac8","local_time":"20190113110544","is_ascension_mode":true,"campfire_choices":[{"floor":10,"key":"REST"},{"floor":12,"key":"REST"},{"data":"Double Energy","floor":15,"key":"SMITH"},{"floor":24,"key":"REST"},{"floor":27,"key":"REST"},{"floor":32,"key":"REST"}],"neow_cost":"NONE","seed_source_timestamp":391378666028628,"circlet_count":0,"master_deck":["Strike_B","Strike_B","Defend_B","Defend_B","Defend_B","Defend_B","Zap","Dualcast","Sweeping Beam","Static Discharge","Leap","Streamline+1","Genetic Algorithm","Steam","Conserve Battery","Double Energy+1","Sweeping Beam","Electrodynamics","Streamline+1","Ball Lightning+1","Loop","Stack","Defragment","BootSequence","Defragment","Hologram","Storm"],"relics":["Cracked Core","NeowsBlessing","NlothsMask","Gremlin Horn","Potion Belt","Dead Branch","Nuclear Battery","Whetstone","Bag of Marbles","Darkstone Periapt","Pocketwatch","Ancient Tea Set","Dream Catcher","Gambling Chip","Sundial"],"potions_floor_usage":[8,14,16,30,30,30,30,33],"damage_taken":[{"damage":0,"enemies":"2 Louse","floor":1,"turns":1},{"damage":0,"enemies":"Jaw Worm","floor":3,"turns":1},{"damage":0,"enemies":"Gremlin Nob","floor":6,"turns":1},{"damage":6,"enemies":"Cultist","floor":7,"turns":3},{"damage":39,"enemies":"Lagavulin","floor":8,"turns":5},{"damage":7,"enemies":"Blue Slaver","floor":11,"turns":2},{"damage":2,"enemies":"Large Slime","floor":13,"turns":5},{"damage":8,"enemies":"3 Sentries","floor":14,"turns":5},{"damage":53,"enemies":"Slime Boss","floor":16,"turns":9},{"damage":12,"enemies":"Chosen","floor":18,"turns":5},{"damage":0,"enemies":"3 Byrds","floor":19,"turns":3},{"damage":41,"enemies":"Book of Stabbing","floor":23,"turns":5},{"damage":33,"enemies":"Slavers","floor":25,"turns":3},{"damage":0,"enemies":"Snecko","floor":29,"turns":4},{"damage":13,"enemies":"Colosseum Slavers","floor":30,"turns":3},{"damage":0,"enemies":"Colosseum Nobs","floor":30,"turns":3},{"damage":0,"enemies":"3 Cultists","floor":31,"turns":3},{"damage":45,"enemies":"Collector","floor":33,"turns":6}],"seed_played":"4272926696124939935","potions_obtained":[{"floor":6,"key":"LiquidBronze"},{"floor":13,"key":"Block Potion"},{"floor":14,"key":"Explosive Potion"},{"floor":16,"key":"SteroidPotion"},{"floor":18,"key":"SpeedPotion"},{"floor":25,"key":"EssenceOfSteel"},{"floor":29,"key":"Strength Potion"},{"floor":31,"key":"FocusPotion"}],"is_trial":false,"path_per_floor":["M","$","M","?","?","E","M","E","T","R","M","R","M","E","R","B",null,"M","M","?","?","$","E","R","E","T","R","T","M","?","M","R","B"],"character_chosen":"DEFECT","items_purchased":["Static Discharge","Whetstone","Bag of Marbles"],"campfire_rested":5,"item_purchase_floors":[2,22,22],"current_hp_per_floor":[75,75,75,75,75,75,69,30,30,52,45,67,65,57,57,4,75,63,63,63,63,63,22,44,11,11,33,33,33,20,20,42,0],"gold":300,"neow_bonus":"THREE_ENEMY_KILL","is_prod":false,"is_daily":false,"chose_seed":false,"campfire_upgraded":1,"win_rate":0,"timestamp":1547395544,"path_taken":["M","$","M","?","?","E","?","E","T","R","M","R","M","E","R","BOSS","M","M","?","?","?","E","R","E","T","R","?","M","?","M","R","BOSS"],"build_version":"2019-01-10","purchased_purges":0,"victory":false,"max_hp_per_floor":[75,75,75,75,75,75,75,75,75,75,75,75,75,75,75,75,75,75,75,75,75,75,75,75,75,75,75,75,75,75,75,75,75],"card_choices":[{"not_picked":["Go for the Eyes","Aggregate"],"picked":"Sweeping Beam","floor":1},{"not_picked":["Barrage","Turbo"],"picked":"Leap","floor":3},{"not_picked":["Skim","Undo"],"picked":"Streamline","floor":6},{"not_picked":["Recycle","Reprogram"],"picked":"Genetic Algorithm","floor":7},{"not_picked":["Rip and Tear","Multi-Cast"],"picked":"Steam","floor":8},{"not_picked":["Tempest","Go for the Eyes"],"picked":"Conserve Battery","floor":11},{"not_picked":["Glacier","Beam Cell"],"picked":"Double Energy","floor":13},{"not_picked":["Capacitor","Seek"],"picked":"Sweeping Beam","floor":14},{"not_picked":["Hyperbeam","Thunder Strike"],"picked":"Electrodynamics","floor":16},{"not_picked":["Redo","Rip and Tear"],"picked":"Streamline","floor":18},{"not_picked":["Hologram","Redo"],"picked":"Ball Lightning+1","floor":19},{"not_picked":["Melter","Double Energy"],"picked":"Stack","floor":23},{"not_picked":["Redo+1","Fusion"],"picked":"Defragment","floor":25},{"not_picked":["Glacier","Gash"],"picked":"BootSequence","floor":29},{"not_picked":["Leap+1","Tempest"],"picked":"Defragment","floor":30},{"not_picked":["Gash","Double Energy"],"picked":"Hologram","floor":31},{"not_picked":["Rip and Tear","Barrage+1"],"picked":"Storm","floor":32}],"player_experience":205608,"relics_obtained":[{"floor":6,"key":"Gremlin Horn"},{"floor":8,"key":"Potion Belt"},{"floor":14,"key":"Dead Branch"},{"floor":23,"key":"Darkstone Periapt"},{"floor":25,"key":"Pocketwatch"},{"floor":26,"key":"Ancient Tea Set"},{"floor":28,"key":"Dream Catcher"},{"floor":30,"key":"Gambling Chip"},{"floor":30,"key":"Sundial"}],"event_choices":[{"cards_removed":["Strike_B"],"damage_healed":0,"gold_gain":0,"player_choice":"Card Removal","damage_taken":0,"max_hp_gain":0,"max_hp_loss":0,"event_name":"The Cleric","floor":4,"gold_loss":50},{"damage_healed":0,"gold_gain":0,"player_choice":"Trade","damage_taken":0,"relics_obtained":["NlothsMask"],"max_hp_gain":0,"max_hp_loss":0,"event_name":"FaceTrader","floor":5,"gold_loss":0},{"cards_removed":["Strike_B"],"damage_healed":0,"gold_gain":0,"player_choice":"Elegance","damage_taken":0,"max_hp_gain":0,"max_hp_loss":0,"event_name":"Back to Basics","floor":20,"gold_loss":0},{"damage_healed":0,"gold_gain":0,"player_choice":"Read","damage_taken":0,"max_hp_gain":0,"max_hp_loss":0,"event_name":"The Library","floor":21,"gold_loss":0,"cards_obtained":["Loop"]},{"damage_healed":0,"gold_gain":0,"player_choice":"Fight","damage_taken":0,"max_hp_gain":0,"max_hp_loss":0,"event_name":"Colosseum","floor":30,"gold_loss":0},{"damage_healed":0,"gold_gain":0,"player_choice":"Fought Nobs","damage_taken":0,"max_hp_gain":0,"max_hp_loss":0,"event_name":"Colosseum","floor":30,"gold_loss":0}],"is_beta":false,"boss_relics":[{"not_picked":["Calling Bell","Astrolabe"],"picked":"Nuclear Battery"}],"items_purged_floors":[],"is_endless":false,"potions_floor_spawned":[6,13,14,16,18,25,29,31],"killed_by":"Collector","ascension_level":3}