{"gold_per_floor":[109,109,121,121,132,162,162,162,233,233,267,280,305,405,405,504,504,517,531,70,87,101,101,133,133,187,187,187,197,230,3,3,103,103,119,139,139,139,151,180,180,209,278,47,64,0,31,43,43,43],"floor_reached":51,"playtime":5820,"items_purged":["Doubt"],"score":1291,"play_id":"3e0d3495-9a2c-42f0-a911-23bcee3cf5b6","local_time":"20190126203520","is_ascension_mode":true,"campfire_choices":[{"floor":7.0,"key":"REST"},{"floor":15.0,"key":"REST"},{"data":"Defragment","floor":23,"key":"SMITH"},{"data":"Loop","floor":25,"key":"SMITH"},{"floor":32,"key":"REST"},{"data":"1","floor":41,"key":"LIFT"},{"data":"2","floor":49,"key":"LIFT"}],"neow_cost":"NONE","seed_source_timestamp":0,"circlet_count":0,"master_deck":["Strike_B+1","Defend_B+1","Defend_B+1","Defend_B+1","Defend_B+1","Zap+1","Dualcast+1","Loop+1","Defragment+1","Go for the Eyes","Rip and Tear","Lockon","Steam","Cold Snap","Darkness","Buffer+1","Ball Lightning","Static Discharge+1","Machine Learning+1","Streamline+1","White Noise","Writhe","Hologram","Hello World+1","Core Surge","Darkness+1","Cold Snap+1","Loop+1","Parasite","Beam Cell+1","Coolheaded","Injury","Capacitor+1","Defragment+1","Leap+1","White Noise+1"],"special_seed":0,"relics":["Cracked Core","Orichalcum","Frozen Egg 2","Girya","Bag of Preparation","Cursed Key","Bird Faced Urn","Letter Opener","Tiny Chest","Pear","Thread and Needle","DataDisk","Astrolabe","FossilizedHelix","PreservedInsect","Mummified Hand","Toxic Egg 2","DollysMirror","Red Mask","Dead Branch"],"potions_floor_usage":[24,30,30,39,50,50,50],"damage_taken":[{"damage":1.0,"enemies":"Cultist","floor":1.0,"turns":3.0},{"damage":12.0,"enemies":"Small Slimes","floor":3.0,"turns":3.0},{"damage":7.0,"enemies":"Jaw Worm","floor":5.0,"turns":3.0},{"damage":10.0,"enemies":"Lagavulin","floor":6.0,"turns":7.0},{"damage":25.0,"enemies":"3 Sentries","floor":11.0,"turns":6.0},{"damage":23.0,"enemies":"3 Louse","floor":12.0,"turns":4.0},{"damage":5.0,"enemies":"Lagavulin","floor":13.0,"turns":6.0},{"damage":0.0,"enemies":"Slime Boss","floor":16.0,"turns":9.0},{"damage":6.0,"enemies":"Shell Parasite","floor":18.0,"turns":5.0},{"damage":11.0,"enemies":"Spheric Guardian","floor":19.0,"turns":4.0},{"damage":2.0,"enemies":"Chosen and Byrds","floor":21.0,"turns":5.0},{"damage":18.0,"enemies":"Shelled Parasite and Fungi","floor":22.0,"turns":5.0},{"damage":19,"enemies":"Book of Stabbing","floor":24,"turns":4},{"damage":20,"enemies":"Snake Plant","floor":29,"turns":4},{"damage":44,"enemies":"Slavers","floor":30,"turns":4},{"damage":0,"enemies":"Automaton","floor":33,"turns":8},{"damage":10,"enemies":"3 Shapes","floor":35,"turns":5},{"damage":7,"enemies":"3 Darklings","floor":36,"turns":5},{"damage":21,"enemies":"Jaw Worm Horde","floor":39,"turns":4},{"damage":16,"enemies":"Reptomancer","floor":40,"turns":5},{"damage":0,"enemies":"Giant Head","floor":42,"turns":8},{"damage":0,"enemies":"Maw","floor":45,"turns":5},{"damage":0,"enemies":"Reptomancer","floor":47,"turns":5},{"damage":0,"enemies":"Spire Growth","floor":48,"turns":5},{"damage":0,"enemies":"Donu and Deca","floor":50,"turns":9}],"seed_played":"-5053251658825480491","potions_obtained":[{"floor":3.0,"key":"Weak Potion"},{"floor":6.0,"key":"FocusPotion"},{"floor":13.0,"key":"PowerPotion"},{"floor":21.0,"key":"Fire Potion"},{"floor":22,"key":"Poison Potion"},{"floor":29,"key":"LiquidBronze"},{"floor":35,"key":"EssenceOfSteel"},{"floor":36,"key":"SkillPotion"},{"floor":45,"key":"PowerPotion"},{"floor":48,"key":"Dexterity Potion"}],"is_trial":false,"path_per_floor":["M","?","M","$","M","E","R","?","T","?","E","M","E","?","R","B",null,"M","M","$","M","M","R","E","R","T","T","?","M","E","$","R","B",null,"M","M","?","T","M","E","R","E","T","$","M","?","E","M","R","B",null],"character_chosen":"DEFECT","items_purchased":["Bird Faced Urn","Machine Learning+1","DataDisk","Capacitor+1","DollysMirror"],"campfire_rested":3,"item_purchase_floors":[20,20,31,44,44],"current_hp_per_floor":[74,59,47,47,40,30,52,52,52,57,32,9,4,4,28,28,67,61,50,50,58,50,50,43,43,43,53,53,43,9,9,36,50,80,84,87,87,87,77,73,73,89,89,89,90,90,90,90,90,90],"gold":43,"neow_bonus":"THREE_CARDS","is_prod":false,"is_daily":false,"chose_seed":false,"campfire_upgraded":2,"win_rate":0,"timestamp":1548563720,"path_taken":["M","?","M","$","M","E","R","?","T","?","E","?","E","?","R","BOSS","M","?","$","M","M","R","E","R","T","?","?","M","E","?","R","BOSS","M","M","?","?","M","E","R","E","T","$","?","?","E","M","R","BOSS"],"build_version":"2019-01-23","purchased_purges":1,"victory":true,"max_hp_per_floor":[75,75,75,75,75,75,75,75,75,80,80,80,80,80,80,80,80,80,80,80,80,80,80,80,80,80,90,90,90,90,90,90,90,90,90,90,90,90,90,90,90,90,90,90,90,90,90,90,90,90],"card_choices":[{"not_picked":["Rebound","Sweeping Beam"],"picked":"Loop","floor":0.0},{"not_picked":["Leap","Steam"],"picked":"Defragment","floor":1.0},{"not_picked":["Sweeping Beam","Chill"],"picked":"Go for the Eyes","floor":3.0},{"not_picked":["Sweeping Beam","Melter"],"picked":"Rip and Tear","floor":5.0},{"not_picked":["Redo","Stack"],"picked":"Lockon","floor":6.0},{"not_picked":["Cold Snap","Go for the Eyes"],"picked":"Steam","floor":11.0},{"not_picked":["Streamline","Gash"],"picked":"Cold Snap","floor":12.0},{"not_picked":["Melter","Hyperbeam"],"picked":"Darkness","floor":13.0},{"not_picked":["Machine Learning+1","All For One"],"picked":"Buffer+1","floor":16.0},{"not_picked":["Barrage","Steam Power"],"picked":"Ball Lightning","floor":18.0},{"not_picked":["Turbo+1","Sunder"],"picked":"Static Discharge+1","floor":19.0},{"not_picked":["Ball Lightning","Scrape"],"picked":"Streamline+1","floor":21.0},{"not_picked":["Steam","Reprogram+1"],"picked":"White Noise","floor":22},{"not_picked":["Genetic Algorithm","Beam Cell","All For One"],"picked":"SKIP","floor":24},{"not_picked":["Blizzard","Gash"],"picked":"Hologram","floor":29},{"not_picked":["Ball Lightning+1","Undo+1"],"picked":"Hello World+1","floor":30},{"not_picked":["Fission","Buffer+1"],"picked":"Core Surge","floor":33},{"not_picked":["Compile Driver","Cold Snap+1","Auto Shields"],"picked":"SKIP","floor":35},{"not_picked":["Aggregate","Ball Lightning+1","Turbo"],"picked":"SKIP","floor":36},{"not_picked":["Steam+1","Compile Driver+1"],"picked":"Beam Cell+1","floor":39},{"not_picked":["Fission","Compile Driver"],"picked":"Coolheaded","floor":40},{"not_picked":["Stack","Beam Cell","Streamline+1"],"picked":"SKIP","floor":42},{"not_picked":["Rebound+1","Gash+1","Turbo+1"],"picked":"SKIP","floor":45},{"not_picked":["Skim+1","Streamline"],"picked":"Leap+1","floor":47},{"not_picked":["BootSequence+1","Hyperbeam"],"picked":"White Noise+1","floor":48}],"player_experience":372999,"relics_obtained":[{"floor":6.0,"key":"Orichalcum"},{"floor":9.0,"key":"Frozen Egg 2"},{"floor":11.0,"key":"Girya"},{"floor":13.0,"key":"Bag of Preparation"},{"floor":24,"key":"Letter Opener"},{"floor":26,"key":"Tiny Chest"},{"floor":27,"key":"Pear"},{"floor":30,"key":"Thread and Needle"},{"floor":38,"key":"FossilizedHelix"},{"floor":40,"key":"PreservedInsect"},{"floor":42,"key":"Mummified Hand"},{"floor":43,"key":"Toxic Egg 2"},{"floor":47,"key":"Dead Branch"}],"event_choices":[{"damage_healed":0.0,"max_hp_gain":0.0,"max_hp_loss":0.0,"gold_gain":0.0,"event_name":"Shining Light","player_choice":"Entered Light","floor":2.0,"gold_loss":0.0,"damage_taken":15.0,"cards_upgraded":["Zap","Dualcast"]},{"damage_healed":0.0,"max_hp_gain":0.0,"max_hp_loss":0.0,"gold_gain":0.0,"event_name":"Liars Game","player_choice":"Ignored","floor":8.0,"gold_loss":0.0,"damage_taken":0.0},{"damage_healed":0.0,"max_hp_gain":5.0,"max_hp_loss":0.0,"gold_gain":0.0,"event_name":"Big Fish","player_choice":"Donut","floor":10.0,"gold_loss":0.0,"damage_taken":0.0},{"damage_healed":0.0,"max_hp_gain":0.0,"max_hp_loss":0.0,"gold_gain":100.0,"event_name":"Golden Shrine","player_choice":"Pray","floor":14.0,"gold_loss":0.0,"damage_taken":0.0},{"damage_healed":0,"gold_gain":0,"player_choice":"Simplicity","damage_taken":0,"max_hp_gain":0,"max_hp_loss":0,"event_name":"Back to Basics","floor":28,"gold_loss":0,"cards_upgraded":["Strike_B","Strike_B","Strike_B","Strike_B","Defend_B","Defend_B","Defend_B","Defend_B"]},{"damage_healed":0,"gold_gain":0,"player_choice":"Ignored","damage_taken":0,"max_hp_gain":0,"max_hp_loss":0,"event_name":"Mysterious Sphere","floor":37,"gold_loss":0},{"damage_healed":0,"gold_gain":0,"player_choice":"Paid","damage_taken":0,"relics_obtained":["Red Mask"],"max_hp_gain":0,"max_hp_loss":0,"event_name":"Tomb of Lord Red Mask","floor":46,"gold_loss":64}],"is_beta":false,"boss_relics":[{"not_picked":["Black Star","Coffee Dripper"],"picked":"Cursed Key"},{"not_picked":["Calling Bell","Snecko Eye"],"picked":"Astrolabe"}],"items_purged_floors":[31],"is_endless":false,"potions_floor_spawned":[3,6,13,21,22,29,35,36,45,48],"ascension_level":5}