{"gold_per_floor":[109,119,139,159,169,204,204,235,285,285,302,302,321,334,334,434,434,444,444,460,472,483,483,517,536,536,536,551,551,551,561,561,561],"floor_reached":33,"playtime":2513,"items_purged":[],"score":351,"play_id":"47aab935-df10-4e70-9340-1c082fd1e32c","local_time":"20180930194639","is_ascension_mode":true,"campfire_choices":[{"floor":7.0,"key":"REST"},{"floor":15.0,"key":"REST"},{"floor":23,"key":"REST"},{"floor":27,"key":"REST"},{"data":"Sweeping Beam","floor":30,"key":"SMITH"},{"floor":32,"key":"REST"}],"neow_cost":"TEN_PERCENT_HP_LOSS","seed_source_timestamp":0,"circlet_count":0,"master_deck":["Defend_B","Defend_B","Defend_B","Defend_B","Zap","Dualcast","Sweeping Beam+1","Streamline","All For One","Gash","Genetic Algorithm","Streamline","Gash","Cold Snap","Redo","BootSequence","Reboot","Streamline+1","Necronomicurse","Chill","Scrape+1","Fusion+1","Hologram","Coolheaded","Bite","Bite","Bite","Bite","Bite","Double Energy+1"],"special_seed":0,"relics":["Cracked Core","Turnip","Bottled Lightning","Pear","PreservedInsect","White Beast Statue","Necronomicon","Dodecahedron","Orichalcum"],"potions_floor_usage":[18,20,22,22,24,25,28,33,33],"damage_taken":[{"damage":1.0,"enemies":"Cultist","floor":1.0,"turns":4.0},{"damage":6.0,"enemies":"2 Louse","floor":2.0,"turns":2.0},{"damage":7.0,"enemies":"Small Slimes","floor":3.0,"turns":3.0},{"damage":2.0,"enemies":"Blue Slaver","floor":4.0,"turns":4.0},{"damage":10.0,"enemies":"Large Slime","floor":5.0,"turns":5.0},{"damage":20.0,"enemies":"3 Sentries","floor":6.0,"turns":5.0},{"damage":23.0,"enemies":"Lagavulin","floor":8.0,"turns":5.0},{"damage":13.0,"enemies":"Lots of Slimes","floor":11.0,"turns":2.0},{"damage":0.0,"enemies":"2 Fungi Beasts","floor":13.0,"turns":3.0},{"damage":2.0,"enemies":"Red Slaver","floor":14.0,"turns":2.0},{"damage":18.0,"enemies":"The Guardian","floor":16.0,"turns":10.0},{"damage":21,"enemies":"Spheric Guardian","floor":18,"turns":5},{"damage":0,"enemies":"Chosen","floor":20,"turns":4},{"damage":0,"enemies":"Snecko","floor":21,"turns":4},{"damage":27,"enemies":"Shelled Parasite and Fungi","floor":22,"turns":5},{"damage":0,"enemies":"Gremlin Leader","floor":24,"turns":4},{"damage":27,"enemies":"3 Cultists","floor":25,"turns":6},{"damage":10,"enemies":"Sentry and Sphere","floor":28,"turns":4},{"damage":27,"enemies":"Cultist and Chosen","floor":31,"turns":7},{"damage":64,"enemies":"Automaton","floor":33,"turns":10}],"seed_played":"4916853639180109014","potions_obtained":[{"floor":1.0,"key":"Swift Potion"},{"floor":6.0,"key":"FocusPotion"},{"floor":13.0,"key":"PowerPotion"},{"floor":16.0,"key":"Regen Potion"},{"floor":18,"key":"PowerPotion"},{"floor":20,"key":"SpeedPotion"},{"floor":21,"key":"Regen Potion"},{"floor":22,"key":"PowerPotion"},{"floor":24,"key":"Weak Potion"},{"floor":25,"key":"Fire Potion"},{"floor":28,"key":"Energy Potion"},{"floor":31,"key":"Regen Potion"}],"is_trial":false,"path_per_floor":["M","M","M","M","M","E","R","E","T","?","M","?","M","M","R","B",null,"M","?","M","M","M","R","E","M","T","R","M","?","R","M","R"],"character_chosen":"DEFECT","items_purchased":[],"campfire_rested":5,"item_purchase_floors":[],"current_hp_per_floor":[67,61,54,52,42,22,42,29,29,29,16,16,16,14,37,19,78,62,46,46,46,33,56,56,29,29,52,42,42,42,23,39,0],"gold":561,"neow_bonus":"ONE_RARE_RELIC","is_prod":false,"is_daily":false,"chose_seed":false,"campfire_upgraded":1,"win_rate":0,"timestamp":1538351199,"path_taken":["M","M","M","M","M","E","R","E","T","?","M","?","M","M","R","BOSS","M","?","M","M","M","R","E","M","T","R","M","?","R","?","R","BOSS"],"build_version":"2018-09-27","purchased_purges":0,"victory":false,"max_hp_per_floor":[68,68,68,68,68,68,68,78,78,78,78,78,78,78,78,78,78,78,78,78,78,78,78,78,78,78,78,78,54,54,54,54,54],"card_choices":[{"not_picked":["Defragment","Streamline"],"picked":"Sweeping Beam","floor":1.0},{"not_picked":["Turbo","Steam"],"picked":"Streamline","floor":2.0},{"not_picked":["Coolheaded","Turbo"],"picked":"All For One","floor":3.0},{"not_picked":["Leap","Reinforced Body"],"picked":"Gash","floor":4.0},{"not_picked":["Ball Lightning","Turbo"],"picked":"Genetic Algorithm","floor":5.0},{"not_picked":["Genetic Algorithm","Compile Driver"],"picked":"Streamline","floor":6.0},{"not_picked":["Sweeping Beam","Reboot"],"picked":"Gash","floor":8.0},{"not_picked":["Aggregate","Capacitor"],"picked":"Cold Snap","floor":11.0},{"not_picked":["Rebound","Hyperbeam"],"picked":"Redo","floor":13.0},{"not_picked":["Barrage","Redo"],"picked":"BootSequence","floor":14.0},{"not_picked":["All For One","Multi-Cast"],"picked":"Reboot","floor":16.0},{"not_picked":["Conserve Battery","Storm"],"picked":"Streamline+1","floor":18},{"not_picked":["Darkness","Doom and Gloom+1"],"picked":"Chill","floor":20},{"not_picked":["Recycle","Beam Cell"],"picked":"Scrape+1","floor":21},{"not_picked":["Self Repair","Steam Power"],"picked":"Fusion+1","floor":22},{"not_picked":["Echo Form","Barrage","Thunder Strike"],"picked":"SKIP","floor":24},{"not_picked":["Rebound","Cold Snap"],"picked":"Hologram","floor":25},{"not_picked":["Genetic Algorithm","Go for the Eyes"],"picked":"Coolheaded","floor":28},{"not_picked":["Streamline","Meteor Strike"],"picked":"Double Energy+1","floor":31}],"player_experience":132329,"relics_obtained":[{"floor":6.0,"key":"Bottled Lightning"},{"floor":8.0,"key":"Pear"},{"floor":9.0,"key":"PreservedInsect"},{"floor":19,"key":"Necronomicon"},{"floor":24,"key":"Dodecahedron"},{"floor":26,"key":"Orichalcum"}],"event_choices":[{"event_name":"Shining Light","player_choice":"Ignored","floor":10.0,"damage_taken":0.0},{"event_name":"Dead Adventurer","player_choice":"Searched \u00271\u0027 times","floor":12.0,"damage_taken":0.0},{"event_name":"Cursed Tome","player_choice":"Obtained Book","floor":19,"damage_taken":0},{"event_name":"Vampires","player_choice":"Became a vampire","floor":29,"damage_taken":0}],"is_beta":false,"boss_relics":[{"not_picked":["Fusion Hammer","Black Star"],"picked":"White Beast Statue"}],"items_purged_floors":[],"is_endless":false,"potions_floor_spawned":[1,6,13,16,18,20,21,22,24,25,28,31],"killed_by":"Automaton","ascension_level":1}