{"gold_per_floor":[112,130,142,67,85,85,118,118,144,144,164,196,196,196,196,294,294,310,310,62,49,1,1,36,36,36,62,62,62,76,91,91,91],"floor_reached":33,"playtime":2256,"items_purged":["Strike_B","Strike_B"],"score":308,"play_id":"838002ec-aa7d-45d3-ab5e-491b9c0a0858","local_time":"20181001220706","is_ascension_mode":true,"campfire_choices":[{"floor":6,"key":"REST"},{"floor":8,"key":"REST"},{"floor":10,"key":"REST"},{"floor":15,"key":"REST"},{"floor":23,"key":"REST"},{"floor":29,"key":"REST"},{"floor":32,"key":"REST"}],"neow_cost":"PERCENT_DAMAGE","seed_source_timestamp":1545975916574090,"circlet_count":0,"master_deck":["Strike_B","Defend_B","Defend_B","Defend_B","Zap","Dualcast","Streamline+1","Gash","Streamline","Leap","Loop","Conserve Battery","Defragment","Gash","Dramatic Entrance","Zap","Capacitor","Steam Power","Electrodynamics","Hologram+1","Streamline+1","Rebound+1","Redo","Hyperbeam+1","Leap+1","Cold Snap+1","White Noise+1"],"relics":["Cracked Core","Dream Catcher","Oddly Smooth Stone","Boot","Black Star","Bronze Scales","Molten Egg 2","Question Card","Letter Opener","Toxic Egg 2","Symbiotic Virus"],"potions_floor_usage":[12,24,24,24,33],"damage_taken":[{"damage":1,"enemies":"Cultist","floor":1,"turns":3},{"damage":3,"enemies":"Small Slimes","floor":2,"turns":3},{"damage":0,"enemies":"2 Louse","floor":3,"turns":2},{"damage":16,"enemies":"Lots of Slimes","floor":5,"turns":3},{"damage":42,"enemies":"Lagavulin","floor":7,"turns":6},{"damage":7,"enemies":"2 Fungi Beasts","floor":11,"turns":3},{"damage":17,"enemies":"3 Sentries","floor":12,"turns":5},{"damage":13,"enemies":"Slime Boss","floor":16,"turns":9},{"damage":20,"enemies":"Spheric Guardian","floor":18,"turns":5},{"damage":14,"enemies":"2 Thieves","floor":21,"turns":4},{"damage":7,"enemies":"Slavers","floor":24,"turns":2},{"damage":53,"enemies":"Book of Stabbing","floor":27,"turns":5},{"damage":2,"enemies":"Centurion and Healer","floor":30,"turns":4},{"damage":13,"enemies":"Snake Plant","floor":31,"turns":3},{"damage":33,"enemies":"Champ","floor":33,"turns":5}],"seed_played":"3965601997324890085","potions_obtained":[{"floor":2,"key":"SteroidPotion"},{"floor":11,"key":"Explosive Potion"},{"floor":16,"key":"SteroidPotion"},{"floor":24,"key":"SneckoOil"}],"is_trial":false,"path_per_floor":["M","M","M","$","M","R","E","R","T","R","M","E","?","?","R","B",null,"M","?","$","M","$","R","E","?","T","E","?","R","M","M","R"],"character_chosen":"DEFECT","items_purchased":["Bronze Scales","AttackPotion"],"campfire_rested":7,"item_purchase_floors":[20,22],"current_hp_per_floor":[53,50,50,50,34,56,14,36,36,58,51,34,34,34,56,43,75,55,55,55,41,41,63,56,56,56,3,3,25,23,10,32,0],"gold":91,"neow_bonus":"REMOVE_TWO","is_prod":false,"is_daily":false,"chose_seed":false,"campfire_upgraded":0,"win_rate":0,"timestamp":1538446026,"path_taken":["M","?","M","$","M","R","E","R","T","R","M","E","?","?","R","BOSS","M","?","$","M","$","R","E","?","T","E","?","R","?","M","R","BOSS"],"build_version":"2018-09-27","purchased_purges":2,"victory":false,"max_hp_per_floor":[75,75,75,75,75,75,75,75,75,75,75,75,75,75,75,75,75,75,75,75,75,75,75,75,75,75,75,75,75,75,75,75,75],"card_choices":[{"not_picked":["Conserve Battery","Cold Snap"],"picked":"Streamline","floor":1},{"not_picked":["Capacitor","Rebound"],"picked":"Gash","floor":2},{"not_picked":["Capacitor","Steam"],"picked":"Streamline","floor":3},{"not_picked":["Beam Cell","Defragment"],"picked":"Leap","floor":5},{"not_picked":["Capacitor","Consume"],"picked":"Loop","floor":7},{"not_picked":["Leap","Genetic Algorithm"],"picked":"Conserve Battery","floor":8},{"not_picked":["Hello World","Rebound"],"picked":"Defragment","floor":10},{"not_picked":["Go for the Eyes","Recycle","Lockon"],"picked":"SKIP","floor":11},{"not_picked":["Stack","Cold Snap"],"picked":"Gash","floor":12},{"not_picked":["Chaos","Capacitor"],"picked":"Steam Power","floor":15},{"not_picked":["Hyperbeam","Fission"],"picked":"Electrodynamics","floor":16},{"not_picked":["Lockon","Barrage+1"],"picked":"Hologram","floor":18},{"not_picked":["Glacier","Rebound"],"picked":"Streamline+1","floor":21},{"not_picked":["Coolheaded+1","Cold Snap"],"picked":"Rebound+1","floor":23},{"not_picked":["Fusion","Steam Power","Sunder+1"],"picked":"SKIP","floor":24},{"not_picked":["Compile Driver+1","Blizzard+1","Meteor Strike+1"],"picked":"Leap","floor":27},{"not_picked":["Loop","Turbo+1","Coolheaded+1"],"picked":"Cold Snap+1","floor":29},{"not_picked":["Redo+1","Conserve Battery+1","Coolheaded+1"],"picked":"White Noise+1","floor":30},{"not_picked":["Fusion+1","Turbo+1","Double Energy+1","Heatsinks"],"picked":"SKIP","floor":31}],"player_experience":146474,"relics_obtained":[{"floor":7,"key":"Dream Catcher"},{"floor":9,"key":"Oddly Smooth Stone"},{"floor":12,"key":"Boot"},{"floor":24,"key":"Molten Egg 2"},{"floor":24,"key":"Question Card"},{"floor":26,"key":"Letter Opener"},{"floor":27,"key":"Toxic Egg 2"},{"floor":27,"key":"Symbiotic Virus"}],"event_choices":[{"event_name":"Match and Keep!","player_choice":"3 cards matched","floor":13,"damage_taken":0},{"event_name":"Upgrade Shrine","player_choice":"Upgraded","floor":14,"damage_taken":0},{"event_name":"Accursed Blacksmith","player_choice":"Forge","floor":19,"damage_taken":0},{"event_name":"Match and Keep!","player_choice":"2 cards matched","floor":25,"damage_taken":0},{"event_name":"Beggar","player_choice":"Ignored","floor":28,"damage_taken":0}],"is_beta":false,"boss_relics":[{"not_picked":["Ectoplasm","Sozu"],"picked":"Black Star"}],"items_purged_floors":[4,20],"is_endless":false,"potions_floor_spawned":[2,11,16,24],"killed_by":"Champ","ascension_level":1}