{"gold_per_floor":[113,213,232,244,244,273,288,288],"floor_reached":8,"playtime":407,"items_purged":[],"score":64,"play_id":"de705452-7f8f-4d70-bdad-92be8e21d17f","local_time":"20181119210401","is_ascension_mode":true,"campfire_choices":[],"neow_cost":"NONE","seed_source_timestamp":449967066790510,"circlet_count":0,"master_deck":["Strike_B","Strike_B","Strike_B","Defend_B","Defend_B","Defend_B","Defend_B","Zap","Dualcast","Capacitor","Cold Snap","Blizzard","Hologram","Blizzard"],"relics":["Cracked Core","NeowsBlessing","Dream Catcher"],"potions_floor_usage":[],"damage_taken":[{"damage":0,"enemies":"2 Louse","floor":1,"turns":1},{"damage":0,"enemies":"Cultist","floor":3,"turns":1},{"damage":0,"enemies":"Jaw Worm","floor":4,"turns":1},{"damage":34,"enemies":"3 Sentries","floor":6,"turns":9},{"damage":3,"enemies":"Exordium Wildlife","floor":7,"turns":4},{"damage":28,"enemies":"Gremlin Nob","floor":8,"turns":4}],"seed_played":"-190876056655829475","potions_obtained":[{"floor":1,"key":"Explosive Potion"},{"floor":4,"key":"Swift Potion"},{"floor":7,"key":"Dexterity Potion"}],"is_trial":false,"path_per_floor":["M","?","M","M","?","E","M","E"],"character_chosen":"DEFECT","items_purchased":[],"campfire_rested":0,"item_purchase_floors":[],"current_hp_per_floor":[75,75,75,75,68,34,31,3],"gold":288,"neow_bonus":"THREE_ENEMY_KILL","is_prod":false,"is_daily":false,"chose_seed":false,"campfire_upgraded":0,"win_rate":0,"timestamp":1542679441,"path_taken":["M","?","M","?","?","E","M","E"],"build_version":"2018-11-15","purchased_purges":0,"victory":false,"max_hp_per_floor":[75,75,75,75,75,75,75,75],"card_choices":[{"not_picked":["Sunder","Undo"],"picked":"Capacitor","floor":1},{"not_picked":["Compile Driver","Rip and Tear"],"picked":"Cold Snap","floor":3},{"not_picked":["Steam","Doom and Gloom"],"picked":"Blizzard","floor":4},{"not_picked":["Aggregate","Meteor Strike"],"picked":"Hologram","floor":6},{"not_picked":["Scrape","Leap"],"picked":"Blizzard","floor":7}],"player_experience":170411,"relics_obtained":[{"floor":6,"key":"Dream Catcher"}],"event_choices":[{"damage_healed":0,"gold_gain":100,"player_choice":"Pray","damage_taken":0,"max_hp_gain":0,"max_hp_loss":0,"event_name":"Golden Shrine","floor":2,"gold_loss":0},{"cards_removed":["Strike_B"],"damage_healed":0,"gold_gain":0,"player_choice":"Card Removal","damage_taken":7,"max_hp_gain":0,"max_hp_loss":0,"event_name":"Golden Wing","floor":5,"gold_loss":0}],"is_beta":false,"boss_relics":[],"items_purged_floors":[],"is_endless":false,"potions_floor_spawned":[1,4,7],"killed_by":"Gremlin Nob","ascension_level":2}