{"gold_per_floor":[114,129,142,154,154,187,205,205,229,256,73,89,107,27,27,132,132,132,132,132,132,132,132,132,32,32,32,32,32,32,32,32,32],"floor_reached":33,"playtime":3201,"items_purged":[],"score":363,"play_id":"b8119cbb-0da6-46b0-bfbc-3ce28a116fab","local_time":"20181206205359","is_ascension_mode":true,"campfire_choices":[{"data":"Flame Barrier","floor":8.0,"key":"SMITH"},{"floor":15.0,"key":"REST"},{"data":"Demon Form","floor":24.0,"key":"SMITH"},{"floor":32,"key":"RECALL"}],"neow_cost":"TEN_PERCENT_HP_LOSS","seed_source_timestamp":0,"circlet_count":0,"master_deck":["Strike_R","Strike_R","Strike_R","Strike_R","Strike_R","Defend_R","Defend_R","Defend_R","Defend_R","Bash","Dark Embrace+1","Pommel Strike","Flame Barrier+1","Shrug It Off","Pommel Strike","Shrug It Off","Disarm","Master of Strategy","Pommel Strike","Shockwave","Whirlwind","Demon Form+1","True Grit","Flex+1","Ghostly Armor+1","Warcry","Spot Weakness","Reaper","Armaments","Seeing Red"],"special_seed":0,"relics":["Burning Blood","Lantern","Dream Catcher","Ectoplasm","Art of War","Nunchaku","PreservedInsect","Magic Flower","Torii"],"potions_floor_usage":[33],"damage_taken":[{"damage":7.0,"enemies":"2 Louse","floor":1.0,"turns":3.0},{"damage":6.0,"enemies":"Cultist","floor":2.0,"turns":4.0},{"damage":0.0,"enemies":"Small Slimes","floor":3.0,"turns":3.0},{"damage":12.0,"enemies":"3 Louse","floor":4.0,"turns":6.0},{"damage":19.0,"enemies":"3 Sentries","floor":6.0,"turns":6.0},{"damage":4.0,"enemies":"Lots of Slimes","floor":7.0,"turns":5.0},{"damage":24.0,"enemies":"Lagavulin","floor":10.0,"turns":12.0},{"damage":7.0,"enemies":"Looter","floor":12.0,"turns":3.0},{"damage":15.0,"enemies":"Gremlin Gang","floor":13.0,"turns":7.0},{"damage":11.0,"enemies":"Hexaghost","floor":16.0,"turns":13.0},{"damage":19.0,"enemies":"Spheric Guardian","floor":18.0,"turns":5.0},{"damage":3.0,"enemies":"Shell Parasite","floor":21.0,"turns":6.0},{"damage":14.0,"enemies":"Centurion and Healer","floor":22.0,"turns":7.0},{"damage":14.0,"enemies":"Book of Stabbing","floor":23.0,"turns":6.0},{"damage":8.0,"enemies":"Snake Plant","floor":27.0,"turns":5.0},{"damage":0.0,"enemies":"Gremlin Leader","floor":28.0,"turns":6.0},{"damage":23.0,"enemies":"Cultist and Chosen","floor":29.0,"turns":8.0},{"damage":6.0,"enemies":"Book of Stabbing","floor":30.0,"turns":5.0},{"damage":0.0,"enemies":"Centurion and Healer","floor":31.0,"turns":6.0},{"damage":123,"enemies":"Automaton","floor":33,"turns":12}],"seed_played":"593750351097445025","potions_obtained":[{"floor":1.0,"key":"PowerPotion"},{"floor":7.0,"key":"Energy Potion"},{"floor":10.0,"key":"PowerPotion"},{"floor":12.0,"key":"PowerPotion"},{"floor":13.0,"key":"Regen Potion"},{"floor":21.0,"key":"SteroidPotion"},{"floor":22.0,"key":"SneckoOil"},{"floor":27.0,"key":"SkillPotion"},{"floor":30.0,"key":"Regen Potion"}],"is_trial":false,"path_per_floor":["M","M","M","M","?","E","M","R","T","E","$","M","M","$","R","B",null,"M","?","?","M","M","E","R","$","T","M","E","M","E","E","M","R","B"],"character_chosen":"IRONCLAD","items_purchased":["Master of Strategy","Whirlwind","Warcry","Regen Potion"],"campfire_rested":1,"item_purchase_floors":[11,14,25,25],"current_hp_per_floor":[71,71,72,66,66,53,55,55,55,37,37,36,27,27,48,58,72,59,46,46,49,41,33,33,33,33,45,51,45,48,77,77,0],"gold":32,"neow_bonus":"THREE_RARE_CARDS","is_prod":false,"is_daily":false,"chose_seed":false,"campfire_upgraded":2,"win_rate":0,"timestamp":1544147639,"path_taken":["M","M","M","M","?","E","M","R","T","E","$","M","?","?","R","BOSS","M","?","?","?","M","E","R","$","T","M","E","M","E","M","R","BOSS"],"build_version":"2018-12-06","purchased_purges":0,"victory":false,"max_hp_per_floor":[72,72,72,72,72,72,72,72,72,72,72,72,72,72,72,72,72,72,77,77,77,77,77,77,77,77,77,77,77,77,77,77,77],"card_choices":[{"not_picked":["Brutality","Juggernaut"],"picked":"Dark Embrace","floor":0.0},{"not_picked":["Hemokinesis","Clash","Headbutt"],"picked":"SKIP","floor":1.0},{"not_picked":["Clothesline","Sentinel"],"picked":"Pommel Strike","floor":2.0},{"not_picked":["Body Slam","Combust"],"picked":"Flame Barrier","floor":3.0},{"not_picked":["Battle Trance","Pommel Strike"],"picked":"Shrug It Off","floor":4.0},{"not_picked":["Anger","Second Wind"],"picked":"Pommel Strike","floor":6.0},{"not_picked":["Headbutt","Anger"],"picked":"Shrug It Off","floor":7.0},{"not_picked":["Immolate","True Grit"],"picked":"Disarm","floor":10.0},{"not_picked":["Flex","Iron Wave"],"picked":"Pommel Strike","floor":12.0},{"not_picked":["Infernal Blade","Feel No Pain"],"picked":"Shockwave","floor":13.0},{"not_picked":["Barricade","Reaper"],"picked":"Demon Form","floor":16.0},{"not_picked":["Sword Boomerang","Shockwave"],"picked":"True Grit","floor":18.0},{"not_picked":["Hemokinesis","Heavy Blade"],"picked":"Flex+1","floor":21.0},{"not_picked":["Twin Strike+1","Sword Boomerang"],"picked":"Ghostly Armor+1","floor":22.0},{"not_picked":["Double Tap","Wild Strike","Intimidate"],"picked":"SKIP","floor":23.0},{"not_picked":["Searing Blow","Armaments"],"picked":"Spot Weakness","floor":27.0},{"not_picked":["Shockwave","Infernal Blade"],"picked":"Reaper","floor":28.0},{"not_picked":["Warcry","Clothesline"],"picked":"Armaments","floor":29.0},{"not_picked":["Brutality","Pommel Strike","Dark Embrace"],"picked":"SKIP","floor":30.0},{"not_picked":["Intimidate+1","Sentinel+1"],"picked":"Seeing Red","floor":31.0}],"player_experience":680452,"relics_obtained":[{"floor":6.0,"key":"Lantern"},{"floor":10.0,"key":"Dream Catcher"},{"floor":20.0,"key":"Art of War"},{"floor":23.0,"key":"Nunchaku"},{"floor":26.0,"key":"PreservedInsect"},{"floor":28.0,"key":"Magic Flower"},{"floor":30.0,"key":"Torii"}],"event_choices":[{"damage_healed":0.0,"max_hp_gain":0.0,"max_hp_loss":0.0,"gold_gain":0.0,"event_name":"Upgrade Shrine","player_choice":"Upgraded","floor":5.0,"gold_loss":0.0,"damage_taken":0.0,"cards_upgraded":["Dark Embrace"]},{"damage_healed":0.0,"max_hp_gain":5.0,"max_hp_loss":0.0,"gold_gain":0.0,"event_name":"Forgotten Altar","player_choice":"Shed Blood","floor":19.0,"gold_loss":0.0,"damage_taken":18.0},{"damage_healed":0.0,"max_hp_gain":0.0,"max_hp_loss":0.0,"gold_gain":0.0,"event_name":"Wheel of Change","player_choice":"Relic","floor":20.0,"gold_loss":0.0,"damage_taken":0.0}],"is_beta":false,"boss_relics":[{"not_picked":["Calling Bell","Orrery"],"picked":"Ectoplasm"}],"items_purged_floors":[],"is_endless":false,"potions_floor_spawned":[1,7,10,12,13,21,22,27,30],"killed_by":"Automaton","ascension_level":1}