{"gold_per_floor":[116,116,116,41,54,54,72,83,109,29,39,39,39,101,101,101],"floor_reached":16,"playtime":619,"items_purged":["Strike_G"],"score":200,"play_id":"ba9e95a6-8d36-423d-b220-80e9a6702e76","local_time":"20190121212310","is_ascension_mode":true,"campfire_choices":[{"data":"Skewer","floor":6.0,"key":"SMITH"},{"data":"Neutralize","floor":13.0,"key":"SMITH"},{"floor":15.0,"key":"REST"}],"neow_cost":"PERCENT_DAMAGE","seed_source_timestamp":714586851243500,"circlet_count":0,"master_deck":["AscendersBane","Defend_G","Defend_G","Defend_G","Defend_G","Strike_G","Strike_G","Survivor","Neutralize+1","Skewer+1","Heel Hook","Heel Hook","Well Laid Plans","PiercingWail"],"special_seed":0,"relics":["Ring of the Snake","Juzu Bracelet","Tiny Chest"],"potions_floor_usage":[16],"damage_taken":[{"damage":0.0,"enemies":"Cultist","floor":1.0,"turns":4.0},{"damage":0.0,"enemies":"2 Louse","floor":5.0,"turns":3.0},{"damage":1.0,"enemies":"Jaw Worm","floor":7.0,"turns":2.0},{"damage":0.0,"enemies":"Exordium Wildlife","floor":8.0,"turns":3.0},{"damage":0.0,"enemies":"3 Louse","floor":11.0,"turns":3.0},{"damage":15.0,"enemies":"Lagavulin","floor":14.0,"turns":3.0},{"damage":49,"enemies":"Hexaghost","floor":16,"turns":14}],"seed_played":"7774582738494954122","potions_obtained":[{"floor":5.0,"key":"Fire Potion"},{"floor":11.0,"key":"AttackPotion"},{"floor":14.0,"key":"SpeedPotion"}],"is_trial":false,"path_per_floor":["M","$","?","$","M","R","M","M","T","$","M","?","R","E","R","B"],"character_chosen":"THE_SILENT","items_purchased":["Heel Hook"],"campfire_rested":1,"item_purchase_floors":[10],"current_hp_per_floor":[44,44,44,44,44,44,43,43,43,43,43,43,43,28,47,0],"gold":101,"neow_bonus":"REMOVE_TWO","is_prod":false,"is_daily":false,"chose_seed":false,"campfire_upgraded":2,"win_rate":0,"timestamp":1548123790,"path_taken":["M","$","?","$","M","R","?","M","T","$","M","?","R","E","R","BOSS"],"build_version":"2019-01-17v2","purchased_purges":1,"victory":false,"max_hp_per_floor":[66,66,66,66,66,66,66,66,66,66,66,66,66,66,66,66],"card_choices":[{"not_picked":["Dagger Spray","Dagger Throw"],"picked":"Skewer","floor":1.0},{"not_picked":["Reflex","Finisher","Eviscerate"],"picked":"SKIP","floor":5.0},{"not_picked":["Underhanded Strike","Prepared"],"picked":"Heel Hook","floor":7.0},{"not_picked":["Tactician","Leg Sweep","Expertise"],"picked":"SKIP","floor":8.0},{"not_picked":["Cloak And Dagger","Leg Sweep"],"picked":"Well Laid Plans","floor":11.0},{"not_picked":["Grand Finale","Choke"],"picked":"PiercingWail","floor":14.0}],"player_experience":509871,"relics_obtained":[{"floor":9.0,"key":"Juzu Bracelet"},{"floor":14.0,"key":"Tiny Chest"}],"event_choices":[{"cards_removed":["Strike_G"],"damage_healed":0.0,"max_hp_gain":0.0,"max_hp_loss":0.0,"gold_gain":0.0,"event_name":"Purifier","player_choice":"Purged","floor":3.0,"gold_loss":0.0,"damage_taken":0.0},{"damage_healed":0.0,"max_hp_gain":0.0,"max_hp_loss":0.0,"gold_gain":0.0,"event_name":"Scrap Ooze","player_choice":"Fled","floor":12.0,"gold_loss":0.0,"damage_taken":0.0}],"is_beta":false,"boss_relics":[],"items_purged_floors":[4],"is_endless":false,"potions_floor_spawned":[5,11,14],"killed_by":"Hexaghost","ascension_level":20}