{"gold_per_floor":[109,184,236,17,31,31,48,48,71,90,102,102],"floor_reached":12,"playtime":600,"items_purged":[],"score":70,"play_id":"b6c82e1d-dfba-426b-a4bb-1e290cb967aa","local_time":"20181227132356","is_ascension_mode":false,"campfire_choices":[{"data":"Spot Weakness","floor":6,"key":"SMITH"}],"neow_cost":"CURSE","seed_source_timestamp":68546486595155,"circlet_count":0,"master_deck":["Strike_R","Strike_R","Strike_R","Defend_R","Defend_R","Defend_R","Defend_R","Bash","Clumsy","Clothesline","Berserk","Thunderclap","Seeing Red","Sadistic Nature","Spot Weakness+1","Feed","Body Slam"],"relics":["Burning Blood","Potion Belt","Bag of Preparation"],"potions_floor_usage":[],"damage_taken":[{"damage":7,"enemies":"2 Louse","floor":1,"turns":3},{"damage":11,"enemies":"Jaw Worm","floor":5,"turns":2},{"damage":5,"enemies":"Small Slimes","floor":7,"turns":3},{"damage":20,"enemies":"Exordium Wildlife","floor":10,"turns":5},{"damage":10,"enemies":"Looter","floor":11,"turns":3},{"damage":48,"enemies":"Exordium Thugs","floor":12,"turns":3}],"seed_played":"3962105976933501828","potions_obtained":[{"floor":7,"key":"Strength Potion"},{"floor":11,"key":"Weak Potion"}],"is_trial":false,"path_per_floor":["M","?","T","$","M","R","M","$","T","M","M","M"],"character_chosen":"IRONCLAD","items_purchased":["Seeing Red","Sadistic Nature"],"campfire_rested":0,"item_purchase_floors":[4,4],"current_hp_per_floor":[79,68,68,68,63,63,64,64,64,50,46,0],"gold":102,"neow_bonus":"TRANSFORM_TWO_CARDS","is_prod":false,"is_daily":false,"chose_seed":false,"campfire_upgraded":1,"win_rate":0.0,"timestamp":1545913436,"path_taken":["M","?","?","$","M","R","M","$","T","M","M","M"],"build_version":"2018-12-20","purchased_purges":0,"victory":false,"max_hp_per_floor":[80,80,80,80,80,80,80,80,80,80,80,80],"card_choices":[{"not_picked":["Shrug It Off","Pommel Strike"],"picked":"Thunderclap","floor":1},{"not_picked":["Perfected Strike","Pommel Strike"],"picked":"Spot Weakness","floor":5},{"not_picked":["Clothesline","Perfected Strike","Rage"],"picked":"SKIP","floor":7},{"not_picked":["Pommel Strike","Headbutt"],"picked":"Feed","floor":10},{"not_picked":["Perfected Strike","Sever Soul"],"picked":"Body Slam","floor":11}],"player_experience":71761,"relics_obtained":[{"floor":3,"key":"Potion Belt"},{"floor":9,"key":"Bag of Preparation"}],"event_choices":[{"damage_healed":0,"gold_gain":75,"player_choice":"Gather Gold","damage_taken":11,"max_hp_gain":0,"max_hp_loss":0,"event_name":"World of Goop","floor":2,"gold_loss":0}],"is_beta":false,"boss_relics":[],"items_purged_floors":[],"is_endless":false,"potions_floor_spawned":[7,11],"killed_by":"Exordium Thugs","ascension_level":0}