{"gold_per_floor":[20,20,20,70,89,149,149,162,244,244,260,287,303,314,314,409,409,423,442,367,380,380,380,409,429,429,429,444,116,116,129,129,228,228,241,241,241,5,58,58,78,20,44,77,77,87,104,62,62,62],"floor_reached":50,"playtime":2941,"items_purged":["Strike_R","Defend_R"],"score":657,"play_id":"b360545c-f4b0-4bce-83af-a16ed521e5d3","local_time":"20181012174702","is_ascension_mode":true,"campfire_choices":[{"data":"Whirlwind","floor":7,"key":"SMITH"},{"floor":10,"key":"REST"},{"data":"Disarm","floor":15,"key":"SMITH"},{"floor":23,"key":"REST"},{"floor":27,"key":"REST"},{"floor":32,"key":"REST"},{"data":"Defend_R","floor":40,"key":"PURGE"},{"floor":45,"key":"REST"},{"floor":49,"key":"REST"}],"neow_cost":"NO_GOLD","seed_source_timestamp":229783713588598,"circlet_count":0,"master_deck":["Defend_R","Bash","Thunderclap","Whirlwind+1","Heavy Blade","Spot Weakness","Twin Strike","Twin Strike","Disarm+1","Limit Break","Twin Strike","Whirlwind","Shrug It Off+1","Shrug It Off","Armaments+1","Madness","Madness","Pommel Strike","Feel No Pain","Pain","Evolve","Twin Strike+1","True Grit"],"relics":["Burning Blood","PreservedInsect","Tiny Chest","Meat on the Bone","The Courier","Fusion Hammer","Ice Cream","Pocketwatch","Thread and Needle","Pantograph","Cursed Key","Peace Pipe","Oddly Smooth Stone","Unceasing Top","Dream Catcher","Vajra"],"potions_floor_usage":[11,11,16,16,18,25,25,33,39,47,47,47,50],"damage_taken":[{"damage":4,"enemies":"Small Slimes","floor":1,"turns":5},{"damage":14,"enemies":"Jaw Worm","floor":5,"turns":5},{"damage":35,"enemies":"3 Sentries","floor":6,"turns":8},{"damage":1,"enemies":"Cultist","floor":8,"turns":3},{"damage":9,"enemies":"Blue Slaver","floor":11,"turns":3},{"damage":20,"enemies":"Lagavulin","floor":12,"turns":3},{"damage":1,"enemies":"Exordium Thugs","floor":13,"turns":3},{"damage":12,"enemies":"Looter","floor":14,"turns":3},{"damage":32,"enemies":"Hexaghost","floor":16,"turns":7},{"damage":35,"enemies":"Spheric Guardian","floor":18,"turns":5},{"damage":10,"enemies":"Chosen","floor":19,"turns":4},{"damage":33,"enemies":"Centurion and Healer","floor":21,"turns":6},{"damage":0,"enemies":"Gremlin Leader","floor":24,"turns":4},{"damage":39,"enemies":"Shelled Parasite and Fungi","floor":25,"turns":4},{"damage":9,"enemies":"3 Cultists","floor":28,"turns":3},{"damage":19,"enemies":"Snake Plant","floor":31,"turns":4},{"damage":59,"enemies":"Champ","floor":33,"turns":12},{"damage":1,"enemies":"Orb Walker","floor":35,"turns":4},{"damage":2,"enemies":"Mind Bloom Boss Battle","floor":37,"turns":6},{"damage":27,"enemies":"Mysterious Sphere","floor":39,"turns":3},{"damage":9,"enemies":"3 Darklings","floor":41,"turns":3},{"damage":20,"enemies":"2 Orb Walkers","floor":44,"turns":3},{"damage":29,"enemies":"4 Shapes","floor":46,"turns":3},{"damage":32,"enemies":"Reptomancer","floor":47,"turns":4},{"damage":98,"enemies":"Time Eater","floor":50,"turns":8}],"seed_played":"2944318179869045987","potions_obtained":[{"floor":6,"key":"SkillPotion"},{"floor":8,"key":"BloodPotion"},{"floor":12,"key":"Regen Potion"},{"floor":14,"key":"Energy Potion"},{"floor":16,"key":"PowerPotion"},{"floor":18,"key":"Energy Potion"},{"floor":24,"key":"Poison Potion"},{"floor":31,"key":"BloodPotion"},{"floor":33,"key":"Poison Potion"},{"floor":39,"key":"SpeedPotion"},{"floor":44,"key":"Block Potion"},{"floor":46,"key":"EntropicBrew"}],"is_trial":false,"path_per_floor":["M","?","?","T","M","E","R","M","T","R","M","E","M","M","R","B",null,"M","M","?","M","?","R","E","M","T","R","M","$","T","M","R","B",null,"M","?","?","$","?","R","M","$","T","E","R","M","M","$","R"],"character_chosen":"IRONCLAD","items_purchased":["Thread and Needle","Shrug It Off","Pommel Strike","Oddly Smooth Stone","Feel No Pain","True Grit"],"campfire_rested":6,"item_purchase_floors":[29,29,38,38,42,48],"current_hp_per_floor":[80,80,80,80,72,43,43,48,48,72,77,63,68,62,62,51,80,51,47,47,32,32,56,62,41,41,65,62,62,62,49,73,47,80,80,70,80,80,59,59,56,56,56,54,78,55,49,49,73,0],"gold":62,"neow_bonus":"REMOVE_TWO","is_prod":false,"is_daily":false,"chose_seed":false,"campfire_upgraded":2,"win_rate":0,"timestamp":1539380822,"path_taken":["M","?","?","?","M","E","R","M","T","R","M","E","M","?","R","BOSS","M","M","?","?","?","R","E","?","T","R","M","?","?","M","R","BOSS","M","?","?","?","?","R","M","$","T","E","R","M","M","$","R","BOSS"],"build_version":"2018-10-11","purchased_purges":2,"victory":false,"max_hp_per_floor":[80,80,80,80,80,80,80,80,80,80,80,80,80,80,80,80,80,80,80,80,80,80,80,80,80,80,80,80,80,80,80,80,80,80,80,80,80,80,80,80,80,80,80,80,80,80,80,80,80,80],"card_choices":[{"not_picked":["Anger","Corruption","Perfected Strike"],"picked":"SKIP","floor":1},{"not_picked":["Sword Boomerang","Rage"],"picked":"Thunderclap","floor":5},{"not_picked":["Iron Wave","True Grit"],"picked":"Whirlwind","floor":6},{"not_picked":["Rage","Feed"],"picked":"Heavy Blade","floor":8},{"not_picked":["Power Through","Clash"],"picked":"Spot Weakness","floor":11},{"not_picked":["Demon Form","Sword Boomerang"],"picked":"Twin Strike","floor":12},{"not_picked":["Entrench","Clothesline"],"picked":"Twin Strike","floor":13},{"not_picked":["Power Through","Combust"],"picked":"Disarm","floor":14},{"not_picked":["Impervious","Feed"],"picked":"Limit Break","floor":16},{"not_picked":["Bloodletting","Blood for Blood","Clash+1"],"picked":"SKIP","floor":18},{"not_picked":["Entrench","Thunderclap"],"picked":"Twin Strike","floor":19},{"not_picked":["Wild Strike+1","Heavy Blade+1"],"picked":"Whirlwind","floor":21},{"not_picked":["Dark Embrace","Body Slam","Pummel"],"picked":"SKIP","floor":24},{"not_picked":["Anger","Perfected Strike","Twin Strike"],"picked":"SKIP","floor":25},{"not_picked":["Wild Strike+1","Seeing Red"],"picked":"Shrug It Off+1","floor":28},{"not_picked":["Infernal Blade","Uppercut"],"picked":"Armaments+1","floor":31},{"not_picked":["Combust+1","Havoc","Metallicize+1"],"picked":"SKIP","floor":35},{"not_picked":["Sever Soul+1","Perfected Strike+1","Anger+1"],"picked":"SKIP","floor":41},{"not_picked":["Reaper","Seeing Red+1"],"picked":"Evolve","floor":44},{"not_picked":["Cleave+1","Body Slam+1","Rage"],"picked":"SKIP","floor":46},{"not_picked":["Anger","Offering"],"picked":"Twin Strike+1","floor":47}],"player_experience":280277,"relics_obtained":[{"floor":4,"key":"PreservedInsect"},{"floor":6,"key":"Tiny Chest"},{"floor":9,"key":"Meat on the Bone"},{"floor":12,"key":"The Courier"},{"floor":24,"key":"Ice Cream"},{"floor":26,"key":"Pocketwatch"},{"floor":30,"key":"Pantograph"},{"floor":37,"key":"Peace Pipe"},{"floor":39,"key":"Unceasing Top"},{"floor":43,"key":"Dream Catcher"},{"floor":44,"key":"Vajra"}],"event_choices":[{"event_name":"Living Wall","player_choice":"Forget","floor":2,"damage_taken":0},{"event_name":"Wheel of Change","player_choice":"Card Removal","floor":3,"damage_taken":0},{"event_name":"Beggar","player_choice":"Gave Gold","floor":20,"damage_taken":0},{"event_name":"The Mausoleum","player_choice":"No","floor":22,"damage_taken":0},{"event_name":"Winding Halls","player_choice":"Embrace Madness","floor":36,"damage_taken":0},{"event_name":"MindBloom","player_choice":"Fight","floor":37,"damage_taken":0},{"event_name":"Mysterious Sphere","player_choice":"Fight","floor":39,"damage_taken":0}],"is_beta":false,"boss_relics":[{"not_picked":["Orrery","Astrolabe"],"picked":"Fusion Hammer"},{"not_picked":["Busted Crown","Runic Cube"],"picked":"Cursed Key"}],"items_purged_floors":[29,38],"is_endless":false,"potions_floor_spawned":[6,8,12,14,16,18,24,31,33,39,44,46],"killed_by":"Time Eater","ascension_level":4}