{"gold_per_floor":[119,119,44,64,64,96,114,289,289,309,322,322,350,360,360,360],"floor_reached":16,"playtime":573,"items_purged":["Defend_B"],"score":206,"play_id":"854dcc89-6c98-4c34-8e1b-388d2a7a215c","local_time":"20181026003524","is_ascension_mode":true,"campfire_choices":[{"data":"Zap","floor":12,"key":"SMITH"},{"floor":15,"key":"REST"}],"neow_cost":"NONE","seed_source_timestamp":183722136964195,"circlet_count":0,"master_deck":["Strike_B","Strike_B","Strike_B","Defend_B","Defend_B","Defend_B","Zap+1","Dualcast","AscendersBane","Coolheaded","Beam Cell","Regret","Double Energy","Beam Cell","Doubt","Barrage","Cold Snap","All For One","Glacier"],"relics":["Cracked Core","NeowsBlessing","Dodecahedron","Gremlin Horn","Frozen Egg 2","Symbiotic Virus"],"potions_floor_usage":[13,13,13],"damage_taken":[{"damage":0,"enemies":"2 Louse","floor":1,"turns":1},{"damage":0,"enemies":"Cultist","floor":4,"turns":1},{"damage":0,"enemies":"3 Sentries","floor":6,"turns":1},{"damage":15,"enemies":"Jaw Worm","floor":7,"turns":5},{"damage":14,"enemies":"Blue Slaver","floor":10,"turns":4},{"damage":4,"enemies":"3 Louse","floor":11,"turns":4},{"damage":7,"enemies":"Gremlin Nob","floor":13,"turns":3},{"damage":20,"enemies":"Gremlin Gang","floor":14,"turns":4},{"damage":32,"enemies":"Hexaghost","floor":16,"turns":9}],"seed_played":"4023596383994132443","potions_obtained":[{"floor":1,"key":"Block Potion"},{"floor":4,"key":"PowerPotion"},{"floor":7,"key":"Explosive Potion"},{"floor":13,"key":"PowerPotion"},{"floor":14,"key":"Poison Potion"}],"is_trial":false,"path_per_floor":["M","?","$","M","?","E","M","?","T","M","M","R","E","M","R"],"character_chosen":"DEFECT","items_purchased":[],"campfire_rested":1,"item_purchase_floors":[],"current_hp_per_floor":[68,68,68,68,68,68,53,53,53,39,35,35,28,8,30,0],"gold":360,"neow_bonus":"THREE_ENEMY_KILL","is_prod":false,"is_daily":false,"chose_seed":false,"campfire_upgraded":1,"win_rate":0,"timestamp":1540481724,"path_taken":["M","?","$","M","?","E","?","?","T","M","?","R","E","M","R","BOSS"],"build_version":"2018-10-18","purchased_purges":1,"victory":false,"max_hp_per_floor":[75,75,75,75,75,75,75,75,75,75,75,75,75,75,75,75],"card_choices":[{"not_picked":["Undo","Leap"],"picked":"Coolheaded","floor":1},{"not_picked":["Streamline","Compile Driver"],"picked":"Beam Cell","floor":4},{"not_picked":["Sunder","Storm"],"picked":"Double Energy","floor":6},{"not_picked":["Doom and Gloom","Genetic Algorithm"],"picked":"Beam Cell","floor":7},{"not_picked":["Storm+1","Streamline"],"picked":"Barrage","floor":10},{"not_picked":["Beam Cell","Redo"],"picked":"Cold Snap","floor":11},{"not_picked":["FTL","Coolheaded"],"picked":"All For One","floor":13},{"not_picked":["Beam Cell","Barrage"],"picked":"Glacier","floor":14}],"player_experience":537936,"relics_obtained":[{"floor":6,"key":"Gremlin Horn"},{"floor":9,"key":"Frozen Egg 2"},{"floor":13,"key":"Symbiotic Virus"}],"event_choices":[{"cards_removed":["Strike_B"],"damage_healed":0,"gold_gain":0,"player_choice":"Purged","damage_taken":0,"max_hp_gain":0,"max_hp_loss":0,"event_name":"Purifier","floor":2,"gold_loss":0},{"damage_healed":0,"gold_gain":0,"player_choice":"Box","damage_taken":0,"relics_obtained":["Dodecahedron"],"max_hp_gain":0,"max_hp_loss":0,"event_name":"Big Fish","floor":5,"gold_loss":0,"cards_obtained":["Regret"]},{"damage_healed":0,"gold_gain":175,"player_choice":"AGREE","damage_taken":0,"max_hp_gain":0,"max_hp_loss":0,"event_name":"Liars Game","floor":8,"gold_loss":0,"cards_obtained":["Doubt"]}],"is_beta":false,"boss_relics":[],"items_purged_floors":[3],"is_endless":false,"potions_floor_spawned":[1,4,7,13,14],"killed_by":"Hexaghost","ascension_level":10}