{"gold_per_floor":[116,46,46,46,56,56,70,81,81,110,110,127,138,150,150,248,248,248,248,248,248,248,248,248,248,248,248,248,248,248,248,248,248,248,248,248,248,248,248,248,248,248,248,248,248,248,4,4,4,4],"floor_reached":51,"playtime":2147,"items_purged":[],"score":750,"play_id":"925748e0-7e76-4fe1-a401-13d7609fb386","local_time":"20190105000304","is_ascension_mode":false,"campfire_choices":[{"data":"Cloak And Dagger","floor":6,"key":"SMITH"},{"floor":11,"key":"REST"},{"data":"Blade Dance","floor":15,"key":"SMITH"},{"data":"Neutralize","floor":23,"key":"SMITH"},{"floor":29,"key":"REST"},{"floor":32,"key":"REST"},{"floor":40,"key":"REST"},{"floor":46,"key":"REST"},{"data":"Envenom","floor":49,"key":"SMITH"}],"neow_cost":"NONE","seed_source_timestamp":37410491975012,"circlet_count":0,"master_deck":["Survivor","Neutralize+1","Backstab+1","Cloak And Dagger+1","Blade Dance+1","Backflip+1","Outmaneuver+1","Cloak And Dagger+1","Venomology+1","Cloak And Dagger+1","Infinite Blades+1","Writhe","Expertise+1","Blade Dance+1","Heel Hook","Heel Hook+1","Venomology+1","Storm of Steel+1","Tools of the Trade","Finisher","Tactician+1","Caltrops","Expertise+1","Terror+1","Reflex+1","Terror+1","Caltrops","Blade Dance+1","A Thousand Cuts","Blade Dance+1","Blade Dance+1","Finisher+1","Writhe","Blade Dance+1","Envenom+1"],"relics":["WristBlade","Toxic Egg 2","Kunai","Ectoplasm","The Courier","Dodecahedron","Bottled Lightning","Orichalcum","Pandora\u0027s Box","Dead Branch","Bag of Preparation","Lantern"],"potions_floor_usage":[8,16,16,16,22,24,24,27,28,31,33,33,33,38,38,38,39,45,48,48,50,50,50,50],"damage_taken":[{"damage":0,"enemies":"2 Louse","floor":1,"turns":4},{"damage":0,"enemies":"Cultist","floor":5,"turns":3},{"damage":0,"enemies":"Small Slimes","floor":7,"turns":1},{"damage":0,"enemies":"Exordium Thugs","floor":8,"turns":3},{"damage":31,"enemies":"Lagavulin","floor":10,"turns":7},{"damage":0,"enemies":"Lots of Slimes","floor":12,"turns":4},{"damage":0,"enemies":"Exordium Wildlife","floor":13,"turns":2},{"damage":10,"enemies":"Exordium Thugs","floor":14,"turns":5},{"damage":8,"enemies":"Slime Boss","floor":16,"turns":5},{"damage":0,"enemies":"3 Byrds","floor":18,"turns":5},{"damage":0,"enemies":"Spheric Guardian","floor":19,"turns":3},{"damage":6,"enemies":"Shelled Parasite and Fungi","floor":22,"turns":4},{"damage":9,"enemies":"Snake Plant","floor":24,"turns":4},{"damage":2,"enemies":"Chosen and Byrds","floor":27,"turns":5},{"damage":0,"enemies":"Centurion and Healer","floor":28,"turns":1},{"damage":8,"enemies":"Gremlin Leader","floor":30,"turns":4},{"damage":4,"enemies":"Cultist and Chosen","floor":31,"turns":5},{"damage":44,"enemies":"Champ","floor":33,"turns":9},{"damage":9,"enemies":"Orb Walker","floor":35,"turns":2},{"damage":5,"enemies":"3 Darklings","floor":37,"turns":3},{"damage":16,"enemies":"Writhing Mass","floor":38,"turns":3},{"damage":17,"enemies":"Mind Bloom Boss Battle","floor":39,"turns":4},{"damage":20,"enemies":"4 Shapes","floor":42,"turns":2},{"damage":0,"enemies":"Maw","floor":45,"turns":1},{"damage":0,"enemies":"Transient","floor":48,"turns":5},{"damage":64,"enemies":"Time Eater","floor":50,"turns":9}],"seed_played":"-5181371929248001705","potions_obtained":[{"floor":1,"key":"Explosive Potion"},{"floor":8,"key":"SteroidPotion"},{"floor":13,"key":"PowerPotion"},{"floor":14,"key":"Ancient Potion"},{"floor":18,"key":"Explosive Potion"},{"floor":25,"key":"EssenceOfSteel"},{"floor":25,"key":"SpeedPotion"},{"floor":25,"key":"SmokeBomb"},{"floor":31,"key":"PowerPotion"},{"floor":37,"key":"FearPotion"},{"floor":42,"key":"Regen Potion"}],"is_trial":false,"path_per_floor":["M","$","?","$","M","R","M","M","T","E","R","M","M","M","R","B",null,"M","M","?","?","M","R","M","?","T","M","M","R","E","M","R","B",null,"M","?","M","M","?","R","?","M","T","?","M","R","$","M","R","B",null],"character_chosen":"THE_SILENT","items_purchased":["Backstab","Lantern","Envenom"],"campfire_rested":5,"item_purchase_floors":[2,47,47],"current_hp_per_floor":[70,70,70,70,70,70,70,70,70,39,60,60,60,50,50,42,70,70,70,70,70,64,64,55,55,55,53,53,70,62,58,70,35,70,61,61,56,40,23,44,62,42,42,42,42,63,63,70,70,6],"gold":4,"neow_bonus":"BOSS_RELIC","is_prod":false,"is_daily":false,"chose_seed":false,"campfire_upgraded":4,"win_rate":0,"timestamp":1546668184,"path_taken":["M","$","?","?","M","R","M","M","T","E","R","M","M","M","R","BOSS","M","M","?","?","?","R","?","?","T","M","M","R","E","M","R","BOSS","M","?","M","?","?","R","?","M","T","?","M","R","$","M","R","BOSS"],"build_version":"2019-01-03v4","purchased_purges":0,"victory":true,"max_hp_per_floor":[70,70,70,70,70,70,70,70,70,70,70,70,70,70,70,70,70,70,70,70,70,70,70,70,70,70,70,70,70,70,70,70,70,70,70,70,70,70,70,70,70,70,70,70,70,70,70,70,70,70],"card_choices":[{"not_picked":["Skewer","Sucker Punch","Dodge and Roll"],"picked":"SKIP","floor":1},{"not_picked":["Dagger Throw","Prepared"],"picked":"Cloak And Dagger","floor":5},{"not_picked":["Concentrate","Unload"],"picked":"Blade Dance","floor":7},{"not_picked":["PiercingWail","Dagger Throw","Bane"],"picked":"SKIP","floor":8},{"not_picked":["Blur+1","PiercingWail+1","Leg Sweep+1"],"picked":"SKIP","floor":10},{"not_picked":["Dodge and Roll+1","Riddle With Holes"],"picked":"Backflip+1","floor":12},{"not_picked":["Skewer","Well Laid Plans"],"picked":"Outmaneuver+1","floor":13},{"not_picked":["Skewer","Outmaneuver+1"],"picked":"Cloak And Dagger+1","floor":14},{"not_picked":["A Thousand Cuts","Wraith Form v2"],"picked":"Venomology+1","floor":16},{"not_picked":["Setup+1","Acrobatics+1"],"picked":"Cloak And Dagger+1","floor":18},{"not_picked":["Dodge and Roll+1","Bouncing Flask+1"],"picked":"Infinite Blades+1","floor":19},{"not_picked":["Dash","Riddle With Holes"],"picked":"Expertise+1","floor":22},{"not_picked":["Sucker Punch","Bane","Acrobatics+1"],"picked":"SKIP","floor":24},{"not_picked":["Setup+1","All Out Attack"],"picked":"Blade Dance+1","floor":27},{"not_picked":["Endless Agony+1","Backflip+1"],"picked":"Heel Hook","floor":30},{"not_picked":["Riddle With Holes+1","Dagger Spray+1"],"picked":"Heel Hook+1","floor":31},{"not_picked":["Night Terror+1","Corpse Explosion+1"],"picked":"Venomology+1","floor":33},{"not_picked":["Choke","Prepared+1"],"picked":"Blade Dance+1","floor":35},{"not_picked":["Dodge and Roll+1","Dagger Spray"],"picked":"Blade Dance+1","floor":37},{"not_picked":["Flying Knee+1","Underhanded Strike"],"picked":"Blade Dance+1","floor":38},{"not_picked":["Underhanded Strike+1","Distraction+1"],"picked":"Finisher+1","floor":39},{"not_picked":["Flying Knee","Distraction+1"],"picked":"Blade Dance+1","floor":42},{"not_picked":["Skewer+1","All Out Attack","Expertise+1"],"picked":"SKIP","floor":48}],"player_experience":276155,"relics_obtained":[{"floor":9,"key":"Toxic Egg 2"},{"floor":10,"key":"Kunai"},{"floor":26,"key":"Bottled Lightning"},{"floor":30,"key":"Orichalcum"},{"floor":39,"key":"Dead Branch"},{"floor":43,"key":"Bag of Preparation"}],"event_choices":[{"damage_healed":0,"gold_gain":0,"player_choice":"Upgraded","damage_taken":0,"max_hp_gain":0,"max_hp_loss":0,"event_name":"Upgrade Shrine","floor":3,"gold_loss":0,"cards_upgraded":["Backstab"]},{"damage_healed":0,"gold_gain":0,"player_choice":"Opened","damage_taken":0,"relics_obtained":["The Courier"],"max_hp_gain":0,"max_hp_loss":0,"event_name":"The Mausoleum","floor":20,"gold_loss":0,"cards_obtained":["Writhe"]},{"damage_healed":0,"gold_gain":0,"player_choice":"Gave Potion","damage_taken":0,"relics_obtained":["Dodecahedron"],"max_hp_gain":0,"max_hp_loss":0,"event_name":"WeMeetAgain","floor":21,"gold_loss":0},{"damage_healed":0,"gold_gain":0,"player_choice":"Got Potions","damage_taken":0,"max_hp_gain":0,"max_hp_loss":0,"event_name":"Lab","floor":25,"gold_loss":0},{"damage_healed":0,"gold_gain":0,"player_choice":"1 cards matched","damage_taken":0,"max_hp_gain":0,"max_hp_loss":0,"event_name":"Match and Keep!","floor":36,"gold_loss":0,"cards_obtained":["A Thousand Cuts"]},{"damage_healed":0,"gold_gain":0,"player_choice":"Fight","damage_taken":0,"max_hp_gain":0,"max_hp_loss":0,"event_name":"MindBloom","floor":39,"gold_loss":0},{"damage_healed":18,"gold_gain":0,"player_choice":"Writhe","damage_taken":0,"max_hp_gain":0,"max_hp_loss":0,"event_name":"Winding Halls","floor":41,"gold_loss":0,"cards_obtained":["Writhe"]},{"damage_healed":0,"gold_gain":0,"player_choice":"Ignored","damage_taken":0,"max_hp_gain":0,"max_hp_loss":0,"event_name":"Mysterious Sphere","floor":44,"gold_loss":0}],"is_beta":false,"boss_relics":[{"not_picked":["Runic Pyramid","Coffee Dripper"],"picked":"Ectoplasm"},{"not_picked":["Busted Crown","Astrolabe"],"picked":"Pandora\u0027s Box"}],"items_purged_floors":[],"is_endless":false,"potions_floor_spawned":[1,8,13,14,18,27,31,37,42,45],"ascension_level":0}