{"gold_per_floor":[368,468,27,41,41,41,73,90,138,166,178,178,212,212,212,310,310,322,339,339,339,349,349,380,380,380,305,319,346,19,39,39,144,144,163,0,0,11,21,21],"floor_reached":40,"playtime":3176,"items_purged":["Decay"],"score":630,"play_id":"71c3172b-c644-4670-800b-8a729c685c13","local_time":"20190129000129","is_ascension_mode":true,"campfire_choices":[{"data":"Uppercut","floor":6,"key":"SMITH"},{"floor":15,"key":"REST"},{"data":"True Grit","floor":23,"key":"SMITH"},{"floor":32,"key":"REST"}],"neow_cost":"CURSE","seed_source_timestamp":1734980535114400,"circlet_count":0,"master_deck":["Strike_R","Strike_R","Strike_R","Defend_R","Defend_R","Defend_R","Bash","Headbutt","Rampage+1","Swift Strike+1","Evolve","Uppercut+1","Feel No Pain","Second Wind","Shrug It Off","Shrug It Off","Metallicize","Fiend Fire","Carnage","Headbutt+1","Ghostly Armor+1","True Grit+1","Shockwave+1","Impervious","Cleave+1","Evolve","Barricade"],"relics":["Burning Blood","Tiny Chest","Blood Vial","Anchor","Bag of Marbles","Mark of Pain","Nilry\u0027s Codex","Prayer Wheel","Mango","Ginger","Whetstone","Membership Card","Singing Bowl","Busted Crown","Red Mask"],"potions_floor_usage":[7,10,10,13,33,39,40,40],"damage_taken":[{"damage":4,"enemies":"Jaw Worm","floor":1,"turns":3},{"damage":1,"enemies":"Cultist","floor":4,"turns":3},{"damage":55,"enemies":"3 Sentries","floor":7,"turns":6},{"damage":1,"enemies":"2 Louse","floor":8,"turns":2},{"damage":12,"enemies":"Gremlin Nob","floor":10,"turns":3},{"damage":0,"enemies":"2 Fungi Beasts","floor":11,"turns":3},{"damage":30,"enemies":"Lagavulin","floor":13,"turns":5},{"damage":42,"enemies":"Hexaghost","floor":16,"turns":10},{"damage":7,"enemies":"Spheric Guardian","floor":18,"turns":5},{"damage":0,"enemies":"Chosen","floor":19,"turns":3},{"damage":7,"enemies":"Centurion and Healer","floor":22,"turns":6},{"damage":24,"enemies":"Slavers","floor":24,"turns":6},{"damage":4,"enemies":"3 Cultists","floor":28,"turns":6},{"damage":10,"enemies":"Gremlin Leader","floor":29,"turns":7},{"damage":12,"enemies":"Cultist and Chosen","floor":31,"turns":6},{"damage":62,"enemies":"Automaton","floor":33,"turns":8},{"damage":0,"enemies":"Orb Walker","floor":35,"turns":4},{"damage":11,"enemies":"3 Shapes","floor":38,"turns":6},{"damage":21,"enemies":"Jaw Worm Horde","floor":39,"turns":7},{"damage":93,"enemies":"Giant Head","floor":40,"turns":10}],"seed_played":"2790962739106724644","potions_obtained":[{"floor":4,"key":"LiquidBronze"},{"floor":7,"key":"AttackPotion"},{"floor":8,"key":"PowerPotion"},{"floor":10,"key":"Weak Potion"},{"floor":13,"key":"Dexterity Potion"},{"floor":22,"key":"Energy Potion"},{"floor":29,"key":"PowerPotion"},{"floor":33,"key":"Block Potion"}],"is_trial":false,"path_per_floor":["M","?","$","M","$","R","E","M","T","E","M","?","E","?","R","B",null,"M","M","?","T","M","R","E","?","T","?","M","E","$","M","R","B",null,"M","?","?","M","M","E"],"character_chosen":"IRONCLAD","items_purchased":["Tiny Chest","Rampage","Swift Strike","Evolve","Membership Card","Singing Bowl"],"campfire_rested":2,"item_purchase_floors":[3,3,3,3,30,30],"current_hp_per_floor":[80,80,80,80,80,80,31,38,38,34,42,35,13,39,63,29,67,68,76,60,60,61,61,59,40,40,40,44,42,42,42,72,18,82,94,94,94,95,86,0],"gold":21,"neow_bonus":"TWO_FIFTY_GOLD","is_prod":false,"is_daily":false,"chose_seed":false,"campfire_upgraded":2,"win_rate":0,"timestamp":1548738089,"path_taken":["M","?","?","?","$","R","E","M","T","E","M","?","E","?","R","BOSS","M","M","?","?","M","R","E","?","T","?","?","E","?","M","R","BOSS","M","?","?","?","?","E"],"build_version":"2019-01-23","purchased_purges":1,"victory":false,"max_hp_per_floor":[80,80,80,80,80,80,80,80,80,80,80,80,80,80,80,80,80,80,80,80,80,80,80,94,99,99,99,99,99,99,103,103,103,103,107,107,107,111,115,115],"card_choices":[{"not_picked":["Power Through","Infernal Blade"],"picked":"Headbutt","floor":1},{"not_picked":["Bloodletting","Carnage"],"picked":"Uppercut","floor":4},{"not_picked":["Sword Boomerang","Juggernaut"],"picked":"Feel No Pain","floor":7},{"not_picked":["Cleave","Shrug It Off"],"picked":"Second Wind","floor":8},{"not_picked":["Pummel","Flex"],"picked":"Shrug It Off","floor":10},{"not_picked":["Dual Wield","Perfected Strike"],"picked":"Shrug It Off","floor":11},{"not_picked":["Shrug It Off","Ghostly Armor"],"picked":"Metallicize","floor":13},{"not_picked":["Juggernaut","Demon Form"],"picked":"Fiend Fire","floor":16},{"not_picked":["Entrench","Anger"],"picked":"Carnage","floor":18},{"not_picked":["Reckless Charge","Rage"],"picked":"Headbutt+1","floor":19},{"not_picked":["Clash","Anger+1"],"picked":"Ghostly Armor+1","floor":22},{"not_picked":["Headbutt","Shrug It Off+1"],"picked":"True Grit","floor":22},{"not_picked":["Headbutt","Second Wind"],"picked":"Shockwave+1","floor":24},{"not_picked":["Rage","Pommel Strike"],"picked":"Impervious","floor":28},{"not_picked":["Reckless Charge","Anger"],"picked":"Cleave+1","floor":28},{"not_picked":["Thunderclap","Pommel Strike"],"picked":"Evolve","floor":29},{"not_picked":["True Grit","Body Slam","Clothesline"],"picked":"Singing Bowl","floor":31},{"not_picked":["True Grit","Ghostly Armor","Perfected Strike"],"picked":"Singing Bowl","floor":31},{"not_picked":["Fiend Fire","Exhume"],"picked":"Barricade","floor":33},{"not_picked":["Reckless Charge+1"],"picked":"Singing Bowl","floor":35},{"not_picked":["Heavy Blade"],"picked":"Singing Bowl","floor":35},{"not_picked":["Clash"],"picked":"Singing Bowl","floor":38},{"not_picked":["Twin Strike"],"picked":"Singing Bowl","floor":38},{"not_picked":["Dropkick+1"],"picked":"Singing Bowl","floor":39},{"not_picked":["Flex"],"picked":"Singing Bowl","floor":39}],"player_experience":290508,"relics_obtained":[{"floor":7,"key":"Blood Vial"},{"floor":10,"key":"Anchor"},{"floor":13,"key":"Bag of Marbles"},{"floor":20,"key":"Nilry\u0027s Codex"},{"floor":21,"key":"Prayer Wheel"},{"floor":24,"key":"Mango"},{"floor":26,"key":"Ginger"},{"floor":29,"key":"Whetstone"}],"event_choices":[{"damage_healed":0,"gold_gain":100,"player_choice":"Pray","damage_taken":0,"max_hp_gain":0,"max_hp_loss":0,"event_name":"Golden Shrine","floor":2,"gold_loss":0},{"cards_removed":["Defend_R"],"damage_healed":0,"gold_gain":0,"player_choice":"Card Removal","damage_taken":7,"max_hp_gain":0,"max_hp_loss":0,"event_name":"Golden Wing","floor":12,"gold_loss":0},{"damage_healed":26,"gold_gain":0,"player_choice":"Banana","damage_taken":0,"max_hp_gain":0,"max_hp_loss":0,"event_name":"Big Fish","floor":14,"gold_loss":0},{"damage_healed":0,"gold_gain":0,"player_choice":"Obtained Book","damage_taken":16,"max_hp_gain":0,"max_hp_loss":0,"event_name":"Cursed Tome","floor":20,"gold_loss":0},{"damage_healed":0,"gold_gain":0,"player_choice":"Shed Blood","damage_taken":24,"max_hp_gain":5,"max_hp_loss":0,"event_name":"Forgotten Altar","floor":25,"gold_loss":0},{"cards_removed":["Strike_R"],"damage_healed":0,"gold_gain":0,"player_choice":"Gave Gold","damage_taken":0,"max_hp_gain":0,"max_hp_loss":0,"event_name":"Beggar","floor":27,"gold_loss":75},{"damage_healed":0,"gold_gain":0,"player_choice":"Paid","damage_taken":0,"relics_obtained":["Red Mask"],"max_hp_gain":0,"max_hp_loss":0,"event_name":"Tomb of Lord Red Mask","floor":36,"gold_loss":163},{"cards_removed":["Strike_R"],"damage_healed":0,"gold_gain":0,"player_choice":"Purged","damage_taken":0,"max_hp_gain":0,"max_hp_loss":0,"event_name":"Purifier","floor":37,"gold_loss":0}],"is_beta":false,"boss_relics":[{"not_picked":["Calling Bell","Runic Dome"],"picked":"Mark of Pain"},{"not_picked":["Lizard Tail","Runic Cube"],"picked":"Busted Crown"}],"items_purged_floors":[3],"is_endless":false,"potions_floor_spawned":[4,7,8,10,13,22,29,33,38],"killed_by":"Giant Head","ascension_level":5}