{"gold_per_floor":[119,132,144,124,84,110,110,31,31,63,73,33,43,58,58,154,154,171,171],"floor_reached":19,"playtime":662,"items_purged":[],"score":355,"play_id":"079cf07f-8d3d-4022-843d-53f6f7c96dec","local_time":"20181222200847","is_ascension_mode":true,"campfire_choices":[{"floor":7,"key":"REST"},{"data":"Coolheaded","floor":15,"key":"SMITH"}],"neow_cost":"PERCENT_DAMAGE","seed_source_timestamp":185382184160619,"circlet_count":0,"master_deck":["AscendersBane","Strike_B","Strike_B","Strike_B","Strike_B","Defend_B","Defend_B","Defend_B","Defend_B","Zap","Dualcast","Sweeping Beam","White Noise","Compile Driver","Rip and Tear","Coolheaded+1","Storm","Defragment","Cold Snap","Capacitor","Buffer"],"relics":["Cracked Core","Thread and Needle","Mummified Hand","Oddly Smooth Stone","Symbiotic Virus","Busted Crown"],"potions_floor_usage":[6,11,16,19,19],"damage_taken":[{"damage":0,"enemies":"Small Slimes","floor":1,"turns":4},{"damage":0,"enemies":"Cultist","floor":2,"turns":3},{"damage":0,"enemies":"2 Louse","floor":3,"turns":2},{"damage":25,"enemies":"Gremlin Nob","floor":6,"turns":4},{"damage":32,"enemies":"3 Sentries","floor":10,"turns":5},{"damage":0,"enemies":"Gremlin Gang","floor":11,"turns":3},{"damage":6,"enemies":"Lots of Slimes","floor":13,"turns":3},{"damage":0,"enemies":"Exordium Wildlife","floor":14,"turns":3},{"damage":0,"enemies":"Hexaghost","floor":16,"turns":7},{"damage":23,"enemies":"2 Thieves","floor":18,"turns":4},{"damage":17,"enemies":"Colosseum Slavers","floor":19,"turns":4},{"damage":25,"enemies":"Colosseum Nobs","floor":19,"turns":3}],"seed_played":"-5692405558362553384","potions_obtained":[{"floor":2,"key":"Energy Potion"},{"floor":4,"key":"SkillPotion"},{"floor":13,"key":"FocusPotion"},{"floor":14,"key":"AttackPotion"},{"floor":16,"key":"Explosive Potion"},{"floor":18,"key":"PowerPotion"}],"is_trial":false,"path_per_floor":["M","M","M","?","$","E","R","$","T","E","M","$","M","M","R","B",null,"M","?"],"character_chosen":"DEFECT","items_purchased":["Rip and Tear","Storm","Capacitor"],"campfire_rested":1,"item_purchase_floors":[5,8,12],"current_hp_per_floor":[50,50,50,50,50,25,47,47,47,15,15,15,9,9,9,9,59,36,0],"gold":171,"neow_bonus":"ONE_RARE_RELIC","is_prod":false,"is_daily":false,"chose_seed":false,"campfire_upgraded":1,"win_rate":0,"timestamp":1545527327,"path_taken":["M","M","M","?","$","E","R","$","T","E","M","?","M","M","R","BOSS","M","?"],"build_version":"2018-12-20","purchased_purges":0,"victory":false,"max_hp_per_floor":[75,75,75,75,75,75,75,75,75,75,75,75,75,75,75,75,75,75,75],"card_choices":[{"not_picked":["Redo","Double Energy"],"picked":"Sweeping Beam","floor":1},{"not_picked":["Steam","Conserve Battery"],"picked":"White Noise","floor":2},{"not_picked":["Beam Cell","Cold Snap"],"picked":"Compile Driver","floor":3},{"not_picked":["Go for the Eyes","Redo"],"picked":"Coolheaded","floor":6},{"not_picked":["Beam Cell","Force Field"],"picked":"Defragment","floor":10},{"not_picked":["Streamline","Go for the Eyes"],"picked":"Cold Snap","floor":11},{"not_picked":["Beam Cell","Streamline","Steam"],"picked":"SKIP","floor":13},{"not_picked":["Chaos","Stack","Cold Snap"],"picked":"SKIP","floor":14},{"not_picked":["Creative AI","Thunder Strike"],"picked":"Buffer","floor":16},{"not_picked":["Ball Lightning"],"picked":"SKIP","floor":18}],"player_experience":393314,"relics_obtained":[{"floor":6,"key":"Mummified Hand"},{"floor":9,"key":"Oddly Smooth Stone"},{"floor":10,"key":"Symbiotic Virus"}],"event_choices":[{"damage_healed":0,"gold_gain":0,"player_choice":"Bought 1 Potion","damage_taken":0,"max_hp_gain":0,"max_hp_loss":0,"event_name":"The Woman in Blue","floor":4,"gold_loss":0},{"damage_healed":0,"gold_gain":0,"player_choice":"Fight","damage_taken":0,"max_hp_gain":0,"max_hp_loss":0,"event_name":"Colosseum","floor":19,"gold_loss":0},{"damage_healed":0,"gold_gain":0,"player_choice":"Fought Nobs","damage_taken":0,"max_hp_gain":0,"max_hp_loss":0,"event_name":"Colosseum","floor":19,"gold_loss":0}],"is_beta":false,"boss_relics":[{"not_picked":["Tiny House","Coffee Dripper"],"picked":"Busted Crown"}],"items_purged_floors":[],"is_endless":false,"potions_floor_spawned":[2,13,14,16,18,19],"killed_by":"Colosseum Nobs","ascension_level":11}