{"gold_per_floor":[116,116,135,65,15,43,43,70,70,90,90,90,90,119,119,223,223,233,233,68,79,93,93,93,93,93,93,103,134,134,153,153,251,251,264,95,95,112,130,130,130,130,130,130,162,162],"floor_reached":46,"playtime":2531,"items_purged":["Strike_B"],"score":747,"play_id":"304ff0e4-5a86-4507-9000-8c5e24a68ff6","local_time":"20190205221445","is_ascension_mode":true,"campfire_choices":[{"data":"Sunder","floor":7.0,"key":"SMITH"},{"floor":11.0,"key":"REST"},{"data":"Zap","floor":13.0,"key":"SMITH"},{"floor":15.0,"key":"REST"},{"data":"Apotheosis","floor":23,"key":"SMITH"},{"data":"Fission","floor":25,"key":"SMITH"},{"floor":27,"key":"REST"},{"floor":30,"key":"RECALL"},{"floor":32,"key":"REST"},{"floor":40,"key":"REST"}],"neow_cost":"TEN_PERCENT_HP_LOSS","seed_source_timestamp":0,"circlet_count":0,"master_deck":["AscendersBane","Strike_B","Strike_B+1","Defend_B","Defend_B","Defend_B+1","Defend_B","Zap+1","Dualcast","Thinking Ahead","Dramatic Entrance","Hologram","White Noise","Sunder+1","Coolheaded","Electrodynamics","Capacitor+1","Cold Snap","Fission+1","Conserve Battery+1","Apotheosis+1","Ball Lightning+1","Compile Driver","RitualDagger","Chill","Coolheaded","Go for the Eyes","Core Surge","Bandage Up","Cold Snap+1","Parasite","Beam Cell+1","Flash of Steel","Sunder+1"],"special_seed":0,"relics":["Cracked Core","FaceOfCleric","Mercury Hourglass","Strawberry","Frozen Egg 2","PreservedInsect","Nuclear Battery","Vajra","Snecko Eye","Sundial","Centennial Puzzle"],"potions_floor_usage":[28,33,33,46],"damage_taken":[{"damage":1.0,"enemies":"Cultist","floor":1.0,"turns":4.0},{"damage":2.0,"enemies":"Jaw Worm","floor":3.0,"turns":3.0},{"damage":12.0,"enemies":"Gremlin Nob","floor":6.0,"turns":3.0},{"damage":26.0,"enemies":"Lagavulin","floor":8.0,"turns":7.0},{"damage":3.0,"enemies":"2 Louse","floor":10.0,"turns":2.0},{"damage":16.0,"enemies":"Gremlin Nob","floor":14.0,"turns":4.0},{"damage":37.0,"enemies":"The Guardian","floor":16.0,"turns":11.0},{"damage":0.0,"enemies":"3 Byrds","floor":18.0,"turns":2.0},{"damage":2.0,"enemies":"Chosen","floor":21.0,"turns":4.0},{"damage":9.0,"enemies":"Centurion and Healer","floor":22.0,"turns":4.0},{"damage":14,"enemies":"Snake Plant","floor":28,"turns":3},{"damage":12,"enemies":"Slavers","floor":29,"turns":3},{"damage":0,"enemies":"3 Cultists","floor":31,"turns":2},{"damage":23,"enemies":"Champ","floor":33,"turns":10},{"damage":17,"enemies":"Orb Walker","floor":35,"turns":3},{"damage":12,"enemies":"3 Darklings","floor":38,"turns":4},{"damage":46,"enemies":"Writhing Mass","floor":39,"turns":6},{"damage":34,"enemies":"Reptomancer","floor":45,"turns":4},{"damage":9,"enemies":"Spire Growth","floor":46,"turns":1}],"seed_played":"7713684785203375393","potions_obtained":[{"floor":1.0,"key":"PowerPotion"},{"floor":6.0,"key":"SpeedPotion"},{"floor":8.0,"key":"Energy Potion"},{"floor":16.0,"key":"Explosive Potion"},{"floor":19.0,"key":"Poison Potion"},{"floor":19.0,"key":"FearPotion"},{"floor":29,"key":"AttackPotion"},{"floor":31,"key":"FocusPotion"},{"floor":45,"key":"Strength Potion"}],"is_trial":false,"path_per_floor":["M","?","M","$","?","E","R","E","T","M","R","?","R","E","R","B",null,"M","?","$","M","M","R","?","R","T","R","M","E","R","M","R","B",null,"M","$","?","M","M","R","?","?","T","?","E","M"],"character_chosen":"DEFECT","items_purchased":["Sunder","Apotheosis","Bandage Up"],"campfire_rested":5,"item_purchase_floors":[4,20,36],"current_hp_per_floor":[67,67,66,66,66,55,55,37,37,35,58,42,42,27,51,15,65,66,66,66,65,57,57,51,51,51,76,63,52,52,53,79,57,80,64,64,64,53,8,34,34,34,34,34,5,0],"gold":162,"neow_bonus":"RANDOM_COLORLESS_2","is_prod":false,"is_daily":false,"chose_seed":false,"campfire_upgraded":4,"win_rate":0,"timestamp":1549422885,"path_taken":["M","?","M","?","?","E","R","E","T","M","R","?","R","E","R","BOSS","M","?","$","?","M","R","?","R","T","R","M","E","R","M","R","BOSS","M","$","?","M","M","R","?","?","T","?","E","M"],"build_version":"2019-01-23","purchased_purges":1,"victory":false,"max_hp_per_floor":[68,68,69,69,69,70,70,78,78,79,79,79,79,80,80,81,81,82,82,82,83,84,84,84,84,84,84,85,86,86,87,87,88,88,89,89,85,86,87,87,87,87,87,87,88,88],"card_choices":[{"not_picked":["Blizzard","Doom and Gloom"],"picked":"Hologram","floor":1.0},{"not_picked":["Steam","Leap"],"picked":"White Noise","floor":3.0},{"not_picked":["Skim","Force Field"],"picked":"Coolheaded","floor":6.0},{"not_picked":["Compile Driver","Beam Cell"],"picked":"Electrodynamics","floor":8.0},{"not_picked":["Undo","Barrage"],"picked":"Capacitor+1","floor":10.0},{"not_picked":["Coolheaded","Auto Shields"],"picked":"Cold Snap","floor":14.0},{"not_picked":["Rainbow","Thunder Strike"],"picked":"Fission","floor":16.0},{"not_picked":["Cold Snap+1","Hologram"],"picked":"Conserve Battery+1","floor":18.0},{"not_picked":["Static Discharge+1","Reinforced Body"],"picked":"Ball Lightning+1","floor":21.0},{"not_picked":["Ball Lightning","Beam Cell+1"],"picked":"Compile Driver","floor":22.0},{"not_picked":["Barrage","Redo"],"picked":"Chill","floor":28},{"not_picked":["Streamline","Aggregate"],"picked":"Coolheaded","floor":29},{"not_picked":["Aggregate+1","Machine Learning+1"],"picked":"Go for the Eyes","floor":31},{"not_picked":["Rainbow","Multi-Cast"],"picked":"Core Surge","floor":33},{"not_picked":["Blizzard","Tempest","Hologram+1"],"picked":"SKIP","floor":35},{"not_picked":["Compile Driver","Steam Power"],"picked":"Cold Snap+1","floor":38},{"not_picked":["Loop+1","Fusion"],"picked":"Beam Cell+1","floor":39},{"not_picked":["Trip","Impatience"],"picked":"Flash of Steel","floor":42},{"not_picked":["Barrage+1","Fusion+1","Redo"],"picked":"SKIP","floor":45}],"player_experience":868826,"relics_obtained":[{"floor":6.0,"key":"Mercury Hourglass"},{"floor":8.0,"key":"Strawberry"},{"floor":9.0,"key":"Frozen Egg 2"},{"floor":14.0,"key":"PreservedInsect"},{"floor":29,"key":"Vajra"},{"floor":43,"key":"Sundial"},{"floor":45,"key":"Centennial Puzzle"}],"event_choices":[{"damage_healed":0.0,"max_hp_gain":0.0,"max_hp_loss":0.0,"gold_gain":0.0,"event_name":"FaceTrader","player_choice":"Trade","floor":2.0,"gold_loss":0.0,"damage_taken":0.0,"relics_obtained":["FaceOfCleric"]},{"cards_removed":["Strike_B"],"damage_healed":0.0,"max_hp_gain":0.0,"max_hp_loss":0.0,"gold_gain":0.0,"event_name":"The Cleric","player_choice":"Card Removal","floor":5.0,"gold_loss":50.0,"damage_taken":0.0},{"damage_healed":0.0,"max_hp_gain":0.0,"max_hp_loss":0.0,"gold_gain":0.0,"event_name":"Shining Light","player_choice":"Entered Light","floor":12.0,"gold_loss":0.0,"damage_taken":16.0,"cards_upgraded":["Defend_B","Strike_B"]},{"damage_healed":0.0,"max_hp_gain":0.0,"max_hp_loss":0.0,"gold_gain":0.0,"event_name":"Lab","player_choice":"Got Potions","floor":19.0,"gold_loss":0.0,"damage_taken":0.0},{"damage_healed":0,"gold_gain":0,"player_choice":"Joined the Cult","damage_taken":6,"max_hp_gain":0,"max_hp_loss":0,"event_name":"Nest","floor":24,"gold_loss":0,"cards_obtained":["RitualDagger"]},{"damage_healed":0,"gold_gain":0,"player_choice":"Max HP","damage_taken":0,"max_hp_gain":0,"max_hp_loss":4,"event_name":"Winding Halls","floor":37,"gold_loss":0},{"damage_healed":0,"gold_gain":0,"player_choice":"Ignored","damage_taken":0,"max_hp_gain":0,"max_hp_loss":0,"event_name":"Mysterious Sphere","floor":41,"gold_loss":0},{"damage_healed":0,"gold_gain":0,"player_choice":"Memory 1","damage_taken":0,"max_hp_gain":0,"max_hp_loss":0,"event_name":"SensoryStone","floor":42,"gold_loss":0},{"damage_healed":0,"gold_gain":0,"player_choice":"Copied","damage_taken":0,"max_hp_gain":0,"max_hp_loss":0,"event_name":"Duplicator","floor":44,"gold_loss":0,"cards_obtained":["Sunder"]}],"is_beta":false,"boss_relics":[{"not_picked":["Calling Bell","Coffee Dripper"],"picked":"Nuclear Battery"},{"not_picked":["Astrolabe","Lizard Tail"],"picked":"Snecko Eye"}],"items_purged_floors":[36],"is_endless":false,"potions_floor_spawned":[1,6,8,16,21,29,31,45],"killed_by":"Spire Growth","ascension_level":11}