{"gold_per_floor":[115,39,39,53,66,66,81,81,81,81,108,127,202,45,45,140,140,152,132,6,16,30,30,50,50,50,80,98,98,112,137,137,236,236,252,272,272,272,79,79,0,10,34,34,34,34,53,66,66,66,66,66,66,100,100],"floor_reached":56,"playtime":2631,"items_purged":["Strike_B"],"score":1212,"play_id":"e7f7d019-d942-4886-a550-0a6fc5796317","local_time":"20190116190159","is_ascension_mode":false,"campfire_choices":[{"data":"Zap","floor":6,"key":"SMITH"},{"data":"Barrage","floor":8,"key":"SMITH"},{"data":"Static Discharge","floor":15,"key":"SMITH"},{"data":"Capacitor","floor":23,"key":"SMITH"},{"data":"Consume","floor":25,"key":"SMITH"},{"data":"Loop","floor":29,"key":"SMITH"},{"floor":32,"key":"RECALL"},{"data":"Thunder Strike","floor":40,"key":"SMITH"},{"data":"Biased Cognition","floor":44,"key":"SMITH"},{"data":"Rainbow","floor":46,"key":"SMITH"},{"data":"Seek","floor":49,"key":"SMITH"},{"data":"Hologram","floor":52,"key":"SMITH"}],"neow_cost":"TEN_PERCENT_HP_LOSS","seed_source_timestamp":195981346064299,"circlet_count":0,"master_deck":["Strike_B","Strike_B","Defend_B","Defend_B","Defend_B","Defend_B","Zap+1","Dualcast","Static Discharge+1","Self Repair","Conserve Battery","Barrage+1","Rainbow+1","Coolheaded","Go for the Eyes","Capacitor+1","Echo Form","Cold Snap","Go for the Eyes","Hologram+1","Coolheaded","Stack+1","Loop+1","Cold Snap","Consume+1","Loop+1","Ball Lightning","Biased Cognition+1","Cold Snap+1","Self Repair","Thunder Strike+1","Core Surge","Barrage+1","Madness","Madness","Glacier","Seek+1","Static Discharge+1"],"relics":["Cracked Core","Bird Faced Urn","Question Card","Mercury Hourglass","Art of War","Orrery","Gremlin Horn","Pantograph","Philosopher\u0027s Stone","OrangePellets","Red Mask","Bag of Marbles","Centennial Puzzle"],"potions_floor_usage":[27,27,42,54,55,55,55],"damage_taken":[{"damage":5,"enemies":"Small Slimes","floor":1,"turns":3},{"damage":1,"enemies":"Cultist","floor":4,"turns":4},{"damage":7,"enemies":"2 Louse","floor":5,"turns":3},{"damage":10,"enemies":"Exordium Wildlife","floor":7,"turns":3},{"damage":28,"enemies":"Gremlin Nob","floor":11,"turns":4},{"damage":13,"enemies":"Exordium Thugs","floor":12,"turns":3},{"damage":6,"enemies":"Hexaghost","floor":16,"turns":7},{"damage":1,"enemies":"Spheric Guardian","floor":18,"turns":3},{"damage":12,"enemies":"3 Byrds","floor":21,"turns":4},{"damage":14,"enemies":"Shelled Parasite and Fungi","floor":22,"turns":8},{"damage":21,"enemies":"Snake Plant","floor":24,"turns":2},{"damage":33,"enemies":"Slavers","floor":27,"turns":5},{"damage":15,"enemies":"Centurion and Healer","floor":28,"turns":6},{"damage":10,"enemies":"Sentry and Sphere","floor":30,"turns":6},{"damage":23,"enemies":"Gremlin Leader","floor":31,"turns":5},{"damage":37,"enemies":"Collector","floor":33,"turns":9},{"damage":46,"enemies":"3 Darklings","floor":35,"turns":6},{"damage":18,"enemies":"Orb Walker","floor":36,"turns":4},{"damage":16,"enemies":"Maw","floor":42,"turns":7},{"damage":11,"enemies":"Spire Growth","floor":47,"turns":5},{"damage":22,"enemies":"3 Darklings","floor":48,"turns":5},{"damage":21,"enemies":"Time Eater","floor":50,"turns":13},{"damage":61,"enemies":"Shield and Spear","floor":54,"turns":13},{"damage":52,"enemies":"The Heart","floor":55,"turns":9}],"seed_played":"-742713645856172785","potions_obtained":[{"floor":1,"key":"EssenceOfSteel"},{"floor":11,"key":"Poison Potion"},{"floor":12,"key":"EssenceOfSteel"},{"floor":19,"key":"Block Potion"},{"floor":22,"key":"PowerPotion"},{"floor":28,"key":"SpeedPotion"},{"floor":30,"key":"Fire Potion"},{"floor":31,"key":"Weak Potion"},{"floor":42,"key":"Dexterity Potion"},{"floor":54,"key":"Poison Potion"}],"is_trial":false,"path_per_floor":["M","$","?","M","M","R","M","R","T","T","E","M","?","$","R","B",null,"M","?","$","M","M","R","M","R","T","E","M","R","M","E","R","B",null,"M","M","?","?","$","R","?","M","T","R","$","R","M","M","R","B",null,"R","$","E","B",null],"character_chosen":"DEFECT","items_purchased":["Self Repair","Capacitor","Loop","Cold Snap","OrangePellets"],"campfire_rested":0,"item_purchase_floors":[2,14,20,20,39],"current_hp_per_floor":[63,63,63,68,68,68,58,58,58,58,41,37,26,26,26,33,68,67,67,67,60,67,67,49,49,49,22,22,22,23,30,30,46,68,42,52,43,43,43,43,43,68,68,68,68,68,68,67,67,64,68,68,68,57,27],"gold":100,"neow_bonus":"ONE_RARE_RELIC","is_prod":false,"is_daily":false,"chose_seed":false,"campfire_upgraded":11,"win_rate":0,"timestamp":1547632919,"path_taken":["M","$","?","?","?","R","M","R","T","?","E","M","?","?","R","BOSS","M","?","$","M","M","R","M","R","T","E","M","R","M","E","R","BOSS","M","?","?","?","$","R","?","M","T","R","?","R","M","?","R","BOSS","R","$","E","BOSS"],"build_version":"2019-01-10","purchased_purges":1,"victory":true,"max_hp_per_floor":[68,68,68,68,68,68,68,68,68,68,68,68,68,68,68,68,68,68,68,68,68,68,68,68,68,68,68,68,68,68,68,68,68,68,68,68,68,68,68,68,68,68,68,68,68,68,68,68,68,68,68,68,68,68,68],"card_choices":[{"not_picked":["Skim","Rebound"],"picked":"Static Discharge","floor":1},{"not_picked":["Leap","Recycle"],"picked":"Conserve Battery","floor":4},{"not_picked":["Gash","Stack"],"picked":"Barrage","floor":5},{"not_picked":["Sweeping Beam","Steam"],"picked":"Rainbow","floor":7},{"not_picked":["Redo","Thunder Strike","Chaos"],"picked":"Coolheaded","floor":11},{"not_picked":["Redo","Sunder","Turbo"],"picked":"Go for the Eyes","floor":12},{"not_picked":["Multi-Cast","Seek","Machine Learning"],"picked":"Echo Form","floor":16},{"not_picked":["Recycle","Sweeping Beam","Undo"],"picked":"Cold Snap","floor":17},{"not_picked":["Redo","Chaos","Leap"],"picked":"Go for the Eyes","floor":17},{"not_picked":["Go for the Eyes","Steam Power","Turbo"],"picked":"Hologram","floor":17},{"not_picked":["Go for the Eyes","Undo","Lockon"],"picked":"Coolheaded","floor":17},{"not_picked":["Go for the Eyes","Redo+1","Hologram"],"picked":"Stack+1","floor":18},{"not_picked":["Redo","Recycle","Glacier"],"picked":"Consume","floor":21},{"not_picked":["Go for the Eyes","Sweeping Beam","Hyperbeam"],"picked":"Loop+1","floor":22},{"not_picked":["Storm+1","Darkness","Undo"],"picked":"Ball Lightning","floor":24},{"not_picked":["Hologram","Gash","Leap"],"picked":"Biased Cognition","floor":27},{"not_picked":["Sunder","Rebound+1","Redo"],"picked":"Cold Snap+1","floor":28},{"not_picked":["Ball Lightning","Hologram+1","Beam Cell+1"],"picked":"Self Repair","floor":30},{"not_picked":["Auto Shields+1","Hello World","Streamline+1"],"picked":"Thunder Strike","floor":31},{"not_picked":["Seek","Buffer","Machine Learning"],"picked":"Core Surge","floor":33},{"not_picked":["Auto Shields+1","Undo","Darkness"],"picked":"Barrage+1","floor":35},{"not_picked":["Compile Driver","Undo+1","White Noise","Blizzard"],"picked":"SKIP","floor":36},{"not_picked":["BootSequence","Sweeping Beam","Go for the Eyes"],"picked":"Glacier","floor":42},{"not_picked":["Consume+1","Auto Shields","Compile Driver+1"],"picked":"Seek","floor":47},{"not_picked":["Darkness+1","Sweeping Beam+1","Streamline+1","Gash+1"],"picked":"SKIP","floor":48},{"not_picked":["Fusion+1","Steam Power+1","Consume+1"],"picked":"Static Discharge+1","floor":54}],"player_experience":834981,"relics_obtained":[{"floor":9,"key":"Question Card"},{"floor":10,"key":"Mercury Hourglass"},{"floor":11,"key":"Art of War"},{"floor":27,"key":"Gremlin Horn"},{"floor":31,"key":"Pantograph"},{"floor":43,"key":"Bag of Marbles"},{"floor":54,"key":"Centennial Puzzle"}],"event_choices":[{"damage_healed":0,"gold_gain":0,"player_choice":"0 cards matched","damage_taken":0,"max_hp_gain":0,"max_hp_loss":0,"event_name":"Match and Keep!","floor":3,"gold_loss":0,"cards_obtained":[]},{"damage_healed":0,"gold_gain":75,"player_choice":"Gather Gold","damage_taken":11,"max_hp_gain":0,"max_hp_loss":0,"event_name":"World of Goop","floor":13,"gold_loss":0},{"damage_healed":0,"gold_gain":0,"player_choice":"Bought 1 Potion","damage_taken":0,"max_hp_gain":0,"max_hp_loss":0,"event_name":"The Woman in Blue","floor":19,"gold_loss":0},{"damage_healed":0,"gold_gain":0,"player_choice":"Embrace Madness","damage_taken":9,"max_hp_gain":0,"max_hp_loss":0,"event_name":"Winding Halls","floor":37,"gold_loss":0,"cards_obtained":["Madness","Madness"]},{"cards_removed":["Strike_B"],"damage_healed":0,"gold_gain":0,"player_choice":"Removed Attack","damage_taken":0,"max_hp_gain":0,"max_hp_loss":0,"event_name":"Falling","floor":38,"gold_loss":0},{"damage_healed":0,"gold_gain":0,"player_choice":"Paid","damage_taken":0,"relics_obtained":["Red Mask"],"max_hp_gain":0,"max_hp_loss":0,"event_name":"Tomb of Lord Red Mask","floor":41,"gold_loss":79}],"is_beta":false,"boss_relics":[{"not_picked":["Eternal Feather","Tiny House"],"picked":"Orrery"},{"not_picked":["Pandora\u0027s Box","White Beast Statue"],"picked":"Philosopher\u0027s Stone"}],"items_purged_floors":[14],"is_endless":false,"potions_floor_spawned":[1,11,12,22,28,30,31,33,35,42,48,54],"ascension_level":0}