{"gold_per_floor":[114,193,193,208,223,223,253,97,97,97,73,73,73,88,88,208,208,223,238,238,238,253,253,253],"floor_reached":24,"playtime":9617,"items_purged":[],"score":194,"play_id":"89f9e1e1-8eee-404a-b75f-e85882f0cb3b","local_time":"20181122091801","daily_mods":["Draft","Diverse","Lethality"],"is_ascension_mode":false,"campfire_choices":[{"data":"Noxious Fumes","floor":6,"key":"SMITH"},{"data":"Go for the Eyes","floor":12,"key":"SMITH"},{"floor":15,"key":"REST"},{"floor":23,"key":"REST"}],"neow_cost":"","seed_source_timestamp":341064312738370,"circlet_count":0,"master_deck":["Ball Lightning","Flex","True Grit+1","Hologram","Conserve Battery","Anger","Heavy Blade","PiercingWail","Rampage","Beam Cell","Gash","Leap","Ball Lightning","Go for the Eyes+1","Ball Lightning","Noxious Fumes+1","Backstab","Evolve","Jack Of All Trades+1","Backflip+1","Armaments+1","Juggernaut","Defragment","Underhanded Strike","Crippling Poison+1"],"special_seed":17857,"relics":["Cracked Core","Toxic Egg 2","Juzu Bracelet","Meat on the Bone","Snecko Eye"],"potions_floor_usage":[7,22,24,24,24,24,24],"damage_taken":[{"damage":0,"enemies":"Small Slimes","floor":1,"turns":2},{"damage":0,"enemies":"2 Louse","floor":4,"turns":2},{"damage":1,"enemies":"Jaw Worm","floor":5,"turns":2},{"damage":12,"enemies":"Lagavulin","floor":7,"turns":4},{"damage":0,"enemies":"3 Louse","floor":14,"turns":1},{"damage":7,"enemies":"The Guardian","floor":16,"turns":8},{"damage":20,"enemies":"Chosen","floor":18,"turns":4},{"damage":13,"enemies":"2 Thieves","floor":19,"turns":3},{"damage":0,"enemies":"Shelled Parasite and Fungi","floor":22,"turns":2},{"damage":76,"enemies":"Slavers","floor":24,"turns":3}],"seed_played":"8592410561029907651","potions_obtained":[{"floor":1,"key":"PowerPotion"},{"floor":16,"key":"AttackPotion"},{"floor":18,"key":"Strength Potion"},{"floor":21,"key":"EntropicBrew"}],"is_trial":false,"path_per_floor":["M","?","?","M","M","R","E","$","T","?","$","R","T","M","R","B",null,"M","M","?","?","M","R","E"],"character_chosen":"DEFECT","items_purchased":["Evolve","Jack Of All Trades+1","Backflip+1"],"campfire_rested":2,"item_purchase_floors":[8,8,11],"current_hp_per_floor":[75,75,80,80,79,79,67,67,67,67,67,67,67,67,80,73,80,60,47,47,47,47,71,0],"gold":253,"neow_bonus":"","is_prod":false,"is_daily":true,"chose_seed":false,"campfire_upgraded":2,"win_rate":0,"timestamp":1542896281,"path_taken":["M","?","?","M","?","R","E","$","T","?","$","R","?","M","R","BOSS","M","M","?","?","M","R","E"],"build_version":"2018-11-15","purchased_purges":0,"victory":false,"max_hp_per_floor":[75,75,80,80,80,80,80,80,80,80,80,80,80,80,80,80,80,80,80,80,80,80,80,80],"card_choices":[{"not_picked":["Backstab","Chill"],"picked":"Ball Lightning","floor":0},{"not_picked":["Deflect","Rage"],"picked":"Flex","floor":0},{"not_picked":["Pommel Strike","Clash"],"picked":"True Grit","floor":0},{"not_picked":["Dagger Spray","Heavy Blade"],"picked":"Hologram","floor":0},{"not_picked":["Steam","Doom and Gloom"],"picked":"Conserve Battery","floor":0},{"not_picked":["Darkness","Sweeping Beam"],"picked":"Anger","floor":0},{"not_picked":["Warcry","Aggregate"],"picked":"Heavy Blade","floor":0},{"not_picked":["Gash","Riddle With Holes"],"picked":"PiercingWail","floor":0},{"not_picked":["Deadly Poison","Wild Strike"],"picked":"Rampage","floor":0},{"not_picked":["Conserve Battery","Sweeping Beam"],"picked":"Go for the Eyes","floor":0},{"not_picked":["Sword Boomerang","Choke"],"picked":"Beam Cell","floor":0},{"not_picked":["Heel Hook","Choke"],"picked":"Gash","floor":0},{"not_picked":["Entrench","Havoc"],"picked":"Leap","floor":0},{"not_picked":["Well Laid Plans","Eviscerate"],"picked":"Ball Lightning","floor":0},{"not_picked":["Dual Wield","Wild Strike"],"picked":"Go for the Eyes","floor":0},{"not_picked":["Flechettes","Cleave"],"picked":"Ball Lightning","floor":1},{"not_picked":["Entrench","Sword Boomerang"],"picked":"Noxious Fumes","floor":4},{"not_picked":["Turbo","Accuracy","Sword Boomerang"],"picked":"SKIP","floor":5},{"not_picked":["Second Wind","Choke"],"picked":"Backstab","floor":7},{"not_picked":["Backstab","Burst+1"],"picked":"Armaments+1","floor":14},{"not_picked":["Bullet Time+1","Fiend Fire"],"picked":"Juggernaut","floor":16},{"not_picked":["Body Slam","PiercingWail+1","Underhanded Strike"],"picked":"SKIP","floor":18},{"not_picked":["Finisher","Stack+1"],"picked":"Defragment","floor":19},{"not_picked":["Choke","Quick Slash"],"picked":"Crippling Poison+1","floor":22}],"player_experience":586554,"relics_obtained":[{"floor":7,"key":"Toxic Egg 2"},{"floor":9,"key":"Juzu Bracelet"},{"floor":13,"key":"Meat on the Bone"}],"event_choices":[{"damage_healed":0,"gold_gain":79,"player_choice":"Gained Gold","damage_taken":0,"max_hp_gain":0,"max_hp_loss":0,"event_name":"Golden Wing","floor":2,"gold_loss":0},{"damage_healed":0,"gold_gain":0,"player_choice":"Donut","damage_taken":0,"max_hp_gain":5,"max_hp_loss":0,"event_name":"Big Fish","floor":3,"gold_loss":0},{"damage_healed":0,"gold_gain":0,"player_choice":"Grow","damage_taken":0,"max_hp_gain":0,"max_hp_loss":0,"event_name":"Living Wall","floor":10,"gold_loss":0,"cards_upgraded":["True Grit"]},{"damage_healed":0,"gold_gain":0,"cards_transformed":["Go for the Eyes"],"player_choice":"Transformed","damage_taken":0,"max_hp_gain":0,"max_hp_loss":0,"event_name":"Transmorgrifier","floor":20,"gold_loss":0,"cards_obtained":["Underhanded Strike"]},{"damage_healed":0,"gold_gain":0,"player_choice":"Got Potions","damage_taken":0,"max_hp_gain":0,"max_hp_loss":0,"event_name":"Lab","floor":21,"gold_loss":0}],"is_beta":false,"boss_relics":[{"not_picked":["Eternal Feather","Philosopher\u0027s Stone"],"picked":"Snecko Eye"}],"items_purged_floors":[],"is_endless":false,"potions_floor_spawned":[1,16,18],"killed_by":"Slavers","ascension_level":0}