{"gold_per_floor":[114,114,129,144,159,159,174,24,49,79,94,94,124,124,124,224,224,239,239,254,254,269,299,349,349,349,349,26,26,1,31,31,131,131,146,161,161,176,191,221,236,236,291,291,291,306,321,336,336,336],"floor_reached":50,"playtime":6172,"items_purged":["Bane"],"score":524,"play_id":"a3d42db2-1dcd-45f2-bb2e-79ed930d478c","local_time":"20180928233115","daily_mods":["Heirloom","Green Cards","Terminal"],"is_ascension_mode":false,"campfire_choices":[{"data":"Zap","floor":6.0,"key":"SMITH"},{"data":"Defragment","floor":12.0,"key":"SMITH"},{"data":"Adrenaline","floor":15.0,"key":"SMITH"},{"floor":25.0,"key":"REST"},{"data":"Loop","floor":27.0,"key":"SMITH"},{"data":"Backflip","floor":29.0,"key":"SMITH"},{"floor":32.0,"key":"REST"},{"floor":42.0,"key":"REST"},{"data":"Escape Plan","floor":44.0,"key":"SMITH"},{"data":"Adrenaline","floor":49,"key":"SMITH"}],"neow_cost":"","seed_source_timestamp":0,"circlet_count":0,"master_deck":["Zap+1","Dualcast+1","Escape Plan","Escape Plan+1","Loop+1","Flying Knee","Scrape","Dodge and Roll","Defragment+1","Adrenaline+1","Adrenaline+1","Sweeping Beam","Underhanded Strike","Outmaneuver","Prepared","Stack","Terror","Streamline+1","Dagger Throw","Cold Snap","Backflip+1","Scrape","Acrobatics","Dodge and Roll","Grand Finale","Footwork+1","Double Energy+1","Melter","Acrobatics+1","Poisoned Stab+1","Backflip+1","Chill+1"],"special_seed":17802,"relics":["Cracked Core","Nunchaku","Boot","Potion Belt","Lantern","Happy Flower","Pandora\u0027s Box","Mercury Hourglass","Dream Catcher","Anchor","Blood Vial","Empty Cage","Pocketwatch","Tiny Chest","Art of War"],"potions_floor_usage":[50],"damage_taken":[{"damage":0.0,"enemies":"Jaw Worm","floor":1.0,"turns":3.0},{"damage":0.0,"enemies":"Cultist","floor":3.0,"turns":3.0},{"damage":0.0,"enemies":"Small Slimes","floor":4.0,"turns":2.0},{"damage":0.0,"enemies":"Exordium Wildlife","floor":5.0,"turns":3.0},{"damage":0.0,"enemies":"2 Fungi Beasts","floor":7.0,"turns":3.0},{"damage":14.0,"enemies":"Lagavulin","floor":10.0,"turns":4.0},{"damage":3.0,"enemies":"Red Slaver","floor":11.0,"turns":3.0},{"damage":13.0,"enemies":"3 Sentries","floor":13.0,"turns":5.0},{"damage":13.0,"enemies":"The Guardian","floor":16.0,"turns":9.0},{"damage":0.0,"enemies":"Spheric Guardian","floor":18.0,"turns":3.0},{"damage":0.0,"enemies":"3 Byrds","floor":20.0,"turns":3.0},{"damage":0.0,"enemies":"Sentry and Sphere","floor":22.0,"turns":4.0},{"damage":18.0,"enemies":"Gremlin Leader","floor":23.0,"turns":4.0},{"damage":12.0,"enemies":"Slavers","floor":31.0,"turns":4.0},{"damage":23.0,"enemies":"Champ","floor":33.0,"turns":10.0},{"damage":4.0,"enemies":"Orb Walker","floor":35.0,"turns":3.0},{"damage":2.0,"enemies":"3 Shapes","floor":36.0,"turns":4.0},{"damage":10.0,"enemies":"Maw","floor":38.0,"turns":7.0},{"damage":9.0,"enemies":"Spire Growth","floor":39.0,"turns":4.0},{"damage":17.0,"enemies":"2 Orb Walkers","floor":40.0,"turns":5.0},{"damage":4.0,"enemies":"Sphere and 2 Shapes","floor":41.0,"turns":3.0},{"damage":7.0,"enemies":"4 Shapes","floor":46.0,"turns":4.0},{"damage":0,"enemies":"4 Shapes","floor":47,"turns":5},{"damage":0,"enemies":"Transient","floor":48,"turns":5},{"damage":25,"enemies":"Time Eater","floor":50,"turns":5}],"seed_played":"-59996080173849364","potions_obtained":[{"floor":1.0,"key":"Strength Potion"},{"floor":4.0,"key":"AttackPotion"},{"floor":7.0,"key":"Regen Potion"},{"floor":10.0,"key":"SkillPotion"},{"floor":11.0,"key":"LiquidBronze"},{"floor":20.0,"key":"FearPotion"},{"floor":21.0,"key":"Weak Potion"},{"floor":21.0,"key":"Strength Potion"},{"floor":21.0,"key":"Block Potion"},{"floor":31.0,"key":"GamblersBrew"},{"floor":33.0,"key":"Regen Potion"},{"floor":38.0,"key":"SteroidPotion"},{"floor":39.0,"key":"GamblersBrew"},{"floor":48,"key":"Poison Potion"}],"is_trial":false,"path_per_floor":["M","?","M","M","M","R","M","$","T","E","M","R","E","?","R","B",null,"M","?","M","?","M","E","?","R","T","R","$","R","$","E","R","B",null,"M","M","?","M","M","E","M","R","T","R","?","T","M","M","R"],"character_chosen":"DEFECT","items_purchased":["Boot","Anchor","Backflip","Scrape","Slice"],"campfire_rested":3,"item_purchase_floors":[8,28,28,28,30],"current_hp_per_floor":[73,72,71,70,69,68,67,66,65,55,52,52,39,59,59,46,57,56,55,54,53,52,34,34,49,48,47,46,45,44,32,42,19,40,36,36,37,27,20,17,15,24,24,24,24,19,21,23,23,0],"gold":336,"neow_bonus":"","is_prod":false,"is_daily":true,"chose_seed":false,"campfire_upgraded":7,"win_rate":0.0,"timestamp":1538191875,"path_taken":["M","?","?","M","M","R","?","?","T","E","M","R","E","?","R","BOSS","M","?","M","?","M","E","?","R","T","R","$","R","$","E","R","BOSS","M","M","?","M","M","E","M","R","T","R","?","?","M","M","R","BOSS"],"build_version":"2018-09-27","purchased_purges":1,"victory":false,"max_hp_per_floor":[73,72,71,70,69,68,67,66,65,64,63,62,61,60,59,58,57,56,55,54,53,52,51,50,49,48,47,46,45,44,43,42,41,40,39,38,37,36,35,34,33,32,31,30,29,28,27,26,25,25],"card_choices":[{"not_picked":["Heel Hook","Outmaneuver"],"picked":"Escape Plan","floor":1.0},{"not_picked":["Underhanded Strike","Stack"],"picked":"Escape Plan","floor":3.0},{"not_picked":["Masterful Stab","Cloak And Dagger"],"picked":"Loop","floor":4.0},{"not_picked":["Skewer","Redo"],"picked":"Flying Knee","floor":5.0},{"not_picked":["Streamline","Cloak And Dagger"],"picked":"Scrape","floor":7.0},{"not_picked":["Self Repair","Darkness"],"picked":"Dodge and Roll","floor":10.0},{"not_picked":["Underhanded Strike","Beam Cell"],"picked":"Defragment","floor":11.0},{"not_picked":["Concentrate","Go for the Eyes"],"picked":"Adrenaline","floor":13.0},{"not_picked":["Creative AI","Reboot"],"picked":"Adrenaline","floor":16.0},{"not_picked":["Deflect+1","Predator+1","Sucker Punch"],"picked":"SKIP","floor":18.0},{"not_picked":["Accuracy","PiercingWail"],"picked":"Streamline+1","floor":20.0},{"not_picked":["Heatsinks","Steam"],"picked":"Dagger Throw","floor":22.0},{"not_picked":["Choke+1","Die Die Die"],"picked":"Cold Snap","floor":23.0},{"not_picked":["Catalyst","Burst"],"picked":"Acrobatics","floor":31.0},{"not_picked":["Slice+1","Infinite Blades+1"],"picked":"Dodge and Roll","floor":32.0},{"not_picked":["Reboot","Multi-Cast"],"picked":"Grand Finale","floor":33.0},{"not_picked":["Melter","Prepared"],"picked":"Footwork+1","floor":35.0},{"not_picked":["Cloak And Dagger+1","Sucker Punch+1"],"picked":"Double Energy+1","floor":36.0},{"not_picked":["Doom and Gloom","Hello World","Cloak And Dagger"],"picked":"SKIP","floor":38.0},{"not_picked":["Cold Snap","PiercingWail"],"picked":"Melter","floor":39.0},{"not_picked":["Prepared","Glass Knife"],"picked":"Acrobatics+1","floor":40.0},{"not_picked":["Rebound+1","Setup+1"],"picked":"Poisoned Stab+1","floor":41.0},{"not_picked":["Prepared+1","Slice"],"picked":"Backflip+1","floor":42.0},{"not_picked":["Dagger Throw+1","Deflect+1","Ball Lightning+1"],"picked":"SKIP","floor":47},{"not_picked":["Steam+1","Underhanded Strike"],"picked":"Chill+1","floor":48}],"player_experience":102442,"relics_obtained":[{"floor":9.0,"key":"Potion Belt"},{"floor":10.0,"key":"Lantern"},{"floor":13.0,"key":"Happy Flower"},{"floor":23.0,"key":"Mercury Hourglass"},{"floor":26.0,"key":"Dream Catcher"},{"floor":31.0,"key":"Blood Vial"},{"floor":40.0,"key":"Pocketwatch"},{"floor":43.0,"key":"Tiny Chest"},{"floor":46,"key":"Art of War"}],"event_choices":[{"event_name":"Living Wall","player_choice":"Grow","floor":2.0,"damage_taken":0.0},{"event_name":"Big Fish","player_choice":"Banana","floor":14.0,"damage_taken":0.0},{"event_name":"Match and Keep!","player_choice":"1 cards matched","floor":19.0,"damage_taken":0.0},{"event_name":"The Lab","player_choice":"Got Potions","floor":21.0,"damage_taken":0.0},{"event_name":"The Joust","player_choice":"Bet on Murderer","floor":24.0,"damage_taken":0.0},{"event_name":"Bonfire Elementals","player_choice":"UNCOMMON","floor":37.0,"damage_taken":0.0},{"event_name":"SensoryStone","player_choice":"Memory 1","floor":45.0,"damage_taken":0.0}],"is_beta":false,"boss_relics":[{"not_picked":["Orrery","Velvet Choker"],"picked":"Pandora\u0027s Box"},{"not_picked":["Sozu","Runic Pyramid"],"picked":"Empty Cage"}],"items_purged_floors":[28],"is_endless":false,"potions_floor_spawned":[1,4,7,10,11,20,31,33,38,39,48],"killed_by":"Time Eater","ascension_level":0}