{"gold_per_floor":[360,360,378,45,63,63,93,93,93,122,122,122,47,60,60,160,160,178,178,193,203,203,229,229,39,39,39,56,82,99,126,126,126],"floor_reached":33,"playtime":2967,"items_purged":["Defend_B"],"score":535,"play_id":"4c133500-328c-4037-b1d1-db72f30d27aa","local_time":"20181104220546","is_ascension_mode":true,"campfire_choices":[{"data":"Zap","floor":6.0,"key":"SMITH"},{"floor":8.0,"key":"REST"},{"floor":12.0,"key":"REST"},{"data":"Dualcast","floor":15.0,"key":"SMITH"},{"data":"Hologram","floor":24.0,"key":"SMITH"},{"data":"Go for the Eyes","floor":27.0,"key":"SMITH"},{"data":"Capacitor","floor":32,"key":"SMITH"}],"neow_cost":"CURSE","seed_source_timestamp":0,"circlet_count":0,"master_deck":["Strike_B","Strike_B","Strike_B","Defend_B","Defend_B","Defend_B","Zap+1","Dualcast+1","Hologram+1","Ball Lightning","Capacitor+1","Glacier","Compile Driver","All For One","Biased Cognition","Go for the Eyes+1","Coolheaded+1","Ghostly","Ghostly","Ghostly+1","Ghostly+1","Ghostly","Chill+1","Leap","Conserve Battery"],"special_seed":0,"relics":["Cracked Core","Symbiotic Virus","Ginger","FossilizedHelix","Odd Mushroom","Coffee Dripper","Vajra","War Paint","Bottled Flame","Lantern","PreservedInsect"],"potions_floor_usage":[33,33,33],"damage_taken":[{"damage":4.0,"enemies":"Small Slimes","floor":1.0,"turns":4.0},{"damage":2.0,"enemies":"Jaw Worm","floor":3.0,"turns":3.0},{"damage":11.0,"enemies":"2 Louse","floor":5.0,"turns":3.0},{"damage":19.0,"enemies":"3 Sentries","floor":7.0,"turns":6.0},{"damage":9.0,"enemies":"The Mushroom Lair","floor":10.0,"turns":4.0},{"damage":0.0,"enemies":"Exordium Thugs","floor":14.0,"turns":3.0},{"damage":31.0,"enemies":"Hexaghost","floor":16.0,"turns":9.0},{"damage":0.0,"enemies":"3 Byrds","floor":18.0,"turns":4.0},{"damage":7.0,"enemies":"2 Thieves","floor":20.0,"turns":3.0},{"damage":6.0,"enemies":"Snake Plant","floor":21.0,"turns":3.0},{"damage":0.0,"enemies":"Slavers","floor":23.0,"turns":6.0},{"damage":0.0,"enemies":"Cultist and Chosen","floor":28.0,"turns":8.0},{"damage":0,"enemies":"Book of Stabbing","floor":29,"turns":5},{"damage":0,"enemies":"Sentry and Sphere","floor":30,"turns":5},{"damage":0,"enemies":"Gremlin Leader","floor":31,"turns":8},{"damage":52,"enemies":"Champ","floor":33,"turns":12}],"seed_played":"-2615857266940895857","potions_obtained":[{"floor":5.0,"key":"Poison Potion"},{"floor":14.0,"key":"Energy Potion"},{"floor":18.0,"key":"Weak Potion"},{"floor":23.0,"key":"Block Potion"},{"floor":28,"key":"Block Potion"}],"is_trial":false,"path_per_floor":["M","?","M","$","M","R","E","R","T","?","?","R","$","M","R","B",null,"M","?","M","M","?","E","R","$","T","R","M","M","E","M","E","R","B"],"character_chosen":"DEFECT","items_purchased":["Symbiotic Virus","Capacitor","War Paint","Leap"],"campfire_rested":2,"item_purchase_floors":[4,4,25,25],"current_hp_per_floor":[64,64,62,62,51,51,32,54,54,45,45,67,67,67,67,36,65,65,65,58,52,37,37,37,37,37,37,37,37,37,37,37,0],"gold":126,"neow_bonus":"TWO_FIFTY_GOLD","is_prod":false,"is_daily":false,"chose_seed":false,"campfire_upgraded":5,"win_rate":0,"timestamp":1541387146,"path_taken":["M","?","M","$","M","R","E","R","T","?","?","R","$","?","R","BOSS","M","?","M","M","?","E","R","$","T","R","M","E","M","E","R","BOSS"],"build_version":"2018-11-01","purchased_purges":1,"victory":false,"max_hp_per_floor":[75,75,75,75,75,75,75,75,75,75,75,75,75,75,75,75,75,75,75,75,75,37,37,37,37,37,37,37,37,37,37,37,37],"card_choices":[{"not_picked":["Stack","Steam"],"picked":"Hologram","floor":1.0},{"not_picked":["Stack","Leap"],"picked":"Ball Lightning","floor":3.0},{"not_picked":["Turbo","Redo"],"picked":"Glacier","floor":5.0},{"not_picked":["Capacitor","Hello World"],"picked":"Compile Driver","floor":7.0},{"not_picked":["Blizzard","Consume"],"picked":"All For One","floor":10.0},{"not_picked":["Blizzard","Steam","Barrage"],"picked":"SKIP","floor":14.0},{"not_picked":["Amplify","Machine Learning"],"picked":"Biased Cognition","floor":16.0},{"not_picked":["Streamline","Sweeping Beam+1","Reprogram"],"picked":"SKIP","floor":18.0},{"not_picked":["Undo","Stack+1"],"picked":"Go for the Eyes","floor":20.0},{"not_picked":["Fusion+1","Streamline"],"picked":"Coolheaded+1","floor":21.0},{"not_picked":["Rip and Tear","Sweeping Beam+1"],"picked":"Chill+1","floor":23.0},{"not_picked":["Sweeping Beam","Compile Driver","Barrage"],"picked":"SKIP","floor":28},{"not_picked":["Beam Cell","Leap","Turbo+1"],"picked":"SKIP","floor":29},{"not_picked":["Scrape","Hello World"],"picked":"Conserve Battery","floor":30},{"not_picked":["Rebound","Multi-Cast","Heatsinks+1"],"picked":"SKIP","floor":31}],"player_experience":468827,"relics_obtained":[{"floor":7.0,"key":"Ginger"},{"floor":9.0,"key":"FossilizedHelix"},{"floor":10.0,"key":"Odd Mushroom"},{"floor":23.0,"key":"Vajra"},{"floor":26.0,"key":"Bottled Flame"},{"floor":29,"key":"Lantern"},{"floor":31,"key":"PreservedInsect"}],"event_choices":[{"cards_removed":["Doubt"],"damage_healed":0.0,"max_hp_gain":0.0,"max_hp_loss":0.0,"gold_gain":0.0,"event_name":"Living Wall","player_choice":"Forget","floor":2.0,"gold_loss":0.0,"damage_taken":0.0},{"damage_healed":0.0,"max_hp_gain":0.0,"max_hp_loss":0.0,"gold_gain":0.0,"event_name":"Mushrooms","player_choice":"Fought Mushrooms","floor":10.0,"gold_loss":0.0,"damage_taken":0.0},{"cards_removed":["Strike_B"],"damage_healed":0.0,"max_hp_gain":0.0,"max_hp_loss":0.0,"gold_gain":0.0,"event_name":"Bonfire Elementals","player_choice":"Offered Basic","floor":11.0,"gold_loss":0.0,"damage_taken":0.0},{"damage_healed":0.0,"max_hp_gain":0.0,"max_hp_loss":0.0,"gold_gain":0.0,"event_name":"Vampires","player_choice":"Ignored","floor":19.0,"gold_loss":0.0,"damage_taken":0.0},{"damage_healed":0.0,"max_hp_gain":0.0,"max_hp_loss":38.0,"gold_gain":0.0,"event_name":"Ghosts","player_choice":"Became a Ghost","floor":22.0,"gold_loss":0.0,"damage_taken":0.0,"cards_obtained":["Ghostly","Ghostly","Ghostly","Ghostly","Ghostly"]}],"is_beta":false,"boss_relics":[{"not_picked":["Black Star","Empty Cage"],"picked":"Coffee Dripper"}],"items_purged_floors":[13],"is_endless":false,"potions_floor_spawned":[5,14,18,23,28,30],"killed_by":"Champ","ascension_level":7}