{"path_per_floor":["M","M","$","M","M","R","?","$","T","?","R","E","R","M","R"],"character_chosen":"DEFECT","items_purchased":[],"gold_per_floor":[116,129,54,65,75,75,75,75,102,102,102,130,130,144,144,144],"floor_reached":16,"campfire_rested":0,"playtime":1108,"item_purchase_floors":[],"current_hp_per_floor":[67,67,67,67,62,62,62,62,62,62,62,41,41,43,43,0],"items_purged":["Strike_B"],"gold":144,"score":100,"play_id":"903391bf-2656-4fb2-a9f5-3e72dc5ae916","local_time":"20180521150414","is_prod":false,"is_daily":false,"chose_seed":false,"is_ascension_mode":false,"campfire_upgraded":4,"timestamp":1526882654,"campfire_choices":[{"data":"Fusion","floor":6,"key":"SMITH"},{"data":"Dualcast","floor":11,"key":"SMITH"},{"data":"Static Discharge","floor":13,"key":"SMITH"},{"data":"Recycle","floor":15,"key":"SMITH"}],"path_taken":["M","M","$","M","M","R","?","$","T","?","R","E","R","M","R","BOSS"],"build_version":"2018-05-18","seed_source_timestamp":13381863962205,"purchased_purges":1,"victory":false,"master_deck":["Strike_B","Defend_B","Defend_B","Defend_B","Zap+1","Dualcast+1","Hyperbeam","Machine Learning","Capacitor","Static Discharge+1","Chill","Fusion+1","Go for the Eyes","Recycle+1","Turbo"],"max_hp_per_floor":[68,68,68,68,68,68,68,68,68,68,68,68,68,68,68,68],"relics":["Cracked Core","Blood Vial","Anchor"],"card_choices":[{"not_picked":["Cold Snap","Skim"],"picked":"Capacitor","floor":1},{"not_picked":["Barrage","Go for the Eyes"],"picked":"Static Discharge","floor":2},{"not_picked":["Barrage","Rip and Tear"],"picked":"Chill","floor":4},{"not_picked":["Axe Kick","Go for the Eyes"],"picked":"Fusion","floor":5},{"not_picked":["Nova","Streamline"],"picked":"Recycle","floor":12},{"not_picked":["Undo","Axe Kick"],"picked":"Turbo","floor":14}],"player_experience":149491,"potions_floor_usage":[12],"damage_taken":[{"damage":1,"enemies":"Jaw Worm","floor":1,"turns":2},{"damage":0,"enemies":"Cultist","floor":2,"turns":2},{"damage":0,"enemies":"Small Slimes","floor":4,"turns":2},{"damage":5,"enemies":"Looter","floor":5,"turns":3},{"damage":23,"enemies":"Gremlin Nob","floor":12,"turns":4},{"damage":0,"enemies":"2 Fungi Beasts","floor":14,"turns":1},{"damage":47,"enemies":"Hexaghost","floor":16,"turns":9}],"relics_obtained":[{"floor":9,"key":"Blood Vial"},{"floor":12,"key":"Anchor"}],"event_choices":[{"event_name":"Transmorgrifier","player_choice":"Transform","floor":7,"damage_taken":0},{"event_name":"Living Wall","player_choice":"Grow","floor":10,"damage_taken":0}],"boss_relics":[],"items_purged_floors":[3],"potions_floor_spawned":[4,12],"seed_played":"-7807402412268264555","killed_by":"Hexaghost","ascension_level":0,"potions_obtained":[{"floor":4,"key":"AttackPotion"},{"floor":12,"key":"Explosive Potion"}],"is_trial":false}