{"gold_per_floor":[118,132,57,72,85,149,249,261,261,279,100,112,122,132,132,132],"floor_reached":16,"playtime":591,"items_purged":["Strike_R","Strike_R"],"score":133,"play_id":"bc943189-8174-47fc-bbcd-e57f9781b49c","local_time":"20181212172524","is_ascension_mode":false,"campfire_choices":[{"floor":15,"key":"RECALL"}],"neow_cost":"NONE","seed_source_timestamp":1131192868717798,"circlet_count":0,"master_deck":["Strike_R","Strike_R","Strike_R","Defend_R","Defend_R","Defend_R","Defend_R","Bash","Inflame","Cleave","Disarm","Double Tap","Cleave","Cleave","Demon Form","Offering","Cleave","Bloodletting"],"relics":["Burning Blood","NeowsBlessing","Tiny Chest"],"potions_floor_usage":[16],"damage_taken":[{"damage":0,"enemies":"Jaw Worm","floor":1,"turns":1},{"damage":0,"enemies":"Cultist","floor":2,"turns":1},{"damage":0,"enemies":"2 Louse","floor":4,"turns":1},{"damage":6,"enemies":"Exordium Wildlife","floor":5,"turns":5},{"damage":46,"enemies":"3 Sentries","floor":6,"turns":12},{"damage":2,"enemies":"Blue Slaver","floor":8,"turns":5},{"damage":7,"enemies":"3 Louse","floor":10,"turns":2},{"damage":0,"enemies":"Gremlin Gang","floor":12,"turns":1},{"damage":4,"enemies":"2 Fungi Beasts","floor":13,"turns":3},{"damage":6,"enemies":"Large Slime","floor":14,"turns":4},{"damage":52,"enemies":"Slime Boss","floor":16,"turns":5}],"seed_played":"-157972593656594002","potions_obtained":[{"floor":1,"key":"SteroidPotion"},{"floor":2,"key":"SpeedPotion"},{"floor":10,"key":"Swift Potion"}],"is_trial":false,"path_per_floor":["M","M","$","M","M","E","?","M","T","M","$","M","M","M","R","B"],"character_chosen":"IRONCLAD","items_purchased":["Demon Form"],"campfire_rested":0,"item_purchase_floors":[11],"current_hp_per_floor":[80,80,80,80,80,40,40,44,44,43,43,49,51,51,51,0],"gold":132,"neow_bonus":"THREE_ENEMY_KILL","is_prod":false,"is_daily":false,"chose_seed":false,"campfire_upgraded":0,"win_rate":0,"timestamp":1544603124,"path_taken":["M","M","$","M","M","E","?","M","T","M","$","M","M","M","R","BOSS"],"build_version":"2018-12-06","purchased_purges":2,"victory":false,"max_hp_per_floor":[80,80,80,80,80,80,80,80,80,80,80,80,80,80,80,80],"card_choices":[{"not_picked":["True Grit","Dual Wield"],"picked":"Inflame","floor":1},{"not_picked":["Clash","Thunderclap","Havoc"],"picked":"SKIP","floor":2},{"not_picked":["Pommel Strike","Infernal Blade"],"picked":"Cleave","floor":4},{"not_picked":["Burning Pact","Warcry"],"picked":"Disarm","floor":5},{"not_picked":["Rage","Pommel Strike"],"picked":"Double Tap","floor":6},{"not_picked":["Sword Boomerang","Carnage"],"picked":"Cleave","floor":8},{"not_picked":["Sword Boomerang","Perfected Strike"],"picked":"Cleave","floor":10},{"not_picked":["Heavy Blade","Carnage"],"picked":"Offering","floor":12},{"not_picked":["Second Wind","Perfected Strike"],"picked":"Cleave","floor":13},{"not_picked":["Pummel","Armaments"],"picked":"Bloodletting","floor":14}],"player_experience":623013,"relics_obtained":[{"floor":6,"key":"Tiny Chest"}],"event_choices":[{"damage_healed":0,"gold_gain":100,"player_choice":"Pray","damage_taken":0,"max_hp_gain":0,"max_hp_loss":0,"event_name":"Golden Shrine","floor":7,"gold_loss":0}],"is_beta":false,"boss_relics":[],"items_purged_floors":[3,11],"is_endless":false,"potions_floor_spawned":[1,2,10,13],"killed_by":"Slime Boss","ascension_level":0}