{"gold_per_floor":[117,117,127,146,146,146,172,185,185,39,56,56,67,80,80,182,182,194,207,207,135,155,155,155,155,232,242,274,289,317,416,416,520,520,540,540,540,554,554,554,554],"floor_reached":41,"playtime":1441,"items_purged":["Strike_B"],"score":650,"play_id":"ce9c8677-2d17-408a-901d-1f29e1204690","local_time":"20181217171003","is_ascension_mode":true,"campfire_choices":[{"data":"Rip and Tear","floor":6,"key":"SMITH"},{"floor":12,"key":"REST"},{"data":"Recycle","floor":15,"key":"SMITH"},{"floor":23,"key":"REST"},{"floor":25,"key":"REST"},{"floor":32,"key":"REST"},{"floor":40,"key":"REST"}],"neow_cost":"NONE","seed_source_timestamp":265987777780302,"circlet_count":0,"master_deck":["AscendersBane","Strike_B","Strike_B","Defend_B","Defend_B","Defend_B","Defend_B","Zap","Dualcast","Rainbow","Compile Driver","Rip and Tear+1","Steam","Conserve Battery","Self Repair","Compile Driver","Recycle+1","Ball Lightning","White Noise+1","Hologram+1","Skim","Coolheaded","Leap+1","Go for the Eyes+1","Reboot","Biased Cognition","Compile Driver+1","Writhe"],"relics":["FrozenCore","DataDisk","Fusion Hammer","Symbiotic Virus","Bottled Flame","Ornamental Fan","Du-Vu Doll"],"potions_floor_usage":[30,33,41],"damage_taken":[{"damage":7,"enemies":"Jaw Worm","floor":1,"turns":4},{"damage":4,"enemies":"Cultist","floor":3,"turns":3},{"damage":7,"enemies":"2 Louse","floor":4,"turns":3},{"damage":12,"enemies":"Lagavulin","floor":7,"turns":5},{"damage":18,"enemies":"Exordium Thugs","floor":8,"turns":4},{"damage":11,"enemies":"2 Fungi Beasts","floor":11,"turns":4},{"damage":2,"enemies":"Exordium Wildlife","floor":13,"turns":3},{"damage":4,"enemies":"Blue Slaver","floor":14,"turns":4},{"damage":25,"enemies":"Slime Boss","floor":16,"turns":7},{"damage":9,"enemies":"Chosen","floor":18,"turns":5},{"damage":14,"enemies":"2 Thieves","floor":19,"turns":3},{"damage":34,"enemies":"3 Cultists","floor":22,"turns":5},{"damage":13,"enemies":"Centurion and Healer","floor":27,"turns":4},{"damage":23,"enemies":"Book of Stabbing","floor":28,"turns":5},{"damage":7,"enemies":"Cultist and Chosen","floor":29,"turns":5},{"damage":29,"enemies":"Slavers","floor":30,"turns":5},{"damage":60,"enemies":"Automaton","floor":33,"turns":11},{"damage":37,"enemies":"3 Darklings","floor":35,"turns":7},{"damage":3,"enemies":"3 Shapes","floor":38,"turns":6},{"damage":74,"enemies":"Giant Head","floor":41,"turns":7}],"seed_played":"6580672787725293080","potions_obtained":[{"floor":2,"key":"FocusPotion"},{"floor":2,"key":"FairyPotion"},{"floor":2,"key":"AttackPotion"},{"floor":33,"key":"FearPotion"}],"is_trial":false,"path_per_floor":["M","?","M","M","?","R","E","M","T","$","M","R","M","M","R","B",null,"M","M","?","$","M","R","T","R","T","M","E","M","E","?","R","B",null,"M","?","?","M","?","R","E"],"character_chosen":"DEFECT","items_purchased":["Self Repair","Skim"],"campfire_rested":5,"item_purchase_floors":[10,21],"current_hp_per_floor":[61,61,57,50,50,50,38,20,20,20,16,38,43,39,39,21,62,60,53,53,53,26,48,48,70,70,64,48,48,26,26,48,14,60,30,30,23,27,46,68,0],"gold":554,"neow_bonus":"ONE_RANDOM_RARE_CARD","is_prod":false,"is_daily":false,"chose_seed":false,"campfire_upgraded":2,"win_rate":0,"timestamp":1545084603,"path_taken":["M","?","?","M","?","R","E","M","T","?","M","R","M","?","R","BOSS","M","M","?","?","M","R","?","R","T","?","E","M","E","?","R","BOSS","M","?","?","?","?","R","E"],"build_version":"2018-12-13","purchased_purges":1,"victory":false,"max_hp_per_floor":[75,75,75,75,75,75,75,75,75,75,75,75,75,75,75,75,75,75,75,75,75,75,75,75,75,75,75,75,75,75,75,75,75,75,75,75,75,75,75,75,75],"card_choices":[{"not_picked":["Turbo","Rip and Tear"],"picked":"Compile Driver","floor":1},{"not_picked":["Steam","Steam Power"],"picked":"Rip and Tear","floor":3},{"not_picked":["Hyperbeam","Static Discharge"],"picked":"Steam","floor":4},{"not_picked":["Tempest","Multi-Cast","Hello World"],"picked":"SKIP","floor":7},{"not_picked":["Scrape","Static Discharge"],"picked":"Conserve Battery","floor":8},{"not_picked":["BootSequence","Lockon"],"picked":"Compile Driver","floor":11},{"not_picked":["Redo","Rebound"],"picked":"Recycle","floor":13},{"not_picked":["Barrage","Redo"],"picked":"Ball Lightning","floor":14},{"not_picked":["Genetic Algorithm+1","Skim"],"picked":"White Noise+1","floor":18},{"not_picked":["Tempest","Scrape"],"picked":"Hologram","floor":19},{"not_picked":["Compile Driver","Reinforced Body"],"picked":"Coolheaded","floor":22},{"not_picked":["Conserve Battery","Aggregate"],"picked":"Leap+1","floor":27},{"not_picked":["Self Repair","Conserve Battery"],"picked":"Go for the Eyes+1","floor":28},{"not_picked":["Hello World","Reprogram+1","Sweeping Beam"],"picked":"SKIP","floor":29},{"not_picked":["Beam Cell","Conserve Battery"],"picked":"Reboot","floor":30},{"not_picked":["Amplify","Thunder Strike"],"picked":"Biased Cognition","floor":33},{"not_picked":["Conserve Battery+1","Rip and Tear+1"],"picked":"Compile Driver+1","floor":35},{"not_picked":["Conserve Battery","Beam Cell","Go for the Eyes"],"picked":"SKIP","floor":38}],"player_experience":360484,"relics_obtained":[{"floor":7,"key":"DataDisk"},{"floor":24,"key":"Symbiotic Virus"},{"floor":26,"key":"Bottled Flame"},{"floor":28,"key":"Ornamental Fan"},{"floor":30,"key":"Du-Vu Doll"}],"event_choices":[{"damage_healed":0,"gold_gain":0,"player_choice":"Got Potions","damage_taken":0,"max_hp_gain":0,"max_hp_loss":0,"event_name":"Lab","floor":2,"gold_loss":0},{"cards_removed":["Strike_B"],"damage_healed":0,"gold_gain":0,"player_choice":"Purged","damage_taken":0,"max_hp_gain":0,"max_hp_loss":0,"event_name":"Purifier","floor":5,"gold_loss":0},{"damage_healed":0,"gold_gain":0,"player_choice":"Upgraded","damage_taken":0,"max_hp_gain":0,"max_hp_loss":0,"event_name":"Upgrade Shrine","floor":20,"gold_loss":0,"cards_upgraded":["Hologram"]},{"damage_healed":0,"gold_gain":99,"player_choice":"Stole From Cult","damage_taken":0,"max_hp_gain":0,"max_hp_loss":0,"event_name":"Nest","floor":31,"gold_loss":0},{"damage_healed":0,"gold_gain":0,"player_choice":"Ignored","damage_taken":0,"max_hp_gain":0,"max_hp_loss":0,"event_name":"Tomb of Lord Red Mask","floor":36,"gold_loss":0},{"damage_healed":0,"gold_gain":0,"player_choice":"Damaged","damage_taken":7,"max_hp_gain":0,"max_hp_loss":0,"event_name":"Wheel of Change","floor":37,"gold_loss":0},{"damage_healed":19,"gold_gain":0,"player_choice":"Writhe","damage_taken":0,"max_hp_gain":0,"max_hp_loss":0,"event_name":"Winding Halls","floor":39,"gold_loss":0,"cards_obtained":["Writhe"]}],"is_beta":false,"boss_relics":[{"not_picked":["Runic Pyramid","Cursed Key"],"picked":"Fusion Hammer"},{"not_picked":["Velvet Choker","Runic Dome"],"picked":"FrozenCore"}],"items_purged_floors":[10],"is_endless":false,"potions_floor_spawned":[4,7,11,13,14,18,28,33],"killed_by":"Giant Head","ascension_level":10}