{"gold_per_floor":[110,127,138,156,175,13,42,7,31,31,45,65,65,76,76,76],"floor_reached":16,"playtime":597,"items_purged":[],"score":115,"play_id":"8a500b47-1d5d-4233-9f42-eabaf28f37ad","local_time":"20180914155737","is_ascension_mode":true,"campfire_choices":[{"data":"Defragment","floor":10,"key":"SMITH"},{"floor":15,"key":"REST"}],"neow_cost":"TEN_PERCENT_HP_LOSS","seed_source_timestamp":68271731856035,"circlet_count":0,"master_deck":["Strike_B","Strike_B","Defend_B","Defend_B","Defend_B","Defend_B","Zap","Dualcast","Defragment+1","Seek","Gash","Coolheaded","Consume","Gash","Chaos","Echo Form","Ball Lightning","Gash","Conserve Battery","Regret","Cold Snap","Stack"],"relics":["Cracked Core","Odd Mushroom","Dream Catcher","Happy Flower"],"potions_floor_usage":[14],"damage_taken":[{"damage":1,"enemies":"Cultist","floor":1,"turns":3},{"damage":2,"enemies":"Jaw Worm","floor":2,"turns":4},{"damage":12,"enemies":"Small Slimes","floor":3,"turns":3},{"damage":17,"enemies":"Looter","floor":4,"turns":4},{"damage":4,"enemies":"Exordium Thugs","floor":5,"turns":5},{"damage":23,"enemies":"The Mushroom Lair","floor":7,"turns":4},{"damage":4,"enemies":"Red Slaver","floor":11,"turns":3},{"damage":17,"enemies":"3 Louse","floor":12,"turns":3},{"damage":4,"enemies":"Looter","floor":14,"turns":3},{"damage":26,"enemies":"The Guardian","floor":16,"turns":2}],"seed_played":"-2406413029733343289","potions_obtained":[{"floor":3,"key":"Poison Potion"},{"floor":4,"key":"SpeedPotion"},{"floor":5,"key":"Ancient Potion"},{"floor":14,"key":"EssenceOfSteel"}],"is_trial":false,"path_per_floor":["M","M","M","M","M","$","?","?","T","R","M","M","?","M","R"],"character_chosen":"DEFECT","items_purchased":["Echo Form"],"campfire_rested":1,"item_purchase_floors":[6],"current_hp_per_floor":[67,65,53,36,32,32,9,26,26,26,22,5,5,1,21,0],"gold":76,"neow_bonus":"TRANSFORM_TWO_CARDS","is_prod":false,"is_daily":false,"chose_seed":false,"campfire_upgraded":1,"win_rate":0,"timestamp":1536908257,"path_taken":["M","M","M","?","M","$","?","?","T","R","?","M","?","M","R","BOSS"],"build_version":"2018-09-12","purchased_purges":0,"victory":false,"max_hp_per_floor":[68,68,68,68,68,68,68,68,68,68,68,68,68,68,68,68],"card_choices":[{"not_picked":["Leap","Redo"],"picked":"Gash","floor":1},{"not_picked":["Scrape","Darkness"],"picked":"Coolheaded","floor":2},{"not_picked":["Barrage","Ball Lightning"],"picked":"Consume","floor":3},{"not_picked":["Aggregate","BootSequence"],"picked":"Gash","floor":4},{"not_picked":["Leap","Undo"],"picked":"Chaos","floor":5},{"not_picked":["Doom and Gloom","Leap"],"picked":"Ball Lightning","floor":7},{"not_picked":["Stack","Capacitor"],"picked":"Gash","floor":11},{"not_picked":["Leap","Recycle"],"picked":"Conserve Battery","floor":12},{"not_picked":["Barrage","Rebound"],"picked":"Cold Snap","floor":14},{"not_picked":["Sweeping Beam","Consume"],"picked":"Stack","floor":15}],"player_experience":424806,"relics_obtained":[{"floor":7,"key":"Odd Mushroom"},{"floor":9,"key":"Dream Catcher"}],"event_choices":[{"event_name":"Mushrooms","player_choice":"Fought Mushrooms","floor":7,"damage_taken":0},{"event_name":"The Cleric","player_choice":"Healed","floor":8,"damage_taken":0},{"event_name":"Big Fish","player_choice":"Box","floor":13,"damage_taken":0}],"is_beta":true,"boss_relics":[],"items_purged_floors":[],"is_endless":false,"potions_floor_spawned":[3,4,5,7,14],"killed_by":"The Guardian","ascension_level":4}