{"gold_per_floor":[112,92,36,56,56,56,89,99,99,99,99,24,24,40,40,111,111,121,121,133,183,46,77,35,35,35,35,52,69,98,98,98,171,171,185,285,298,298,298,298,316,316,340,340,355,380,122,141,141,141,141],"floor_reached":51,"playtime":2450,"items_purged":["Pain","Strike_G","Strike_G+1"],"score":1397,"play_id":"d4d4e761-542a-4fe8-b645-7638c52cc9bb","local_time":"20181130233532","is_ascension_mode":true,"campfire_choices":[{"data":"Dagger Spray","floor":6.0,"key":"SMITH"},{"floor":10.0,"key":"REST"},{"data":"Neutralize","floor":13.0,"key":"SMITH"},{"data":"Poisoned Stab","floor":15.0,"key":"SMITH"},{"floor":25.0,"key":"REST"},{"floor":27.0,"key":"REST"},{"floor":32,"key":"REST"},{"data":"Well Laid Plans","floor":40,"key":"SMITH"},{"data":"Noxious Fumes","floor":42,"key":"SMITH"},{"floor":49,"key":"REST"}],"neow_cost":"NONE","seed_source_timestamp":132647126318200,"circlet_count":0,"master_deck":["AscendersBane","Defend_G+1","Defend_G+1","Defend_G+1","Defend_G+1","Defend_G+1","Strike_G+1","Strike_G+1","Survivor","Neutralize+1","Dash","Dagger Spray+1","Dodge and Roll","Corpse Explosion+1","PiercingWail+1","Poisoned Stab+1","Adrenaline+1","Skewer","Noxious Fumes+1","Well Laid Plans+1","Catalyst+1","Catalyst+1","Catalyst+1","Blur+1","Skewer+1","Adrenaline+1","PiercingWail+1","Predator"],"special_seed":0,"relics":["Eternal Feather","Toxic Egg 2","PreservedInsect","WarpedTongs","Philosopher\u0027s Stone","Mummified Hand","Ornamental Fan","Potion Belt","Busted Crown","Calipers","FossilizedHelix","Pen Nib","Letter Opener"],"potions_floor_usage":[29,30,45,46,46,50,50,51,51],"damage_taken":[{"damage":0.0,"enemies":"2 Louse","floor":1.0,"turns":4.0},{"damage":3.0,"enemies":"Cultist","floor":4.0,"turns":4.0},{"damage":45.0,"enemies":"Gremlin Nob","floor":7.0,"turns":5.0},{"damage":8.0,"enemies":"Small Slimes","floor":8.0,"turns":4.0},{"damage":0.0,"enemies":"2 Fungi Beasts","floor":14.0,"turns":2.0},{"damage":12.0,"enemies":"Hexaghost","floor":16.0,"turns":10.0},{"damage":2.0,"enemies":"Spheric Guardian","floor":18.0,"turns":5.0},{"damage":0.0,"enemies":"Chosen","floor":20.0,"turns":4.0},{"damage":58.0,"enemies":"Book of Stabbing","floor":23.0,"turns":6.0},{"damage":12.0,"enemies":"Centurion and Healer","floor":28.0,"turns":3.0},{"damage":12,"enemies":"Chosen and Byrds","floor":29,"turns":5},{"damage":23,"enemies":"Slavers","floor":30,"turns":5},{"damage":40,"enemies":"Collector","floor":33,"turns":6},{"damage":0,"enemies":"Orb Walker","floor":35,"turns":1},{"damage":0,"enemies":"Mind Bloom Boss Battle","floor":36,"turns":5},{"damage":0,"enemies":"3 Darklings","floor":37,"turns":1},{"damage":0,"enemies":"Sphere and 2 Shapes","floor":41,"turns":4},{"damage":20,"enemies":"Spire Growth","floor":45,"turns":4},{"damage":15,"enemies":"Reptomancer","floor":46,"turns":5},{"damage":0,"enemies":"4 Shapes","floor":48,"turns":3},{"damage":46,"enemies":"Awakened One","floor":50,"turns":12},{"damage":87,"enemies":"Time Eater","floor":51,"turns":8}],"seed_played":"677125826640444761","potions_obtained":[{"floor":1.0,"key":"PowerPotion"},{"floor":2.0,"key":"SteroidPotion"},{"floor":7.0,"key":"GhostInAJar"},{"floor":18.0,"key":"Ancient Potion"},{"floor":23.0,"key":"FearPotion"},{"floor":33,"key":"Ancient Potion"},{"floor":41,"key":"FearPotion"},{"floor":44,"key":"AttackPotion"},{"floor":44,"key":"SkillPotion"},{"floor":45,"key":"Weak Potion"},{"floor":46,"key":"FearPotion"}],"is_trial":false,"path_per_floor":["M","?","$","M","?","R","E","M","T","R","?","$","R","M","R","B",null,"M","?","M","?","$","E","$","R","T","R","M","M","E","?","R","B",null,"M","?","M","?","?","R","M","R","T","?","M","E","$","M","R","B","B"],"character_chosen":"THE_SILENT","items_purchased":["Dagger Spray","Well Laid Plans","Catalyst+1","Strength Potion","Regen Potion"],"campfire_rested":5,"item_purchase_floors":[3,22,24,47,47],"current_hp_per_floor":[59,59,59,56,56,65,20,12,12,40,40,40,49,49,58,46,61,59,59,59,59,59,1,1,32,32,63,51,39,16,16,50,10,52,52,52,52,52,52,66,66,66,66,66,46,31,31,31,65,34,0],"gold":141,"neow_bonus":"BOSS_RELIC","is_prod":false,"is_daily":false,"chose_seed":false,"campfire_upgraded":5,"win_rate":0,"timestamp":1543638932,"path_taken":["M","?","$","?","?","R","E","M","T","R","?","$","R","?","R","BOSS","M","?","?","?","$","E","?","R","T","R","M","?","E","?","R","BOSS","M","?","M","?","?","R","?","R","T","?","M","E","$","?","R","BOSS","BOSS"],"build_version":"2018-11-15","purchased_purges":3,"victory":false,"max_hp_per_floor":[66,66,66,66,66,66,66,66,66,66,66,66,66,66,66,66,66,66,66,66,66,66,66,66,66,66,66,66,66,66,66,66,66,66,66,66,66,66,66,66,66,66,66,66,66,66,66,66,66,66,66],"card_choices":[{"not_picked":["Riddle With Holes","Accuracy"],"picked":"Dash","floor":1.0},{"not_picked":["Bane","Distraction"],"picked":"Dodge and Roll","floor":4.0},{"not_picked":["Underhanded Strike","Noxious Fumes"],"picked":"Corpse Explosion","floor":7.0},{"not_picked":["Endless Agony","Infinite Blades"],"picked":"PiercingWail+1","floor":8.0},{"not_picked":["Backflip+1","Prepared+1"],"picked":"Poisoned Stab","floor":14.0},{"not_picked":["Grand Finale","Die Die Die"],"picked":"Adrenaline+1","floor":16.0},{"not_picked":["Quick Slash","Accuracy"],"picked":"Skewer","floor":18.0},{"not_picked":["Escape Plan+1","Riddle With Holes"],"picked":"Dash+1","floor":20.0},{"not_picked":["Masterful Stab+1","Blade Dance+1"],"picked":"Catalyst+1","floor":23.0},{"not_picked":["Blade Dance+1","All Out Attack"],"picked":"Catalyst+1","floor":28.0},{"not_picked":["Flying Knee","Deflect+1"],"picked":"Blur+1","floor":29},{"not_picked":["Caltrops+1","Dagger Throw"],"picked":"Skewer+1","floor":30},{"not_picked":["Phantasmal Killer+1","Wraith Form v2"],"picked":"Adrenaline+1","floor":33},{"not_picked":["All Out Attack+1"],"picked":"SKIP","floor":35},{"not_picked":["Setup+1"],"picked":"SKIP","floor":37},{"not_picked":[],"picked":"PiercingWail+1","floor":41},{"not_picked":["Sucker Punch+1"],"picked":"SKIP","floor":45},{"not_picked":["Calculated Gamble+1"],"picked":"SKIP","floor":46},{"not_picked":[],"picked":"Predator","floor":48}],"player_experience":1728557,"relics_obtained":[{"floor":7.0,"key":"Toxic Egg 2"},{"floor":9.0,"key":"PreservedInsect"},{"floor":23.0,"key":"Mummified Hand"},{"floor":26.0,"key":"Ornamental Fan"},{"floor":30,"key":"Potion Belt"},{"floor":36,"key":"Calipers"},{"floor":43,"key":"Pen Nib"},{"floor":46,"key":"Letter Opener"}],"event_choices":[{"damage_healed":0.0,"max_hp_gain":0.0,"max_hp_loss":0.0,"gold_gain":0.0,"event_name":"The Woman in Blue","player_choice":"Bought 1 Potion","floor":2.0,"gold_loss":0.0,"damage_taken":0.0},{"damage_healed":0.0,"max_hp_gain":0.0,"max_hp_loss":0.0,"gold_gain":0.0,"event_name":"Liars Game","player_choice":"Ignored","floor":5.0,"gold_loss":0.0,"damage_taken":0.0},{"damage_healed":0.0,"max_hp_gain":0.0,"max_hp_loss":0.0,"gold_gain":0.0,"event_name":"Accursed Blacksmith","player_choice":"Rummage","floor":11.0,"gold_loss":0.0,"damage_taken":0.0,"relics_obtained":["WarpedTongs"],"cards_obtained":["Pain"]},{"damage_healed":0.0,"max_hp_gain":0.0,"max_hp_loss":0.0,"gold_gain":0.0,"cards_transformed":["Strike_G"],"event_name":"Transmorgrifier","player_choice":"Transformed","floor":19.0,"gold_loss":0.0,"damage_taken":0.0,"cards_obtained":["Noxious Fumes"]},{"damage_healed":0.0,"max_hp_gain":0.0,"max_hp_loss":0.0,"gold_gain":100.0,"event_name":"The Joust","player_choice":"Bet on Murderer","floor":21.0,"gold_loss":50.0,"damage_taken":0.0},{"damage_healed":0,"gold_gain":0,"player_choice":"Simplicity","damage_taken":0,"max_hp_gain":0,"max_hp_loss":0,"event_name":"Back to Basics","floor":31,"gold_loss":0,"cards_upgraded":["Defend_G","Defend_G","Defend_G","Defend_G","Defend_G","Strike_G","Strike_G","Strike_G"]},{"damage_healed":0,"gold_gain":0,"player_choice":"Fight","damage_taken":0,"max_hp_gain":0,"max_hp_loss":0,"event_name":"MindBloom","floor":36,"gold_loss":0},{"cards_removed":["Dash"],"damage_healed":0,"gold_gain":0,"player_choice":"Removed Attack","damage_taken":0,"max_hp_gain":0,"max_hp_loss":0,"event_name":"Falling","floor":38,"gold_loss":0},{"damage_healed":0,"gold_gain":0,"player_choice":"Gave Potion","damage_taken":0,"relics_obtained":["FossilizedHelix"],"max_hp_gain":0,"max_hp_loss":0,"event_name":"WeMeetAgain","floor":39,"gold_loss":0},{"damage_healed":0,"gold_gain":0,"player_choice":"Got Potions","damage_taken":0,"max_hp_gain":0,"max_hp_loss":0,"event_name":"Lab","floor":44,"gold_loss":0}],"is_beta":true,"boss_relics":[{"not_picked":["Ectoplasm","Velvet Choker"],"picked":"Philosopher\u0027s Stone"},{"not_picked":["Lizard Tail","Orrery"],"picked":"Busted Crown"}],"items_purged_floors":[12,22,47],"is_endless":false,"potions_floor_spawned":[1,7,18,23,33,41,45,46],"killed_by":"Time Eater","ascension_level":20}