{"gold_per_floor":[118,37,312,40,50,50,76,76,151,151,184,204,232,249,249,322,322,334,334,334,334,29,29,63,63,93,93,112,112,147,21,21,98,98,110,130,130,54,72,72,72,72,72,72,72,101,121,141,141,141,141],"floor_reached":52,"playtime":3707,"items_purged":["Regret","Strike_G"],"score":1864,"play_id":"bb1d413b-2a24-48cb-9d34-4e44016dcd2d","local_time":"20181202234010","is_ascension_mode":true,"campfire_choices":[{"data":"Neutralize","floor":6,"key":"SMITH"},{"data":"Footwork","floor":8,"key":"SMITH"},{"floor":10,"key":"REST"},{"data":"Well Laid Plans","floor":15,"key":"SMITH"},{"data":"Malaise","floor":23,"key":"SMITH"},{"floor":27,"key":"REST"},{"data":"Noxious Fumes","floor":29,"key":"SMITH"},{"floor":32,"key":"REST"},{"data":"Catalyst","floor":40,"key":"SMITH"},{"floor":42,"key":"REST"},{"floor":49,"key":"REST"}],"neow_cost":"NONE","seed_source_timestamp":66537853835999,"circlet_count":0,"master_deck":["AscendersBane","Defend_G","Defend_G","Defend_G","Defend_G","Defend_G","Strike_G","Survivor","Neutralize+1","Dash","Well Laid Plans+1","Footwork+1","Dash+1","Acrobatics","Dagger Spray","Flying Knee","Backflip","Choke","Dagger Spray","Malaise+1","Setup+1","Poisoned Stab+1","Skewer+1","Dodge and Roll","Noxious Fumes","Noxious Fumes+1","Adrenaline","Backflip","Blind","Night Terror","Footwork","Catalyst+1","Adrenaline","Catalyst","Acrobatics"],"relics":["Sozu","Torii","Pear","Tingsha","Snake Skull","Astrolabe","MutagenicStrength","Whetstone","Question Card","Tiny Chest","Meat on the Bone","Lizard Tail","Shuriken","Darkstone Periapt","StoneCalendar"],"potions_floor_usage":[],"damage_taken":[{"damage":0,"enemies":"Jaw Worm","floor":1,"turns":6},{"damage":0,"enemies":"Cultist","floor":5,"turns":5},{"damage":35,"enemies":"Lagavulin","floor":7,"turns":11},{"damage":16,"enemies":"Gremlin Nob","floor":11,"turns":5},{"damage":0,"enemies":"2 Louse","floor":12,"turns":3},{"damage":2,"enemies":"3 Sentries","floor":13,"turns":6},{"damage":1,"enemies":"Looter","floor":14,"turns":3},{"damage":23,"enemies":"Slime Boss","floor":16,"turns":13},{"damage":0,"enemies":"3 Byrds","floor":18,"turns":5},{"damage":31,"enemies":"Slavers","floor":24,"turns":6},{"damage":2,"enemies":"2 Thieves","floor":28,"turns":4},{"damage":16,"enemies":"Book of Stabbing","floor":30,"turns":8},{"damage":19,"enemies":"Champ","floor":33,"turns":14},{"damage":10,"enemies":"3 Shapes","floor":35,"turns":6},{"damage":15,"enemies":"3 Darklings","floor":36,"turns":4},{"damage":17,"enemies":"Maw","floor":39,"turns":10},{"damage":2,"enemies":"Giant Head","floor":46,"turns":9},{"damage":45,"enemies":"Jaw Worm Horde","floor":47,"turns":6},{"damage":23,"enemies":"4 Shapes","floor":48,"turns":5},{"damage":18,"enemies":"Time Eater","floor":50,"turns":14},{"damage":63,"enemies":"Donu and Deca","floor":51,"turns":11}],"seed_played":"-1407478640977312785","potions_obtained":[],"is_trial":false,"path_per_floor":["M","$","?","$","M","R","E","R","T","R","E","M","E","M","R","B",null,"M","?","?","?","$","R","E","$","T","R","M","R","E","$","R","B",null,"M","M","?","$","M","R","?","R","T","T","$","E","M","M","R","B","B",null],"character_chosen":"THE_SILENT","items_purchased":["Well Laid Plans","Footwork","Dash","Acrobatics","Noxious Fumes","Whetstone","Backflip","Blind","Adrenaline"],"campfire_rested":5,"item_purchase_floors":[2,4,4,4,22,22,31,31,38],"current_hp_per_floor":[59,59,59,59,59,59,24,24,34,56,40,40,38,37,37,14,61,61,61,61,61,61,61,30,30,30,52,50,50,34,34,56,49,69,59,44,44,44,39,39,39,60,60,60,60,58,25,14,35,29,23],"gold":141,"neow_bonus":"BOSS_RELIC","is_prod":false,"is_daily":false,"chose_seed":false,"campfire_upgraded":6,"win_rate":0,"timestamp":1543812010,"path_taken":["M","$","?","$","M","R","E","R","T","R","E","M","E","M","R","BOSS","M","?","?","?","?","R","E","?","T","R","M","R","E","$","R","BOSS","M","M","?","$","M","R","?","R","T","?","$","E","M","?","R","BOSS","BOSS"],"build_version":"2018-11-15","purchased_purges":2,"victory":true,"max_hp_per_floor":[66,66,66,66,66,66,66,66,76,76,76,76,76,76,76,76,76,76,76,76,76,76,76,76,76,76,76,76,76,76,76,76,76,76,76,76,72,72,72,72,72,72,72,72,72,72,72,72,72,72,72],"card_choices":[{"not_picked":["Dodge and Roll","Slice"],"picked":"Dash","floor":1},{"not_picked":["Deflect","Outmaneuver"],"picked":"Dagger Spray","floor":5},{"not_picked":["Endless Agony","Distraction"],"picked":"Flying Knee","floor":7},{"not_picked":["Poisoned Stab","All Out Attack"],"picked":"Backflip","floor":11},{"not_picked":["Expertise","Blur"],"picked":"Choke","floor":12},{"not_picked":["Terror","Escape Plan"],"picked":"Dagger Spray","floor":13},{"not_picked":["Quick Slash","Reflex"],"picked":"Poisoned Stab","floor":14},{"not_picked":["Die Die Die","Phantasmal Killer"],"picked":"Malaise","floor":16},{"not_picked":["Quick Slash","Heel Hook"],"picked":"Dodge and Roll","floor":18},{"not_picked":["Well Laid Plans","Sucker Punch","Slice"],"picked":"SKIP","floor":24},{"not_picked":["Dodge and Roll","Outmaneuver","Underhanded Strike+1","Reflex"],"picked":"SKIP","floor":28},{"not_picked":["Predator","Dodge and Roll","Grand Finale"],"picked":"Adrenaline","floor":30},{"not_picked":["Die Die Die","Grand Finale","Wraith Form v2"],"picked":"Night Terror","floor":33},{"not_picked":["Terror","Acrobatics","Distraction+1"],"picked":"Footwork","floor":35},{"not_picked":["Escape Plan+1","Dagger Throw","Deflect"],"picked":"Catalyst","floor":36},{"not_picked":["Terror","Slice","Outmaneuver","Reflex"],"picked":"SKIP","floor":39},{"not_picked":["Concentrate","Outmaneuver","Well Laid Plans"],"picked":"Catalyst","floor":46},{"not_picked":["Dagger Throw","Terror+1","Deflect"],"picked":"Acrobatics","floor":47},{"not_picked":["Noxious Fumes+1","Bane","Reflex+1","Accuracy"],"picked":"SKIP","floor":48}],"player_experience":1745167,"relics_obtained":[{"floor":7,"key":"Torii"},{"floor":9,"key":"Pear"},{"floor":11,"key":"Tingsha"},{"floor":13,"key":"Snake Skull"},{"floor":24,"key":"Question Card"},{"floor":26,"key":"Tiny Chest"},{"floor":30,"key":"Meat on the Bone"},{"floor":43,"key":"Shuriken"},{"floor":44,"key":"Darkstone Periapt"},{"floor":46,"key":"StoneCalendar"}],"event_choices":[{"damage_healed":0,"gold_gain":275,"player_choice":"Desecrate","damage_taken":0,"max_hp_gain":0,"max_hp_loss":0,"event_name":"Golden Shrine","floor":3,"gold_loss":0,"cards_obtained":["Regret"]},{"damage_healed":0,"gold_gain":0,"player_choice":"Inject Mutagens","damage_taken":0,"relics_obtained":["MutagenicStrength"],"max_hp_gain":0,"max_hp_loss":0,"event_name":"Drug Dealer","floor":19,"gold_loss":0},{"damage_healed":0,"gold_gain":0,"player_choice":"Read","damage_taken":0,"max_hp_gain":0,"max_hp_loss":0,"event_name":"The Library","floor":20,"gold_loss":0,"cards_obtained":["Noxious Fumes"]},{"damage_healed":0,"gold_gain":0,"player_choice":"Ignored","damage_taken":0,"max_hp_gain":0,"max_hp_loss":0,"event_name":"Vampires","floor":21,"gold_loss":0},{"damage_healed":0,"gold_gain":0,"player_choice":"Max HP","damage_taken":0,"max_hp_gain":0,"max_hp_loss":4,"event_name":"Winding Halls","floor":37,"gold_loss":0},{"cards_removed":["Poisoned Stab"],"damage_healed":0,"gold_gain":0,"player_choice":"Removed Attack","damage_taken":0,"max_hp_gain":0,"max_hp_loss":0,"event_name":"Falling","floor":41,"gold_loss":0}],"is_beta":true,"boss_relics":[{"not_picked":["Runic Pyramid","Ectoplasm"],"picked":"Astrolabe"},{"not_picked":["Empty Cage","Pandora\u0027s Box"],"picked":"Lizard Tail"}],"items_purged_floors":[4,22],"is_endless":false,"potions_floor_spawned":[1,11,13,14,28,33,35,39,48],"ascension_level":20}