{"gold_per_floor":[119,137,137,147,164,164,8,8,33,33,33,94,38,38,38,114,114,131,131,331,331],"floor_reached":21,"playtime":1210,"items_purged":["Strike_G"],"score":350,"play_id":"26c7ad1f-954b-44a7-af4a-3fae34233886","local_time":"20190109213021","is_ascension_mode":true,"campfire_choices":[{"floor":6,"key":"REST"},{"data":"Footwork","floor":8,"key":"SMITH"},{"floor":10,"key":"REST"},{"data":"Noxious Fumes","floor":15,"key":"SMITH"}],"neow_cost":"NONE","seed_source_timestamp":45870679111800,"circlet_count":0,"master_deck":["AscendersBane","Defend_G","Defend_G","Defend_G","Defend_G","Defend_G","Strike_G","Strike_G","Strike_G","Strike_G","Survivor","Neutralize+1","Dagger Spray","Sucker Punch","Dagger Spray","Poisoned Stab","Footwork+1","Noxious Fumes+1","Cloak And Dagger"],"relics":["Black Star","Regal Pillow","Tiny Chest","Ancient Tea Set","Singing Bowl","Philosopher\u0027s Stone","Letter Opener"],"potions_floor_usage":[12,16],"damage_taken":[{"damage":6,"enemies":"Cultist","floor":1,"turns":5},{"damage":6,"enemies":"Jaw Worm","floor":2,"turns":5},{"damage":0,"enemies":"2 Louse","floor":4,"turns":3},{"damage":42,"enemies":"Exordium Thugs","floor":5,"turns":7},{"damage":24,"enemies":"3 Sentries","floor":12,"turns":8},{"damage":37,"enemies":"Slime Boss","floor":16,"turns":11},{"damage":22,"enemies":"Chosen","floor":18,"turns":7},{"damage":36,"enemies":"Spheric Guardian","floor":21,"turns":5}],"seed_played":"-139483028220843000","potions_obtained":[{"floor":5,"key":"Fire Potion"},{"floor":12,"key":"LiquidBronze"}],"is_trial":false,"path_per_floor":["M","M","?","M","M","R","$","R","T","R","?","E","$","T","R","B",null,"M","T","?","M"],"character_chosen":"THE_SILENT","items_purchased":["Footwork","Cloak And Dagger"],"campfire_rested":2,"item_purchase_floors":[7,13],"current_hp_per_floor":[53,47,47,47,5,24,24,24,24,58,63,39,39,39,39,4,56,36,36,36,0],"gold":331,"neow_bonus":"BOSS_RELIC","is_prod":false,"is_daily":false,"chose_seed":false,"campfire_upgraded":2,"win_rate":0,"timestamp":1547087421,"path_taken":["M","M","?","M","?","R","?","R","T","R","?","E","$","?","R","BOSS","M","?","?","M"],"build_version":"2018-12-20","purchased_purges":1,"victory":false,"max_hp_per_floor":[66,66,66,66,66,66,66,66,66,66,71,71,71,71,71,73,73,75,75,75,75],"card_choices":[{"not_picked":["Sucker Punch","Prepared"],"picked":"Dagger Spray","floor":1},{"not_picked":["Poisoned Stab","Riddle With Holes"],"picked":"Sucker Punch","floor":2},{"not_picked":["Dagger Throw","Poisoned Stab"],"picked":"Dagger Spray","floor":4},{"not_picked":["Sucker Punch","Outmaneuver"],"picked":"Poisoned Stab","floor":5},{"not_picked":["Bane","Cloak And Dagger"],"picked":"Noxious Fumes","floor":12},{"not_picked":["Venomology","Storm of Steel","Bullet Time"],"picked":"Singing Bowl","floor":16},{"not_picked":["Reflex","Poisoned Stab+1","Dagger Throw"],"picked":"Singing Bowl","floor":18}],"player_experience":1879733,"relics_obtained":[{"floor":9,"key":"Regal Pillow"},{"floor":12,"key":"Tiny Chest"},{"floor":12,"key":"Ancient Tea Set"},{"floor":14,"key":"Singing Bowl"},{"floor":19,"key":"Letter Opener"}],"event_choices":[{"damage_healed":0,"gold_gain":0,"player_choice":"Upgraded","damage_taken":0,"max_hp_gain":0,"max_hp_loss":0,"event_name":"Upgrade Shrine","floor":3,"gold_loss":0,"cards_upgraded":["Neutralize"]},{"damage_healed":0,"gold_gain":0,"player_choice":"Donut","damage_taken":0,"max_hp_gain":5,"max_hp_loss":0,"event_name":"Big Fish","floor":11,"gold_loss":0},{"damage_healed":0,"gold_gain":200,"player_choice":"Gold","damage_taken":0,"max_hp_gain":0,"max_hp_loss":0,"event_name":"Wheel of Change","floor":20,"gold_loss":0}],"is_beta":true,"boss_relics":[{"not_picked":["Velvet Choker","WristBlade"],"picked":"Philosopher\u0027s Stone"}],"items_purged_floors":[7],"is_endless":false,"potions_floor_spawned":[5,12],"killed_by":"Spheric Guardian","ascension_level":20}