{"gold_per_floor":[109,126,144,17,29,56,56,87,87,103,103,119,119,39,39,143,143,158,176,176,101,112,140,140,140,217,271,271,300,316,20,20,117,117,132,0,16,116,66,101,101,101,101,51,51,1,1,31,31,31],"floor_reached":51,"playtime":7712,"items_purged":["Strike_G","Strike_G","Strike_G","Heel Hook"],"score":899,"play_id":"d90d899f-acb9-4fd8-b04d-4625d85b49b7","local_time":"20190124202105","is_ascension_mode":true,"campfire_choices":[{"data":"Dagger Spray","floor":7.0,"key":"SMITH"},{"data":"Neutralize","floor":11.0,"key":"SMITH"},{"data":"Footwork","floor":13.0,"key":"SMITH"},{"data":"Adrenaline","floor":15.0,"key":"SMITH"},{"floor":24.0,"key":"REST"},{"floor":32.0,"key":"REST"},{"floor":41,"key":"REST"},{"data":"Cloak And Dagger","floor":47,"key":"SMITH"},{"floor":49,"key":"REST"}],"neow_cost":"NONE","seed_source_timestamp":0,"circlet_count":0,"master_deck":["Defend_G","Defend_G","Defend_G","Defend_G","Defend_G","Strike_G+1","Survivor","Neutralize+1","Footwork+1","Backstab","Dagger Spray+1","Leg Sweep","Quick Slash+1","Adrenaline+1","Backflip","Tactician","Noxious Fumes","Die Die Die","Injury","Poisoned Stab+1","Caltrops+1","Shame","PiercingWail","Leg Sweep","Decay","Prepared+1","Die Die Die","Bullet Time","PiercingWail+1","Deflect+1","Cloak And Dagger+1","Catalyst+1","Writhe","Dark Shackles","Night Terror"],"special_seed":0,"relics":["Ring of the Snake","Omamori","Whetstone","WingedGreaves","Kunai","Calling Bell","Smiling Mask","Du-Vu Doll","Pear","Dodecahedron","Mummified Hand","Nilry\u0027s Codex","Bottled Flame","Centennial Puzzle","Paper Crane","Bag of Marbles","Regal Pillow","Eternal Feather","Red Mask","Peace Pipe","Pocketwatch","Question Card","Art of War"],"potions_floor_usage":[50],"damage_taken":[{"damage":8.0,"enemies":"Jaw Worm","floor":1.0,"turns":7.0},{"damage":0.0,"enemies":"Small Slimes","floor":2.0,"turns":5.0},{"damage":0.0,"enemies":"2 Louse","floor":3.0,"turns":2.0},{"damage":0.0,"enemies":"Large Slime","floor":5.0,"turns":5.0},{"damage":6.0,"enemies":"3 Sentries","floor":6.0,"turns":9.0},{"damage":4.0,"enemies":"Lagavulin","floor":8.0,"turns":6.0},{"damage":5.0,"enemies":"Exordium Wildlife","floor":10.0,"turns":4.0},{"damage":0.0,"enemies":"2 Fungi Beasts","floor":12.0,"turns":3.0},{"damage":27.0,"enemies":"Slime Boss","floor":16.0,"turns":9.0},{"damage":11.0,"enemies":"2 Thieves","floor":18.0,"turns":4.0},{"damage":3.0,"enemies":"3 Byrds","floor":19.0,"turns":4.0},{"damage":6.0,"enemies":"Snecko","floor":22.0,"turns":5.0},{"damage":39.0,"enemies":"Book of Stabbing","floor":23.0,"turns":5.0},{"damage":15.0,"enemies":"Gremlin Leader","floor":29.0,"turns":7.0},{"damage":0.0,"enemies":"Centurion and Healer","floor":30.0,"turns":3.0},{"damage":23.0,"enemies":"Champ","floor":33.0,"turns":14.0},{"damage":0,"enemies":"3 Shapes","floor":35,"turns":3},{"damage":6,"enemies":"3 Darklings","floor":37,"turns":3},{"damage":12,"enemies":"Mind Bloom Boss Battle","floor":38,"turns":7},{"damage":40,"enemies":"Reptomancer","floor":40,"turns":6},{"damage":52,"enemies":"Giant Head","floor":48,"turns":9},{"damage":36,"enemies":"Awakened One","floor":50,"turns":18}],"seed_played":"1117225958587903626","potions_obtained":[{"floor":1.0,"key":"Regen Potion"},{"floor":5.0,"key":"Block Potion"},{"floor":6.0,"key":"EntropicBrew"},{"floor":8.0,"key":"Strength Potion"},{"floor":16.0,"key":"Block Potion"},{"floor":19.0,"key":"LiquidBronze"},{"floor":29.0,"key":"Strength Potion"},{"floor":48,"key":"Strength Potion"}],"is_trial":false,"path_per_floor":["M","M","M","$","M","E","R","E","T","M","R","M","R","$","R","B",null,"M","M","?","?","M","E","R","?","T","T","?","E","M","$","R","B",null,"M","?","M","?","$","E","R","?","T","$","?","$","R","E","R","B",null],"character_chosen":"THE_SILENT","items_purchased":["Dagger Spray","Noxious Fumes","Bag of Marbles","Regal Pillow"],"campfire_rested":4,"item_purchase_floors":[4,14,31,31],"current_hp_per_floor":[62,62,62,62,62,70,70,66,66,61,61,61,61,61,61,34,71,60,57,57,57,51,12,36,20,20,20,20,5,5,5,44,21,65,65,65,59,47,47,7,64,80,80,80,80,80,80,28,80,44],"gold":31,"neow_bonus":"RANDOM_COMMON_RELIC","is_prod":false,"is_daily":false,"chose_seed":false,"campfire_upgraded":5,"win_rate":0,"timestamp":1548390065,"path_taken":["M","M","M","$","M","E","R","E","T","M","R","M","R","$","R","BOSS","M","M","?","?","M","E","R","?","T","?","?","E","?","$","R","BOSS","M","?","M","?","$","E","R","?","T","$","?","?","R","E","R","BOSS"],"build_version":"2019-01-23","purchased_purges":4,"victory":true,"max_hp_per_floor":[70,70,70,70,70,70,70,70,70,70,70,70,70,70,70,70,80,80,80,80,80,80,80,80,80,80,80,80,80,80,80,80,80,80,80,80,80,80,80,80,80,80,80,80,80,80,80,80,80,80],"card_choices":[{"not_picked":["Prepared","Slice"],"picked":"Footwork","floor":1.0},{"not_picked":["Bane","Underhanded Strike"],"picked":"Backstab","floor":2.0},{"not_picked":["PiercingWail","Deadly Poison"],"picked":"Heel Hook","floor":3.0},{"not_picked":["Acrobatics","Backstab"],"picked":"Leg Sweep","floor":5.0},{"not_picked":["Terror","Crippling Poison"],"picked":"Quick Slash","floor":6.0},{"not_picked":["Acrobatics","Tactician"],"picked":"Adrenaline","floor":8.0},{"not_picked":["Backstab","Underhanded Strike"],"picked":"Backflip","floor":10.0},{"not_picked":["Flechettes","Blade Dance"],"picked":"Tactician","floor":12.0},{"not_picked":["Phantasmal Killer","Burst"],"picked":"Die Die Die","floor":16.0},{"not_picked":["Flying Knee","Choke+1"],"picked":"Poisoned Stab+1","floor":18.0},{"not_picked":["Deflect+1","Quick Slash"],"picked":"Caltrops+1","floor":19.0},{"not_picked":["Accuracy","Backflip"],"picked":"PiercingWail","floor":22.0},{"not_picked":["Poisoned Stab","Flechettes"],"picked":"Leg Sweep","floor":23.0},{"not_picked":["Outmaneuver","Riddle With Holes"],"picked":"Prepared+1","floor":29.0},{"not_picked":["Dagger Throw","Heel Hook+1"],"picked":"Die Die Die","floor":30.0},{"not_picked":["Tools of the Trade","Grand Finale"],"picked":"Bullet Time","floor":33.0},{"not_picked":["Bane","Predator+1"],"picked":"PiercingWail+1","floor":35},{"not_picked":["Sucker Punch","Dagger Throw+1"],"picked":"Deflect+1","floor":37},{"not_picked":["Riddle With Holes","Prepared"],"picked":"Cloak And Dagger","floor":38},{"not_picked":["Expertise+1","Infinite Blades"],"picked":"Catalyst+1","floor":40},{"not_picked":["PanicButton","Dramatic Entrance","Finesse"],"picked":"Dark Shackles","floor":45},{"not_picked":["Sucker Punch","All Out Attack+1","Prepared"],"picked":"Night Terror","floor":48}],"player_experience":345384,"relics_obtained":[{"floor":6.0,"key":"Whetstone"},{"floor":8.0,"key":"WingedGreaves"},{"floor":9.0,"key":"Kunai"},{"floor":17.0,"key":"Smiling Mask"},{"floor":17.0,"key":"Du-Vu Doll"},{"floor":17.0,"key":"Pear"},{"floor":23.0,"key":"Mummified Hand"},{"floor":25.0,"key":"Nilry\u0027s Codex"},{"floor":26.0,"key":"Bottled Flame"},{"floor":27.0,"key":"Centennial Puzzle"},{"floor":29.0,"key":"Paper Crane"},{"floor":38,"key":"Peace Pipe"},{"floor":40,"key":"Pocketwatch"},{"floor":43,"key":"Question Card"},{"floor":48,"key":"Art of War"}],"event_choices":[{"damage_healed":0.0,"max_hp_gain":0.0,"max_hp_loss":0.0,"gold_gain":0.0,"event_name":"Addict","player_choice":"Stole Relic","floor":20.0,"gold_loss":0.0,"damage_taken":0.0,"relics_obtained":["Dodecahedron"],"cards_obtained":["Shame"]},{"cards_removed":["Strike_G"],"damage_healed":0.0,"max_hp_gain":0.0,"max_hp_loss":0.0,"gold_gain":0.0,"event_name":"Beggar","player_choice":"Gave Gold","floor":21.0,"gold_loss":75.0,"damage_taken":0.0},{"damage_healed":0.0,"max_hp_gain":0.0,"max_hp_loss":0.0,"gold_gain":0.0,"event_name":"Cursed Tome","player_choice":"Obtained Book","floor":25.0,"gold_loss":0.0,"damage_taken":16.0},{"damage_healed":0.0,"max_hp_gain":0.0,"max_hp_loss":0.0,"gold_gain":0.0,"event_name":"Forgotten Altar","player_choice":"Smashed Altar","floor":28.0,"gold_loss":0.0,"damage_taken":0.0,"cards_obtained":["Decay"]},{"damage_healed":0,"gold_gain":0,"player_choice":"Paid","damage_taken":0,"relics_obtained":["Red Mask"],"max_hp_gain":0,"max_hp_loss":0,"event_name":"Tomb of Lord Red Mask","floor":36,"gold_loss":132},{"damage_healed":0,"gold_gain":0,"player_choice":"Fight","damage_taken":0,"max_hp_gain":0,"max_hp_loss":0,"event_name":"MindBloom","floor":38,"gold_loss":0},{"damage_healed":20,"gold_gain":0,"player_choice":"Writhe","damage_taken":0,"max_hp_gain":0,"max_hp_loss":0,"event_name":"Winding Halls","floor":42,"gold_loss":0,"cards_obtained":["Writhe"]},{"damage_healed":0,"gold_gain":0,"player_choice":"Memory 1","damage_taken":0,"max_hp_gain":0,"max_hp_loss":0,"event_name":"SensoryStone","floor":45,"gold_loss":0}],"is_beta":false,"boss_relics":[{"not_picked":["Runic Pyramid","Snecko Eye"],"picked":"Calling Bell"},{"not_picked":["White Beast Statue","Philosopher\u0027s Stone"],"picked":"Eternal Feather"}],"items_purged_floors":[4,39,44,46],"is_endless":false,"potions_floor_spawned":[1,5,6,8,12,16,19,29,48],"ascension_level":5}