{"gold_per_floor":[109,109,127,145,168,168,181,181,235,245,245,257,276,276],"floor_reached":14,"playtime":332,"items_purged":[],"score":160,"play_id":"5c0b0ed0-9b9b-4ddb-965d-0e10c1a208ca","local_time":"20190110011027","is_ascension_mode":true,"campfire_choices":[{"data":"Dualcast","floor":6,"key":"SMITH"},{"data":"Static Discharge","floor":8,"key":"SMITH"}],"neow_cost":"NONE","seed_source_timestamp":2016687656119589,"circlet_count":0,"master_deck":["AscendersBane","Strike_B","Strike_B","Strike_B","Strike_B","Defend_B","Defend_B","Defend_B","Defend_B","Zap+1","Dualcast+1","Conserve Battery","Echo Form","Static Discharge+1","Coolheaded","Auto Shields"],"relics":["Cracked Core","NeowsBlessing","Dream Catcher","Oddly Smooth Stone"],"potions_floor_usage":[],"damage_taken":[{"damage":0,"enemies":"Small Slimes","floor":1,"turns":1},{"damage":0,"enemies":"Cultist","floor":3,"turns":1},{"damage":0,"enemies":"Jaw Worm","floor":4,"turns":1},{"damage":18,"enemies":"Large Slime","floor":7,"turns":5},{"damage":0,"enemies":"2 Fungi Beasts","floor":10,"turns":4},{"damage":5,"enemies":"Looter","floor":12,"turns":3},{"damage":35,"enemies":"Exordium Thugs","floor":13,"turns":4},{"damage":10,"enemies":"Lots of Slimes","floor":14,"turns":2}],"seed_played":"6827494751290774172","potions_obtained":[{"floor":3,"key":"Strength Potion"},{"floor":7,"key":"LiquidBronze"},{"floor":10,"key":"Energy Potion"},{"floor":11,"key":"FocusPotion"}],"is_trial":false,"path_per_floor":["M","?","M","M","T","R","M","R","T","M","?","M","M","M"],"character_chosen":"DEFECT","items_purchased":[],"campfire_rested":0,"item_purchase_floors":[],"current_hp_per_floor":[64,64,64,64,64,64,46,46,46,46,46,41,6,0],"gold":276,"neow_bonus":"THREE_ENEMY_KILL","is_prod":false,"is_daily":false,"chose_seed":false,"campfire_upgraded":2,"win_rate":0,"timestamp":1547050227,"path_taken":["M","?","M","?","?","R","M","R","T","M","?","M","?","?"],"build_version":"2019-01-03v4","purchased_purges":0,"victory":false,"max_hp_per_floor":[71,71,71,71,71,71,71,71,71,71,71,71,71,71],"card_choices":[{"not_picked":["Storm","Steam"],"picked":"Conserve Battery","floor":1},{"not_picked":["Redo","Turbo","Barrage"],"picked":"SKIP","floor":3},{"not_picked":["Compile Driver","Hello World"],"picked":"Echo Form","floor":4},{"not_picked":["Storm","Undo"],"picked":"Static Discharge","floor":7},{"not_picked":["Fusion","Chaos"],"picked":"Coolheaded","floor":10},{"not_picked":["Beam Cell","Compile Driver"],"picked":"Auto Shields","floor":12},{"not_picked":["Turbo","Redo","Sweeping Beam"],"picked":"SKIP","floor":13}],"player_experience":809810,"relics_obtained":[{"floor":5,"key":"Dream Catcher"},{"floor":9,"key":"Oddly Smooth Stone"}],"event_choices":[{"damage_healed":0,"gold_gain":0,"player_choice":"Forge","damage_taken":0,"max_hp_gain":0,"max_hp_loss":0,"event_name":"Accursed Blacksmith","floor":2,"gold_loss":0,"cards_upgraded":["Zap"]},{"damage_healed":0,"gold_gain":0,"player_choice":"Got Potions","damage_taken":0,"max_hp_gain":0,"max_hp_loss":0,"event_name":"Lab","floor":11,"gold_loss":0}],"is_beta":false,"boss_relics":[],"items_purged_floors":[],"is_endless":false,"potions_floor_spawned":[3,7,10,13],"killed_by":"Lots of Slimes","ascension_level":18}