{"gold_per_floor":[115,115,115,133,62,91,110,110,110,124,138,166,177,177,177,177],"floor_reached":16,"playtime":331,"items_purged":[],"score":206,"play_id":"dbcf9d89-34f9-4e6e-bb33-1148d40a2039","local_time":"20181021001323","is_ascension_mode":true,"campfire_choices":[{"floor":15,"key":"REST"}],"neow_cost":"NONE","seed_source_timestamp":96762579670142,"circlet_count":0,"master_deck":["Strike_B","Strike_B","Strike_B","Defend_B","Defend_B","Defend_B","Defend_B","Zap","Dualcast","AscendersBane","Gash","Thunder Strike","Storm","Static Discharge","Electrodynamics","White Noise","Defragment","Conserve Battery","FTL+1"],"relics":["Cracked Core","NeowsBlessing","Shuriken","Matryoshka","PreservedInsect","Molten Egg 2","StoneCalendar"],"potions_floor_usage":[12,16],"damage_taken":[{"damage":0,"enemies":"2 Louse","floor":1,"turns":1},{"damage":0,"enemies":"Cultist","floor":4,"turns":1},{"damage":0,"enemies":"Lagavulin","floor":6,"turns":2},{"damage":9,"enemies":"Jaw Worm","floor":7,"turns":3},{"damage":8,"enemies":"2 Fungi Beasts","floor":10,"turns":3},{"damage":22,"enemies":"Exordium Thugs","floor":11,"turns":3},{"damage":16,"enemies":"Gremlin Nob","floor":12,"turns":3},{"damage":9,"enemies":"Large Slime","floor":13,"turns":4},{"damage":26,"enemies":"Hexaghost","floor":16,"turns":6}],"seed_played":"4230677658299389645","potions_obtained":[{"floor":7,"key":"Energy Potion"},{"floor":10,"key":"Fire Potion"},{"floor":11,"key":"FocusPotion"},{"floor":12,"key":"Poison Potion"}],"is_trial":false,"path_per_floor":["M","?","?","M","$","E","M","T","T","M","M","E","M","?","R"],"character_chosen":"DEFECT","items_purchased":["Static Discharge"],"campfire_rested":1,"item_purchase_floors":[5],"current_hp_per_floor":[68,68,68,68,68,68,59,59,59,51,29,13,4,4,26,0],"gold":177,"neow_bonus":"THREE_ENEMY_KILL","is_prod":false,"is_daily":false,"chose_seed":false,"campfire_upgraded":0,"win_rate":0,"timestamp":1540048403,"path_taken":["M","?","?","M","$","E","M","?","T","M","?","E","M","?","R","BOSS"],"build_version":"2018-10-19","purchased_purges":0,"victory":false,"max_hp_per_floor":[75,75,75,75,75,75,75,75,75,75,75,75,75,75,75,75],"card_choices":[{"not_picked":["Hologram","Streamline"],"picked":"Gash","floor":1},{"not_picked":["Stack","Force Field"],"picked":"Storm","floor":4},{"not_picked":["Leap","Reboot"],"picked":"Electrodynamics","floor":6},{"not_picked":["Beam Cell","Steam Power"],"picked":"White Noise","floor":7},{"not_picked":["Cold Snap+1","Leap"],"picked":"Defragment","floor":10},{"not_picked":["Redo","BootSequence"],"picked":"Conserve Battery","floor":11},{"not_picked":["Recycle","Darkness"],"picked":"FTL+1","floor":12},{"not_picked":["Reprogram","Rebound+1","Steam"],"picked":"SKIP","floor":13}],"player_experience":523991,"relics_obtained":[{"floor":6,"key":"Shuriken"},{"floor":8,"key":"Matryoshka"},{"floor":9,"key":"PreservedInsect"},{"floor":9,"key":"Molten Egg 2"},{"floor":12,"key":"StoneCalendar"}],"event_choices":[{"cards_removed":["Strike_B"],"damage_healed":0,"gold_gain":0,"player_choice":"Purged","damage_taken":0,"max_hp_gain":0,"max_hp_loss":0,"event_name":"Purifier","floor":2,"gold_loss":0},{"damage_healed":0,"gold_gain":0,"player_choice":"1 cards matched","damage_taken":0,"max_hp_gain":0,"max_hp_loss":0,"event_name":"Match and Keep!","floor":3,"gold_loss":0,"cards_obtained":["Thunder Strike"]},{"damage_healed":0,"gold_gain":0,"player_choice":"Ignored","damage_taken":0,"max_hp_gain":0,"max_hp_loss":0,"event_name":"Golden Idol","floor":14,"gold_loss":0}],"is_beta":true,"boss_relics":[],"items_purged_floors":[],"is_endless":false,"potions_floor_spawned":[7,10,11,12],"killed_by":"Hexaghost","ascension_level":10}