{"gold_per_floor":[117,133,308,325,400,425,425,438,462,462,508,539,565,313,313,313],"floor_reached":16,"playtime":678,"items_purged":["Doubt"],"score":122,"play_id":"b5dc81fb-d2d5-49f7-89b2-5fd58eedaae5","local_time":"20181203080444","is_ascension_mode":true,"campfire_choices":[{"floor":7,"key":"REST"},{"data":"Sunder","floor":10,"key":"SMITH"},{"floor":15,"key":"REST"}],"neow_cost":"NONE","seed_source_timestamp":212547972611317,"circlet_count":0,"master_deck":["Strike_B","Strike_B","Strike_B","Strike_B","Defend_B","Defend_B","Defend_B","Defend_B","Zap","Dualcast","Streamline","Sunder+1","Fission","Gash","Leap","Steam","Go for the Eyes","Streamline"],"relics":["Cracked Core","Ancient Tea Set","Juzu Bracelet","MawBank","Membership Card"],"potions_floor_usage":[16],"damage_taken":[{"damage":3,"enemies":"Jaw Worm","floor":1,"turns":4},{"damage":0,"enemies":"Small Slimes","floor":2,"turns":2},{"damage":6,"enemies":"Cultist","floor":4,"turns":3},{"damage":52,"enemies":"Lagavulin","floor":6,"turns":8},{"damage":17,"enemies":"Large Slime","floor":8,"turns":4},{"damage":0,"enemies":"2 Fungi Beasts","floor":12,"turns":2},{"damage":3,"enemies":"Exordium Wildlife","floor":13,"turns":3},{"damage":15,"enemies":"Slime Boss","floor":16,"turns":6}],"seed_played":"3359486757285804479","potions_obtained":[{"floor":4,"key":"Energy Potion"},{"floor":6,"key":"Weak Potion"},{"floor":12,"key":"Dexterity Potion"}],"is_trial":false,"path_per_floor":["M","M","?","M","?","E","R","M","T","R","T","M","M","$","R","B"],"character_chosen":"DEFECT","items_purchased":["Membership Card","Streamline"],"campfire_rested":2,"item_purchase_floors":[14,14],"current_hp_per_floor":[72,72,72,66,55,3,25,8,8,8,8,8,5,5,27,12],"gold":313,"neow_bonus":"THREE_CARDS","is_prod":false,"is_daily":false,"chose_seed":false,"campfire_upgraded":1,"win_rate":0,"timestamp":1543842284,"path_taken":["M","M","?","M","?","E","R","M","T","R","?","M","M","$","R","BOSS"],"build_version":"2018-11-15","purchased_purges":1,"victory":false,"max_hp_per_floor":[75,75,75,75,75,75,75,75,75,75,75,75,75,75,75,75],"card_choices":[{"not_picked":["Conserve Battery","Rebound"],"picked":"Streamline","floor":0},{"not_picked":["Stack","Hello World"],"picked":"Sunder","floor":1},{"not_picked":["Fusion","Compile Driver","Conserve Battery"],"picked":"SKIP","floor":2},{"not_picked":["Storm","Conserve Battery"],"picked":"Fission","floor":4},{"not_picked":["Ball Lightning","Barrage"],"picked":"Gash","floor":6},{"not_picked":["Ball Lightning","White Noise"],"picked":"Leap","floor":8},{"not_picked":["Lockon","Turbo"],"picked":"Steam","floor":12},{"not_picked":["Stack","Compile Driver"],"picked":"Go for the Eyes","floor":13}],"player_experience":252850,"relics_obtained":[{"floor":6,"key":"Ancient Tea Set"},{"floor":9,"key":"Juzu Bracelet"},{"floor":11,"key":"MawBank"}],"event_choices":[{"damage_healed":0,"gold_gain":175,"player_choice":"AGREE","damage_taken":0,"max_hp_gain":0,"max_hp_loss":0,"event_name":"Liars Game","floor":3,"gold_loss":0,"cards_obtained":["Doubt"]},{"damage_healed":0,"gold_gain":75,"player_choice":"Gather Gold","damage_taken":11,"max_hp_gain":0,"max_hp_loss":0,"event_name":"World of Goop","floor":5,"gold_loss":0}],"is_beta":false,"boss_relics":[],"items_purged_floors":[14],"is_endless":false,"potions_floor_spawned":[4,6,12],"killed_by":"Slime Boss","ascension_level":4}