{"gold_per_floor":[144,195,145,190,69,69,114,114,114,139,229,274,274,319,319,619,619,619,544,237,237,237,237,237,237,237,237,237,178,178,178,178,178,178,178,178],"floor_reached":36,"playtime":11006,"items_purged":["Grand Finale","Unload"],"score":407,"play_id":"d9846279-1466-4e9f-b6dd-52777c16afd8","local_time":"20190112203201","daily_mods":["Shiny","Time Dilation","Midas"],"is_ascension_mode":false,"campfire_choices":[{"floor":6,"key":"REST"},{"floor":8,"key":"REST"},{"floor":13,"key":"REST"},{"floor":15,"key":"REST"},{"floor":24,"key":"REST"},{"floor":27,"key":"REST"},{"floor":32,"key":"REST"}],"neow_cost":"","seed_source_timestamp":0,"circlet_count":0,"master_deck":["Venomology","Corpse Explosion","Malaise","Phantasmal Killer","Die Die Die","Adrenaline","Envenom","Doppelganger","Burst","Tools of the Trade","Night Terror","After Image","Bullet Time","Storm of Steel","Glass Knife","A Thousand Cuts+1","Caltrops","PiercingWail","Cloak And Dagger","Backflip","Calculated Gamble","Envenom","Crippling Poison","Footwork","Predator","Magnetism","Bouncing Flask","Blur+1","Noxious Fumes","Deflect+1","Burst","Cloak And Dagger+1"],"special_seed":17908,"relics":["Ring of the Snake","Ice Cream","Snake Skull","Bottled Flame","Ectoplasm","Strawberry","Ornamental Fan","The Courier","Ancient Tea Set","HoveringKite"],"potions_floor_usage":[11,14,14,16,16,16,23,33,33],"damage_taken":[{"damage":15.0,"enemies":"Jaw Worm","floor":1.0,"turns":3.0},{"damage":15.0,"enemies":"Small Slimes","floor":4.0,"turns":3.0},{"damage":0,"enemies":"Cultist","floor":7,"turns":2},{"damage":14,"enemies":"Gremlin Nob","floor":11,"turns":3},{"damage":0,"enemies":"Exordium Thugs","floor":12,"turns":2},{"damage":0,"enemies":"Blue Slaver","floor":14,"turns":1},{"damage":32,"enemies":"Hexaghost","floor":16,"turns":4},{"damage":0,"enemies":"3 Byrds","floor":18,"turns":3},{"damage":14,"enemies":"2 Thieves","floor":19,"turns":4},{"damage":9,"enemies":"Snecko","floor":22,"turns":4},{"damage":15,"enemies":"Gremlin Leader","floor":23,"turns":6},{"damage":14,"enemies":"Snake Plant","floor":28,"turns":3},{"damage":8,"enemies":"Chosen and Byrds","floor":30,"turns":4},{"damage":27,"enemies":"Collector","floor":33,"turns":7},{"damage":24,"enemies":"3 Darklings","floor":35,"turns":3},{"damage":59,"enemies":"2 Orb Walkers","floor":36,"turns":3}],"seed_played":"-6985528776825621970","potions_obtained":[{"floor":7,"key":"SteroidPotion"},{"floor":12,"key":"LiquidBronze"},{"floor":16,"key":"SpeedPotion"},{"floor":18,"key":"SmokeBomb"},{"floor":23,"key":"Ancient Potion"},{"floor":30,"key":"PowerPotion"}],"is_trial":false,"path_per_floor":["M","?","?","M","$","R","M","R","T","T","E","M","R","M","R","B",null,"M","M","$","T","M","E","R","?","T","R","M","$","M","?","R","B",null,"M","?"],"character_chosen":"THE_SILENT","items_purchased":["Cloak And Dagger","Predator","Magnetism","Noxious Fumes"],"campfire_rested":7,"item_purchase_floors":[5,20,20,29],"current_hp_per_floor":[55,55,55,40,40,61,61,70,70,70,56,56,70,70,70,38,70,70,56,56,63,54,39,62,62,62,77,63,63,55,55,77,50,77,53,0],"gold":178,"neow_bonus":"","is_prod":false,"is_daily":true,"chose_seed":false,"campfire_upgraded":0,"win_rate":0,"timestamp":1547343121,"path_taken":["M","?","?","M","$","R","M","R","T","?","E","M","R","M","R","BOSS","M","M","?","?","M","E","R","?","T","R","M","$","?","?","R","BOSS","M","?"],"build_version":"2019-01-10","purchased_purges":2,"victory":false,"max_hp_per_floor":[70,70,70,70,70,70,70,70,70,70,70,70,70,70,70,70,70,70,70,70,77,77,77,77,77,77,77,77,77,77,77,77,77,77,77,77],"card_choices":[{"not_picked":["Prepared","Skewer"],"picked":"Caltrops","floor":1.0},{"not_picked":["Poisoned Stab","Blade Dance"],"picked":"PiercingWail","floor":4},{"not_picked":["Bane","Dagger Spray"],"picked":"Backflip","floor":7},{"not_picked":["Phantasmal Killer","Underhanded Strike","Quick Slash"],"picked":"SKIP","floor":11},{"not_picked":["Prepared","Distraction","Expertise"],"picked":"SKIP","floor":12},{"not_picked":["Slice","Bane"],"picked":"Calculated Gamble","floor":14},{"not_picked":["Unload","Phantasmal Killer"],"picked":"Envenom","floor":16},{"not_picked":["Deadly Poison+1","Blade Dance"],"picked":"Crippling Poison","floor":18},{"not_picked":["Bouncing Flask","Skewer"],"picked":"Footwork","floor":19},{"not_picked":["Dagger Throw","Sucker Punch","Bane"],"picked":"SKIP","floor":22},{"not_picked":["Prepared+1","Predator"],"picked":"Bouncing Flask","floor":23},{"not_picked":["Backflip","Dash"],"picked":"Blur+1","floor":28},{"not_picked":["Deadly Poison","Distraction"],"picked":"Deflect+1","floor":30},{"not_picked":["Unload","Bullet Time"],"picked":"Burst","floor":33},{"not_picked":["Blade Dance","Flying Knee+1"],"picked":"Cloak And Dagger+1","floor":35}],"player_experience":786763,"relics_obtained":[{"floor":9,"key":"Ice Cream"},{"floor":10,"key":"Snake Skull"},{"floor":11,"key":"Bottled Flame"},{"floor":21,"key":"Strawberry"},{"floor":23,"key":"Ornamental Fan"},{"floor":26,"key":"The Courier"}],"event_choices":[{"damage_healed":0.0,"max_hp_gain":0.0,"max_hp_loss":0.0,"gold_gain":51.0,"event_name":"Golden Wing","player_choice":"Gained Gold","floor":2.0,"gold_loss":0.0,"damage_taken":0.0},{"cards_removed":["Wraith Form v2"],"damage_healed":0.0,"max_hp_gain":0.0,"max_hp_loss":0.0,"gold_gain":0.0,"event_name":"The Cleric","player_choice":"Card Removal","floor":3.0,"gold_loss":50.0,"damage_taken":0.0},{"damage_healed":0,"gold_gain":0,"player_choice":"Forge","damage_taken":0,"max_hp_gain":0,"max_hp_loss":0,"event_name":"Accursed Blacksmith","floor":25,"gold_loss":0,"cards_upgraded":["A Thousand Cuts"]},{"damage_healed":0,"gold_gain":0,"player_choice":"Opened","damage_taken":0,"relics_obtained":["Ancient Tea Set"],"max_hp_gain":0,"max_hp_loss":0,"event_name":"The Mausoleum","floor":31,"gold_loss":0},{"damage_healed":0,"gold_gain":0,"player_choice":"Fight","damage_taken":0,"max_hp_gain":0,"max_hp_loss":0,"event_name":"Mysterious Sphere","floor":36,"gold_loss":0}],"is_beta":false,"boss_relics":[{"not_picked":["Black Star","Eternal Feather"],"picked":"Ectoplasm"},{"not_picked":["Ring of the Serpent","Runic Pyramid"],"picked":"HoveringKite"}],"items_purged_floors":[5,20],"is_endless":false,"potions_floor_spawned":[7,12,16,18,23,28,30],"killed_by":"2 Orb Walkers","ascension_level":0}