{"gold_per_floor":[116,116,291,303,323,323,358,358,436,470,487,501,26,36,36,36],"floor_reached":16,"playtime":1130,"items_purged":["Doubt"],"score":157,"play_id":"afaf74cc-a3b8-4a06-a058-5eb6cfaa93ea","local_time":"20190204184402","is_ascension_mode":true,"campfire_choices":[{"data":"Neutralize","floor":6,"key":"SMITH"},{"floor":8,"key":"REST"},{"floor":15,"key":"REST"}],"neow_cost":"NONE","seed_source_timestamp":2226062796183308,"circlet_count":0,"master_deck":["Defend_G","Defend_G","Defend_G","Defend_G","Defend_G","Strike_G","Strike_G","Strike_G","Strike_G","Survivor","Neutralize+1","Predator","PiercingWail","Dagger Throw","Doppelganger","Envenom","Blur","Footwork","Dark Shackles","Master of Strategy","Cloak And Dagger","Quick Slash","Dagger Throw"],"relics":["Ring of the Snake","Ancient Tea Set","Art of War"],"potions_floor_usage":[4,10,14,16],"damage_taken":[{"damage":4,"enemies":"Cultist","floor":1,"turns":5},{"damage":0,"enemies":"Small Slimes","floor":4,"turns":4},{"damage":0,"enemies":"2 Louse","floor":5,"turns":3},{"damage":44,"enemies":"Lagavulin","floor":7,"turns":10},{"damage":19,"enemies":"3 Sentries","floor":10,"turns":11},{"damage":22,"enemies":"Exordium Wildlife","floor":11,"turns":8},{"damage":2,"enemies":"3 Louse","floor":12,"turns":4},{"damage":0,"enemies":"Large Slime","floor":14,"turns":8},{"damage":27,"enemies":"The Guardian","floor":16,"turns":13}],"seed_played":"8196214344794988945","potions_obtained":[{"floor":1,"key":"Fruit Juice"},{"floor":7,"key":"Fire Potion"},{"floor":14,"key":"FearPotion"}],"is_trial":false,"path_per_floor":["M","?","?","M","M","R","E","R","T","E","M","M","$","M","R","B"],"character_chosen":"THE_SILENT","items_purchased":["SpeedPotion","Dark Shackles","Master of Strategy","Cloak And Dagger","Quick Slash"],"campfire_rested":2,"item_purchase_floors":[13,13,13,13,13],"current_hp_per_floor":[66,59,59,64,64,64,20,44,44,25,3,1,1,1,25,0],"gold":36,"neow_bonus":"TEN_PERCENT_HP_BONUS","is_prod":false,"is_daily":false,"chose_seed":false,"campfire_upgraded":1,"win_rate":0,"timestamp":1549323842,"path_taken":["M","?","?","M","M","R","E","R","T","E","M","M","$","M","R","BOSS"],"build_version":"2019-01-23","purchased_purges":1,"victory":false,"max_hp_per_floor":[77,77,77,82,82,82,82,82,82,82,82,82,82,82,82,82],"card_choices":[{"not_picked":["Catalyst","Prepared"],"picked":"Predator","floor":1},{"not_picked":["Outmaneuver","Deflect"],"picked":"PiercingWail","floor":4},{"not_picked":["Finisher","Masterful Stab"],"picked":"Dagger Throw","floor":5},{"not_picked":["Prepared","Quick Slash"],"picked":"Doppelganger","floor":7},{"not_picked":["Poisoned Stab","Prepared"],"picked":"Envenom","floor":10},{"not_picked":["Choke","Dodge and Roll"],"picked":"Blur","floor":11},{"not_picked":["Bane","Catalyst"],"picked":"Footwork","floor":12},{"not_picked":["Bane","Predator"],"picked":"Dagger Throw","floor":14}],"player_experience":858572,"relics_obtained":[{"floor":7,"key":"Ancient Tea Set"},{"floor":10,"key":"Art of War"}],"event_choices":[{"cards_removed":["Strike_G"],"damage_healed":0,"gold_gain":0,"player_choice":"Card Removal","damage_taken":7,"max_hp_gain":0,"max_hp_loss":0,"event_name":"Golden Wing","floor":2,"gold_loss":0},{"damage_healed":0,"gold_gain":175,"player_choice":"AGREE","damage_taken":0,"max_hp_gain":0,"max_hp_loss":0,"event_name":"Liars Game","floor":3,"gold_loss":0,"cards_obtained":["Doubt"]}],"is_beta":false,"boss_relics":[],"items_purged_floors":[13],"is_endless":false,"potions_floor_spawned":[1,7,14],"killed_by":"The Guardian","ascension_level":8}