{"gold_per_floor":[113,123,123,49,67,106,106,149,149,149,165,165,211,232,232,357,357,378,393,318,318,343,343,382,405,432,455,20,56,56,100,100,228,228,252,275,275,293,293,293,317,317,342,342,362,487,500,525,525,525],"floor_reached":51,"playtime":4400,"items_purged":["Strike_B"],"score":987,"play_id":"5d4cf161-d7e3-47a6-8753-a064326486fb","local_time":"20190204223957","is_ascension_mode":true,"campfire_choices":[{"floor":7.0,"key":"REST"},{"floor":10.0,"key":"REST"},{"data":"Defragment","floor":12.0,"key":"SMITH"},{"floor":15.0,"key":"REST"},{"data":"Sweeping Beam","floor":23,"key":"SMITH"},{"floor":30,"key":"REST"},{"floor":32,"key":"REST"},{"floor":40,"key":"REST"},{"floor":44,"key":"REST"},{"floor":49,"key":"REST"}],"neow_cost":"NONE","seed_source_timestamp":351227268301341,"circlet_count":0,"master_deck":["Strike_B","Strike_B","Defend_B","Defend_B","Defend_B","Defend_B","Zap","Dualcast","Defragment+1","Go for the Eyes","All For One","Darkness","Electrodynamics","Steam+1","Sweeping Beam+1","Consume+1","Seek+1","Beam Cell+1","Leap+1","Coolheaded+1","Reinforced Body+1","Genetic Algorithm+1","Undo+1","White Noise+1","Core Surge","Coolheaded+1","Rainbow+1","Buffer","Redo+1","Coolheaded+1","Apotheosis+1","Chill+1","Writhe","Hologram+1","Ball Lightning+1","White Noise+1","Compile Driver+1"],"special_seed":0,"relics":["Cracked Core","Golden Idol","Letter Opener","Toxic Egg 2","Bottled Tornado","Smiling Mask","Velvet Choker","Pear","PreservedInsect","DataDisk","Kunai","Blood Vial","Inserter","Bag of Preparation","Calipers"],"potions_floor_usage":[22,22,24,29,41,47,50],"damage_taken":[{"damage":13.0,"enemies":"Jaw Worm","floor":1.0,"turns":4.0},{"damage":11.0,"enemies":"Small Slimes","floor":2.0,"turns":3.0},{"damage":0.0,"enemies":"2 Louse","floor":5.0,"turns":2.0},{"damage":26.0,"enemies":"3 Sentries","floor":6.0,"turns":9.0},{"damage":28.0,"enemies":"Gremlin Nob","floor":8.0,"turns":4.0},{"damage":13.0,"enemies":"Exordium Thugs","floor":11.0,"turns":3.0},{"damage":0.0,"enemies":"Lots of Slimes","floor":14.0,"turns":1.0},{"damage":40.0,"enemies":"The Guardian","floor":16.0,"turns":10.0},{"damage":13.0,"enemies":"Shell Parasite","floor":18.0,"turns":4.0},{"damage":17,"enemies":"2 Thieves","floor":19,"turns":4},{"damage":0,"enemies":"Chosen and Byrds","floor":22,"turns":4},{"damage":1,"enemies":"Book of Stabbing","floor":24,"turns":5},{"damage":8,"enemies":"Snake Plant","floor":25,"turns":4},{"damage":0,"enemies":"3 Cultists","floor":27,"turns":3},{"damage":22,"enemies":"Gremlin Leader","floor":29,"turns":4},{"damage":28,"enemies":"Slavers","floor":31,"turns":3},{"damage":28,"enemies":"Collector","floor":33,"turns":11},{"damage":3,"enemies":"3 Shapes","floor":35,"turns":2},{"damage":22,"enemies":"3 Darklings","floor":36,"turns":3},{"damage":38,"enemies":"Jaw Worm Horde","floor":38,"turns":2},{"damage":0,"enemies":"Spire Growth","floor":41,"turns":8},{"damage":8,"enemies":"Sphere and 2 Shapes","floor":45,"turns":8},{"damage":0,"enemies":"Mind Bloom Boss Battle","floor":46,"turns":4},{"damage":10,"enemies":"3 Darklings","floor":47,"turns":4},{"damage":31,"enemies":"Spire Growth","floor":48,"turns":5},{"damage":24,"enemies":"Donu and Deca","floor":50,"turns":9}],"seed_played":"7932568180712553085","potions_obtained":[{"floor":1.0,"key":"EssenceOfSteel"},{"floor":2.0,"key":"Dexterity Potion"},{"floor":8.0,"key":"AttackPotion"},{"floor":16.0,"key":"AttackPotion"},{"floor":19,"key":"PowerPotion"},{"floor":22,"key":"PowerPotion"},{"floor":27,"key":"LiquidBronze"},{"floor":35,"key":"FocusPotion"},{"floor":36,"key":"SpeedPotion"},{"floor":45,"key":"AttackPotion"},{"floor":47,"key":"FearPotion"}],"is_trial":false,"path_per_floor":["M","M","?","$","M","E","R","E","T","R","M","R","T","M","R","B",null,"M","M","?","?","M","R","E","M","T","M","$","E","R","E","R","B",null,"M","M","?","M","?","R","M","?","T","R","M","?","M","M","R","B",null],"character_chosen":"DEFECT","items_purchased":["All For One","DataDisk","White Noise+1","Core Surge"],"campfire_rested":8,"item_purchase_floors":[4,28,28,28],"current_hp_per_floor":[62,51,51,51,51,25,47,19,19,41,28,28,28,28,50,10,60,47,30,30,30,30,30,39,31,31,31,31,9,34,6,31,5,66,65,45,45,9,31,56,58,58,58,83,77,79,71,42,67,45],"gold":525,"neow_bonus":"TEN_PERCENT_HP_BONUS","is_prod":false,"is_daily":false,"chose_seed":false,"campfire_upgraded":2,"win_rate":0,"timestamp":1549348797,"path_taken":["M","M","?","$","M","E","R","E","T","R","M","R","?","M","R","BOSS","M","M","?","?","M","R","E","M","T","M","$","E","R","E","R","BOSS","M","M","?","M","?","R","M","?","T","R","M","?","M","M","R","BOSS"],"build_version":"2019-01-23","purchased_purges":1,"victory":true,"max_hp_per_floor":[82,82,76,76,76,76,76,76,76,76,76,76,76,76,76,76,76,76,76,76,76,76,76,86,86,86,86,86,86,86,86,86,86,86,86,86,86,86,86,86,86,86,86,86,86,86,86,86,86,86],"card_choices":[{"not_picked":["Chill","Barrage"],"picked":"Defragment","floor":1.0},{"not_picked":["Auto Shields","Hologram"],"picked":"Go for the Eyes","floor":2.0},{"not_picked":["Stack","Aggregate"],"picked":"Darkness","floor":5.0},{"not_picked":["Skim","Compile Driver"],"picked":"Electrodynamics","floor":6.0},{"not_picked":["Reprogram","Skim"],"picked":"Steam","floor":8.0},{"not_picked":["Compile Driver","Cold Snap"],"picked":"Sweeping Beam","floor":11.0},{"not_picked":["Steam+1","Aggregate+1"],"picked":"Consume+1","floor":14.0},{"not_picked":["Thunder Strike","All For One"],"picked":"Seek+1","floor":16.0},{"not_picked":["Blizzard","Turbo+1"],"picked":"Beam Cell+1","floor":18.0},{"not_picked":["Stack+1","Steam+1"],"picked":"Leap+1","floor":19},{"not_picked":["Gash+1","Self Repair"],"picked":"Coolheaded+1","floor":22},{"not_picked":["Double Energy+1","Rebound"],"picked":"Reinforced Body+1","floor":24},{"not_picked":["Beam Cell","Go for the Eyes"],"picked":"Genetic Algorithm+1","floor":25},{"not_picked":["Coolheaded+1","Go for the Eyes"],"picked":"Undo+1","floor":27},{"not_picked":["Storm+1","Meteor Strike"],"picked":"Coolheaded+1","floor":29},{"not_picked":["Auto Shields+1","Streamline"],"picked":"Rainbow+1","floor":31},{"not_picked":["Electrodynamics","Core Surge"],"picked":"Buffer","floor":33},{"not_picked":["Stack+1","Rebound"],"picked":"Redo+1","floor":35},{"not_picked":["Sweeping Beam","Streamline"],"picked":"Coolheaded+1","floor":36},{"not_picked":["Master of Strategy+1","Good Instincts+1"],"picked":"Apotheosis+1","floor":37},{"not_picked":["Scrape+1","Storm+1"],"picked":"Chill+1","floor":38},{"not_picked":["Gash+1","Turbo+1","Rebound"],"picked":"SKIP","floor":41},{"not_picked":["Streamline","Melter"],"picked":"Hologram+1","floor":45},{"not_picked":["Sweeping Beam","Hologram+1"],"picked":"Ball Lightning+1","floor":46},{"not_picked":["Beam Cell+1","Tempest+1"],"picked":"White Noise+1","floor":47},{"not_picked":["Barrage","Static Discharge"],"picked":"Compile Driver+1","floor":48}],"player_experience":472673,"relics_obtained":[{"floor":6.0,"key":"Letter Opener"},{"floor":8.0,"key":"Toxic Egg 2"},{"floor":9.0,"key":"Bottled Tornado"},{"floor":13.0,"key":"Smiling Mask"},{"floor":24,"key":"Pear"},{"floor":26,"key":"PreservedInsect"},{"floor":29,"key":"Kunai"},{"floor":31,"key":"Blood Vial"},{"floor":43,"key":"Bag of Preparation"},{"floor":46,"key":"Calipers"}],"event_choices":[{"damage_healed":0.0,"max_hp_gain":0.0,"max_hp_loss":6.0,"gold_gain":0.0,"event_name":"Golden Idol","player_choice":"Lose Max HP","floor":3.0,"gold_loss":0.0,"damage_taken":0.0,"relics_obtained":["Golden Idol"]},{"cards_removed":["Strike_B"],"damage_healed":0,"gold_gain":0,"player_choice":"Gave Gold","damage_taken":0,"max_hp_gain":0,"max_hp_loss":0,"event_name":"Beggar","floor":20,"gold_loss":75},{"damage_healed":0,"gold_gain":0,"player_choice":"Ignored","damage_taken":0,"max_hp_gain":0,"max_hp_loss":0,"event_name":"Vampires","floor":21,"gold_loss":0},{"damage_healed":0,"gold_gain":0,"player_choice":"Memory 1","damage_taken":0,"max_hp_gain":0,"max_hp_loss":0,"event_name":"SensoryStone","floor":37,"gold_loss":0},{"damage_healed":22,"gold_gain":0,"player_choice":"Writhe","damage_taken":0,"max_hp_gain":0,"max_hp_loss":0,"event_name":"Winding Halls","floor":39,"gold_loss":0,"cards_obtained":["Writhe"]},{"damage_healed":0,"gold_gain":0,"player_choice":"Ignored","damage_taken":0,"max_hp_gain":0,"max_hp_loss":0,"event_name":"Mysterious Sphere","floor":42,"gold_loss":0},{"damage_healed":0,"gold_gain":0,"player_choice":"Fight","damage_taken":0,"max_hp_gain":0,"max_hp_loss":0,"event_name":"MindBloom","floor":46,"gold_loss":0}],"is_beta":false,"boss_relics":[{"not_picked":["Eternal Feather","FrozenCore"],"picked":"Velvet Choker"},{"not_picked":["Busted Crown","White Beast Statue"],"picked":"Inserter"}],"items_purged_floors":[28],"is_endless":false,"potions_floor_spawned":[1,2,8,16,19,22,27,35,36,45,47],"ascension_level":8}