{"gold_per_floor":[117,117,130,130,130,163,189,201,293,330,355,101,101,101,101,176,176,186,186,199,50,230,230,241,269,269,279,292,324,324,339,339,415,415,427,427,445,52,66,95,95,95,95,95,107,123,139,159,159,159],"floor_reached":50,"playtime":2352,"items_purged":["Strike_B","Strike_B"],"score":1030,"play_id":"48b09b43-5b64-49cf-a27f-8fb4cc0db2c7","local_time":"20181229190435","is_ascension_mode":true,"campfire_choices":[{"data":"Go for the Eyes","floor":8,"key":"SMITH"},{"data":"Zap","floor":15,"key":"SMITH"},{"floor":23,"key":"REST"},{"floor":32,"key":"REST"},{"floor":41,"key":"REST"},{"data":"Creative AI","floor":44,"key":"SMITH"},{"floor":49,"key":"RECALL"}],"neow_cost":"NONE","seed_source_timestamp":175729706800093,"circlet_count":0,"master_deck":["AscendersBane","Strike_B","Defend_B","Defend_B","Defend_B","Zap+1","Dualcast","Go for the Eyes","Go for the Eyes+1","Glacier","Cold Snap","Rainbow","Conserve Battery","Apotheosis+1","Core Surge","Compile Driver+1","Cold Snap","Cold Snap+1","Defragment","Shame","Compile Driver+1","Recycle","Creative AI+1","Coolheaded","Compile Driver+1","Coolheaded","Recycle+1","Blizzard","Hologram+1","Blizzard","Normality","Parasite","Fission","Cold Snap"],"relics":["Cracked Core","NeowsBlessing","Happy Flower","MawBank","Darkstone Periapt","Girya","Cursed Key","Anchor","Boot","Regal Pillow","DataDisk","Orrery","Ice Cream","Whetstone"],"potions_floor_usage":[16,33,40,50,50],"damage_taken":[{"damage":0,"enemies":"2 Louse","floor":1,"turns":1},{"damage":0,"enemies":"Small Slimes","floor":3,"turns":1},{"damage":0,"enemies":"3 Sentries","floor":6,"turns":1},{"damage":2,"enemies":"Jaw Worm","floor":7,"turns":3},{"damage":5,"enemies":"Lagavulin","floor":10,"turns":12},{"damage":0,"enemies":"2 Fungi Beasts","floor":11,"turns":2},{"damage":36,"enemies":"Slime Boss","floor":16,"turns":10},{"damage":10,"enemies":"Spheric Guardian","floor":18,"turns":5},{"damage":0,"enemies":"Chosen","floor":20,"turns":6},{"damage":0,"enemies":"3 Cultists","floor":24,"turns":6},{"damage":0,"enemies":"Book of Stabbing","floor":25,"turns":7},{"damage":0,"enemies":"Snake Plant","floor":27,"turns":3},{"damage":6,"enemies":"Centurion and Healer","floor":28,"turns":7},{"damage":28,"enemies":"Slavers","floor":29,"turns":8},{"damage":13,"enemies":"3 Cultists","floor":31,"turns":6},{"damage":6,"enemies":"Collector","floor":33,"turns":12},{"damage":2,"enemies":"3 Shapes","floor":35,"turns":5},{"damage":0,"enemies":"Orb Walker","floor":37,"turns":5},{"damage":15,"enemies":"4 Shapes","floor":39,"turns":7},{"damage":44,"enemies":"Giant Head","floor":40,"turns":10},{"damage":3,"enemies":"Maw","floor":45,"turns":8},{"damage":0,"enemies":"Writhing Mass","floor":46,"turns":6},{"damage":42,"enemies":"Jaw Worm Horde","floor":47,"turns":5},{"damage":4,"enemies":"Transient","floor":48,"turns":5},{"damage":12,"enemies":"Awakened One","floor":50,"turns":2}],"seed_played":"-6702232858926775734","potions_obtained":[{"floor":6,"key":"Energy Potion"},{"floor":10,"key":"PowerPotion"},{"floor":16,"key":"Explosive Potion"},{"floor":27,"key":"Energy Potion"},{"floor":29,"key":"EssenceOfSteel"},{"floor":37,"key":"Ancient Potion"},{"floor":45,"key":"SkillPotion"},{"floor":48,"key":"Dexterity Potion"}],"is_trial":false,"path_per_floor":["M","?","M","?","?","E","M","R","T","E","M","$","?","?","R","B",null,"M","?","M","$","?","R","M","E","T","M","M","E","?","M","R","B",null,"M","?","M","$","M","E","R","?","T","R","M","M","M","M","R","B"],"character_chosen":"DEFECT","items_purchased":["Apotheosis","Anchor","Ice Cream"],"campfire_rested":3,"item_purchase_floors":[12,21,38],"current_hp_per_floor":[64,29,29,29,52,52,50,50,50,45,45,45,38,38,38,2,54,44,44,44,44,23,44,44,44,50,50,44,16,16,3,41,35,67,65,65,65,65,50,6,44,44,50,50,47,53,11,7,7,0],"gold":159,"neow_bonus":"THREE_ENEMY_KILL","is_prod":false,"is_daily":false,"chose_seed":false,"campfire_upgraded":3,"win_rate":0,"timestamp":1546128275,"path_taken":["M","?","M","?","?","E","M","R","T","E","M","?","?","?","R","BOSS","M","?","M","$","?","R","M","E","T","?","M","E","?","M","R","BOSS","M","?","M","?","M","E","R","?","T","R","M","M","M","M","R","BOSS"],"build_version":"2018-12-20","purchased_purges":2,"victory":false,"max_hp_per_floor":[71,71,71,71,71,71,71,71,71,71,71,71,71,71,71,71,71,71,71,71,71,71,71,71,71,77,77,77,77,77,77,77,77,77,77,77,77,77,77,77,77,73,79,79,79,85,85,85,85,85],"card_choices":[{"not_picked":["Beam Cell","Leap"],"picked":"Go for the Eyes","floor":1},{"not_picked":["Loop","Undo"],"picked":"Go for the Eyes","floor":3},{"not_picked":["Leap","Hologram"],"picked":"Glacier","floor":6},{"not_picked":["Sweeping Beam","Go for the Eyes"],"picked":"Cold Snap","floor":7},{"not_picked":["Go for the Eyes","Barrage"],"picked":"Rainbow","floor":10},{"not_picked":["Scrape","Steam"],"picked":"Conserve Battery","floor":11},{"not_picked":["Amplify","Hyperbeam"],"picked":"Core Surge","floor":16},{"not_picked":["Steam","Undo"],"picked":"Compile Driver+1","floor":18},{"not_picked":["Go for the Eyes","Steam"],"picked":"Cold Snap+1","floor":20},{"not_picked":["Steam","Streamline"],"picked":"Defragment","floor":24},{"not_picked":["Cold Snap","FTL","Beam Cell"],"picked":"SKIP","floor":25},{"not_picked":["Streamline","Hyperbeam"],"picked":"Compile Driver","floor":27},{"not_picked":["Barrage","Streamline"],"picked":"Recycle","floor":28},{"not_picked":["Beam Cell","Reboot","Aggregate"],"picked":"SKIP","floor":29},{"not_picked":["Beam Cell","Stack","Leap"],"picked":"SKIP","floor":31},{"not_picked":["Meteor Strike","All For One"],"picked":"Creative AI","floor":33},{"not_picked":["Redo","Loop"],"picked":"Coolheaded","floor":34},{"not_picked":["Undo","Gash"],"picked":"Compile Driver","floor":34},{"not_picked":["Turbo","Streamline"],"picked":"Coolheaded","floor":34},{"not_picked":["Ball Lightning","Core Surge"],"picked":"Recycle+1","floor":34},{"not_picked":["BootSequence","Self Repair"],"picked":"Blizzard","floor":34},{"not_picked":["Cold Snap","Chaos"],"picked":"Hologram+1","floor":35},{"not_picked":["Leap","Ball Lightning","Scrape+1"],"picked":"SKIP","floor":37},{"not_picked":["Reprogram+1","FTL+1","Gash"],"picked":"SKIP","floor":39},{"not_picked":["Scrape","Rebound"],"picked":"Blizzard","floor":40},{"not_picked":["Auto Shields+1","Streamline+1","BootSequence"],"picked":"SKIP","floor":45},{"not_picked":["Streamline","Scrape","Beam Cell"],"picked":"SKIP","floor":46},{"not_picked":["Conserve Battery","Beam Cell+1"],"picked":"Fission","floor":47},{"not_picked":["Go for the Eyes","Sweeping Beam"],"picked":"Cold Snap","floor":48}],"player_experience":434998,"relics_obtained":[{"floor":6,"key":"MawBank"},{"floor":9,"key":"Darkstone Periapt"},{"floor":10,"key":"Girya"},{"floor":25,"key":"Boot"},{"floor":26,"key":"Regal Pillow"},{"floor":29,"key":"DataDisk"},{"floor":40,"key":"Whetstone"}],"event_choices":[{"damage_healed":0,"gold_gain":0,"player_choice":"Success","damage_taken":35,"relics_obtained":["Happy Flower"],"max_hp_gain":0,"max_hp_loss":0,"event_name":"Scrap Ooze","floor":2,"gold_loss":0},{"damage_healed":0,"gold_gain":0,"player_choice":"Ignored","damage_taken":0,"max_hp_gain":0,"max_hp_loss":0,"event_name":"Liars Game","floor":4,"gold_loss":0},{"damage_healed":23,"gold_gain":0,"player_choice":"Banana","damage_taken":0,"max_hp_gain":0,"max_hp_loss":0,"event_name":"Big Fish","floor":5,"gold_loss":0},{"cards_removed":["Strike_B"],"damage_healed":0,"gold_gain":0,"player_choice":"Card Removal","damage_taken":7,"max_hp_gain":0,"max_hp_loss":0,"event_name":"Golden Wing","floor":13,"gold_loss":0},{"damage_healed":0,"gold_gain":0,"player_choice":"Grow","damage_taken":0,"max_hp_gain":0,"max_hp_loss":0,"event_name":"Living Wall","floor":14,"gold_loss":0,"cards_upgraded":["Apotheosis"]},{"damage_healed":0,"gold_gain":0,"player_choice":"Read","damage_taken":0,"max_hp_gain":0,"max_hp_loss":0,"event_name":"The Library","floor":19,"gold_loss":0,"cards_obtained":["Cold Snap"]},{"damage_healed":0,"gold_gain":180,"player_choice":"GOLD GOLD ","damage_taken":21,"max_hp_gain":0,"max_hp_loss":0,"event_name":"Knowing Skull","floor":22,"potions_obtained":[],"gold_loss":0,"cards_obtained":[]},{"damage_healed":0,"gold_gain":0,"player_choice":"Ignored","damage_taken":0,"max_hp_gain":0,"max_hp_loss":0,"event_name":"Vampires","floor":30,"gold_loss":0},{"cards_removed":["Defend_B"],"damage_healed":0,"gold_gain":0,"player_choice":"Removed Skill","damage_taken":0,"max_hp_gain":0,"max_hp_loss":0,"event_name":"Falling","floor":36,"gold_loss":0},{"damage_healed":0,"gold_gain":0,"player_choice":"Max HP","damage_taken":0,"max_hp_gain":0,"max_hp_loss":4,"event_name":"Winding Halls","floor":42,"gold_loss":0}],"is_beta":false,"boss_relics":[{"not_picked":["Astrolabe","Lizard Tail"],"picked":"Cursed Key"},{"not_picked":["Tiny House","Black Star"],"picked":"Orrery"}],"items_purged_floors":[12,38],"is_endless":false,"potions_floor_spawned":[6,10,16,20,25,27,29,37,45,47,48],"killed_by":"Awakened One","ascension_level":15}