{"gold_per_floor":[113,133,152,164,178,178,213,138,138,138,199,228,248,248,248,343,343,363,363,349,100,100,125,125,150,176,176,187,187,199,209,209,308,308,325,352,364,378,395,395,429,441,453,465,87,105,105,118,118,118,118,118,118,147,147],"floor_reached":55,"playtime":2681,"items_purged":["Strike_R","Strike_R","Strike_R"],"score":754,"play_id":"f75ad159-990e-4bd7-a253-1a6f8d4932d6","local_time":"20181212151406","is_ascension_mode":false,"campfire_choices":[{"data":"Armaments","floor":6,"key":"SMITH"},{"floor":15,"key":"RECALL"},{"data":"Evolve","floor":24,"key":"SMITH"},{"data":"Flame Barrier","floor":27,"key":"SMITH"},{"floor":32,"key":"REST"},{"data":"Feed","floor":40,"key":"SMITH"},{"data":"Warcry","floor":42,"key":"SMITH"},{"data":"Immolate","floor":47,"key":"SMITH"},{"data":"Immolate","floor":49,"key":"SMITH"},{"data":"Warcry","floor":52,"key":"SMITH"}],"neow_cost":"NONE","seed_source_timestamp":1120749232818603,"circlet_count":0,"master_deck":["Strike_R+1","Defend_R","Defend_R","Defend_R","Defend_R","Bash+1","Immolate+1","Spot Weakness","Armaments+1","Seeing Red","Warcry+1","Evolve+1","Shrug It Off","Demon Form+1","Shrug It Off","Berserk+1","Warcry+1","Immolate+1","Flame Barrier+1","Seeing Red","Shrug It Off+1","Evolve+1","Juggernaut+1","Feed+1","Power Through+1","Metallicize+1","Warcry+1","Seeing Red+1","Disarm+1"],"relics":["Burning Blood","Red Skull","Frozen Egg 2","Blue Candle","Paper Frog","Matryoshka","Philosopher\u0027s Stone","PreservedInsect","Bird Faced Urn","Bottled Tornado","Art of War","Mark of Pain","Blood Vial","Bag of Preparation","MawBank","Whetstone","Toxic Egg 2","Self Forming Clay","Bronze Scales"],"potions_floor_usage":[7,12,16,25,31,50,54,55],"damage_taken":[{"damage":5,"enemies":"Small Slimes","floor":1,"turns":3},{"damage":1,"enemies":"Jaw Worm","floor":2,"turns":3},{"damage":0,"enemies":"2 Louse","floor":3,"turns":2},{"damage":11,"enemies":"Exordium Thugs","floor":4,"turns":5},{"damage":13,"enemies":"Lots of Slimes","floor":5,"turns":3},{"damage":18,"enemies":"3 Sentries","floor":7,"turns":6},{"damage":8,"enemies":"3 Sentries","floor":11,"turns":4},{"damage":28,"enemies":"Gremlin Nob","floor":12,"turns":4},{"damage":6,"enemies":"Exordium Wildlife","floor":13,"turns":3},{"damage":15,"enemies":"Slime Boss","floor":16,"turns":7},{"damage":16,"enemies":"Shell Parasite","floor":18,"turns":4},{"damage":8,"enemies":"2 Thieves","floor":20,"turns":4},{"damage":27,"enemies":"Slavers","floor":23,"turns":4},{"damage":9,"enemies":"Book of Stabbing","floor":25,"turns":5},{"damage":23,"enemies":"Cultist and Chosen","floor":28,"turns":7},{"damage":12,"enemies":"Sentry and Sphere","floor":30,"turns":5},{"damage":16,"enemies":"Centurion and Healer","floor":31,"turns":6},{"damage":23,"enemies":"Collector","floor":33,"turns":8},{"damage":40,"enemies":"3 Shapes","floor":35,"turns":4},{"damage":0,"enemies":"Orb Walker","floor":37,"turns":3},{"damage":17,"enemies":"Sphere and 2 Shapes","floor":38,"turns":5},{"damage":5,"enemies":"Maw","floor":39,"turns":8},{"damage":19,"enemies":"Giant Head","floor":41,"turns":7},{"damage":52,"enemies":"Transient","floor":46,"turns":5},{"damage":21,"enemies":"Jaw Worm Horde","floor":48,"turns":2},{"damage":50,"enemies":"Time Eater","floor":50,"turns":9},{"damage":77,"enemies":"Shield and Spear","floor":54,"turns":9},{"damage":62,"enemies":"The Heart","floor":55,"turns":3}],"seed_played":"6676627999964192342","potions_obtained":[{"floor":1,"key":"SkillPotion"},{"floor":3,"key":"Energy Potion"},{"floor":12,"key":"AttackPotion"},{"floor":16,"key":"Energy Potion"},{"floor":23,"key":"Weak Potion"},{"floor":28,"key":"Dexterity Potion"},{"floor":30,"key":"EssenceOfSteel"},{"floor":31,"key":"LiquidBronze"},{"floor":48,"key":"Regen Potion"},{"floor":54,"key":"SteroidPotion"}],"is_trial":false,"path_per_floor":["M","M","M","M","M","R","E","$","T","?","?","E","M","?","R","B",null,"M","?","M","$","?","E","R","E","T","R","M","?","M","M","R","B",null,"M","T","M","M","M","R","E","R","T","T","$","M","R","M","R","B",null,"R","$","E","B"],"character_chosen":"IRONCLAD","items_purchased":["PreservedInsect","Self Forming Clay","Warcry+1"],"campfire_rested":1,"item_purchase_floors":[21,45,45],"current_hp_per_floor":[80,80,80,75,68,68,56,56,56,44,42,20,20,20,20,11,80,70,70,68,68,68,47,47,46,46,46,33,33,29,25,49,42,80,48,48,61,65,84,84,87,87,87,87,87,51,51,40,40,8,94,94,94,46,0],"gold":147,"neow_bonus":"ONE_RANDOM_RARE_CARD","is_prod":false,"is_daily":false,"chose_seed":false,"campfire_upgraded":8,"win_rate":0,"timestamp":1544595246,"path_taken":["M","M","M","M","M","R","E","$","T","?","?","E","M","?","R","BOSS","M","?","?","$","?","E","R","E","T","R","M","?","M","M","R","BOSS","M","?","?","?","M","R","E","R","T","?","?","?","R","M","R","BOSS","R","$","E","BOSS"],"build_version":"2018-12-06","purchased_purges":3,"victory":false,"max_hp_per_floor":[80,80,80,80,80,80,80,80,80,80,80,80,80,80,80,80,80,80,80,80,80,80,80,80,80,80,80,80,80,80,80,80,80,80,80,80,83,86,90,90,94,94,94,94,94,94,94,94,94,94,94,94,94,94,94],"card_choices":[{"not_picked":["Intimidate","Clothesline"],"picked":"Spot Weakness","floor":1},{"not_picked":["Reckless Charge","Sever Soul"],"picked":"Armaments","floor":2},{"not_picked":["Thunderclap","Inflame"],"picked":"Seeing Red","floor":3},{"not_picked":["Havoc","Sword Boomerang"],"picked":"Warcry","floor":4},{"not_picked":["Anger","Power Through","Armaments"],"picked":"SKIP","floor":5},{"not_picked":["Corruption","Warcry"],"picked":"Evolve","floor":7},{"not_picked":["Havoc","Pommel Strike"],"picked":"Shrug It Off","floor":11},{"not_picked":["Dual Wield","Sword Boomerang"],"picked":"Demon Form+1","floor":12},{"not_picked":["Power Through","Rupture+1"],"picked":"Shrug It Off","floor":13},{"not_picked":["Impervious","Juggernaut+1"],"picked":"Berserk+1","floor":16},{"not_picked":["Spot Weakness","Corruption+1"],"picked":"Warcry","floor":18},{"not_picked":["Dropkick+1","Shrug It Off"],"picked":"Flame Barrier","floor":20},{"not_picked":["Perfected Strike","Sword Boomerang+1"],"picked":"Shrug It Off","floor":23},{"not_picked":["Rage","True Grit+1"],"picked":"Evolve+1","floor":25},{"not_picked":["Feel No Pain+1","Dual Wield"],"picked":"Juggernaut+1","floor":28},{"not_picked":["Twin Strike","Headbutt","Rampage"],"picked":"SKIP","floor":30},{"not_picked":["True Grit","Warcry","Headbutt"],"picked":"SKIP","floor":31},{"not_picked":["Exhume","Fiend Fire"],"picked":"Feed","floor":33},{"not_picked":["True Grit","Second Wind"],"picked":"Power Through+1","floor":35},{"not_picked":["Clash+1","Pommel Strike+1"],"picked":"Metallicize+1","floor":37},{"not_picked":["Pommel Strike","Clash+1","Anger+1"],"picked":"SKIP","floor":38},{"not_picked":["Thunderclap+1","Sword Boomerang","Body Slam"],"picked":"SKIP","floor":39},{"not_picked":["Dark Embrace+1","Headbutt+1","Pommel Strike+1"],"picked":"SKIP","floor":41},{"not_picked":["Havoc+1","Thunderclap","Body Slam"],"picked":"SKIP","floor":46},{"not_picked":["Reckless Charge+1","Clash"],"picked":"Seeing Red+1","floor":48},{"not_picked":["Inflame+1","Hemokinesis"],"picked":"Disarm+1","floor":54}],"player_experience":616786,"relics_obtained":[{"floor":7,"key":"Red Skull"},{"floor":9,"key":"Frozen Egg 2"},{"floor":11,"key":"Paper Frog"},{"floor":12,"key":"Matryoshka"},{"floor":23,"key":"Bird Faced Urn"},{"floor":25,"key":"Bottled Tornado"},{"floor":26,"key":"Art of War"},{"floor":36,"key":"Blood Vial"},{"floor":36,"key":"Bag of Preparation"},{"floor":41,"key":"MawBank"},{"floor":43,"key":"Whetstone"},{"floor":44,"key":"Toxic Egg 2"},{"floor":54,"key":"Bronze Scales"}],"event_choices":[{"damage_healed":0,"gold_gain":0,"player_choice":"Success","damage_taken":12,"relics_obtained":["Blue Candle"],"max_hp_gain":0,"max_hp_loss":0,"event_name":"Scrap Ooze","floor":10,"gold_loss":0},{"damage_healed":0,"gold_gain":0,"player_choice":"Searched \u00271\u0027 times","damage_taken":0,"max_hp_gain":0,"max_hp_loss":0,"event_name":"Dead Adventurer","floor":11,"gold_loss":0},{"cards_removed":["Strike_R"],"damage_healed":0,"gold_gain":0,"player_choice":"Offered Basic","damage_taken":0,"max_hp_gain":0,"max_hp_loss":0,"event_name":"Bonfire Elementals","floor":14,"gold_loss":0},{"damage_healed":0,"gold_gain":0,"player_choice":"Copied","damage_taken":0,"max_hp_gain":0,"max_hp_loss":0,"event_name":"Duplicator","floor":19,"gold_loss":0,"cards_obtained":["Immolate"]},{"damage_healed":0,"gold_gain":0,"player_choice":"Read","damage_taken":0,"max_hp_gain":0,"max_hp_loss":0,"event_name":"The Library","floor":22,"gold_loss":0,"cards_obtained":["Seeing Red"]},{"damage_healed":0,"gold_gain":0,"player_choice":"Forge","damage_taken":0,"max_hp_gain":0,"max_hp_loss":0,"event_name":"Accursed Blacksmith","floor":29,"gold_loss":0,"cards_upgraded":["Shrug It Off"]}],"is_beta":false,"boss_relics":[{"not_picked":["Black Blood","Runic Pyramid"],"picked":"Philosopher\u0027s Stone"},{"not_picked":["Calling Bell","Eternal Feather"],"picked":"Mark of Pain"}],"items_purged_floors":[8,21,45],"is_endless":false,"potions_floor_spawned":[1,3,12,16,23,28,30,31,35,37,48,54],"killed_by":"The Heart","ascension_level":0}