{"gold_per_floor":[114,114,133,150,163,163,163,182,182,107,137,137,19,35,35,108,108,120,120,137,151,151,179,179,79,106,106,121,121,121,46,46,118,118,136,136,136,136,154,154,164,164,217,217,35,54,87,105,105,105],"floor_reached":51,"playtime":8978,"items_purged":["Strike_G","Strike_G","Survivor"],"score":1416,"play_id":"088e97da-4bc8-449c-aeb3-8e6459bc8ce6","local_time":"20190117224858","is_ascension_mode":true,"campfire_choices":[{"data":"Well Laid Plans","floor":6.0,"key":"SMITH"},{"floor":12.0,"key":"REST"},{"data":"Noxious Fumes","floor":15.0,"key":"SMITH"},{"floor":24.0,"key":"REST"},{"data":"Acrobatics","floor":27.0,"key":"SMITH"},{"data":"Tools of the Trade","floor":29.0,"key":"SMITH"},{"floor":32.0,"key":"REST"},{"data":"Venomology","floor":40.0,"key":"SMITH"},{"data":"Terror","floor":42.0,"key":"SMITH"},{"data":"Adrenaline","floor":49.0,"key":"SMITH"}],"neow_cost":"TEN_PERCENT_HP_LOSS","seed_source_timestamp":363432474579000,"circlet_count":0,"master_deck":["AscendersBane","Defend_G","Defend_G","Defend_G","Defend_G","Neutralize","PiercingWail","Well Laid Plans+1","Adrenaline+1","Terror+1","Dash","Noxious Fumes+1","Escape Plan","Noxious Fumes","Tools of the Trade+1","Acrobatics+1","Heel Hook+1","Venomology+1","Master of Strategy","Thinking Ahead","Adrenaline","Escape Plan","Backflip"],"special_seed":0,"relics":["Ring of the Snake","Turnip","Paper Crane","Molten Egg 2","Empty Cage","Dodecahedron","Potion Belt","Coffee Dripper","Strawberry","Blood Vial"],"potions_floor_usage":[50,50,50,50],"damage_taken":[{"damage":2.0,"enemies":"Jaw Worm","floor":1.0,"turns":7.0},{"damage":4.0,"enemies":"Cultist","floor":3.0,"turns":5.0},{"damage":0.0,"enemies":"Small Slimes","floor":4.0,"turns":5.0},{"damage":0.0,"enemies":"3 Louse","floor":5.0,"turns":4.0},{"damage":4.0,"enemies":"Blue Slaver","floor":8.0,"turns":5.0},{"damage":38.0,"enemies":"Gremlin Nob","floor":11.0,"turns":5.0},{"damage":2.0,"enemies":"Exordium Wildlife","floor":14.0,"turns":8.0},{"damage":0.0,"enemies":"Slime Boss","floor":16.0,"turns":10.0},{"damage":4.0,"enemies":"Shell Parasite","floor":18.0,"turns":7.0},{"damage":34.0,"enemies":"2 Thieves","floor":20.0,"turns":5.0},{"damage":7.0,"enemies":"Cultist and Chosen","floor":21.0,"turns":8.0},{"damage":5.0,"enemies":"Gremlin Leader","floor":23.0,"turns":9.0},{"damage":6.0,"enemies":"Centurion and Healer","floor":28.0,"turns":6.0},{"damage":7.0,"enemies":"Champ","floor":33.0,"turns":3.0},{"damage":17.0,"enemies":"3 Darklings","floor":35.0,"turns":7.0},{"damage":0.0,"enemies":"Orb Walker","floor":39.0,"turns":4.0},{"damage":0.0,"enemies":"Writhing Mass","floor":41.0,"turns":3.0},{"damage":0.0,"enemies":"Jaw Worm Horde","floor":46.0,"turns":3.0},{"damage":0.0,"enemies":"Nemesis","floor":47.0,"turns":3.0},{"damage":0.0,"enemies":"Spire Growth","floor":48.0,"turns":3.0},{"damage":2,"enemies":"Donu and Deca","floor":50,"turns":3}],"seed_played":"-1487692209934752538","potions_obtained":[{"floor":4.0,"key":"Fruit Juice"},{"floor":11.0,"key":"PowerPotion"},{"floor":16.0,"key":"SteroidPotion"},{"floor":18.0,"key":"Explosive Potion"},{"floor":28.0,"key":"Swift Potion"},{"floor":33.0,"key":"Dexterity Potion"},{"floor":39.0,"key":"Explosive Potion"},{"floor":41.0,"key":"Weak Potion"},{"floor":48.0,"key":"Block Potion"}],"is_trial":false,"path_per_floor":["M","?","M","M","M","R","$","M","T","?","E","R","$","M","R","B",null,"M","?","M","M","?","E","R","$","T","R","M","R","$","?","R","B",null,"M","?","?","?","M","R","M","R","T","?","$","M","E","M","R","B",null],"character_chosen":"THE_SILENT","items_purchased":["Escape Plan","SkillPotion"],"campfire_rested":3,"item_purchase_floors":[13,45],"current_hp_per_floor":[57,57,53,58,58,58,58,54,54,54,16,35,35,33,33,33,57,53,53,19,12,12,7,26,26,26,26,20,20,20,20,39,32,57,40,40,35,35,35,35,35,35,42,42,42,42,42,44,44,44],"gold":105,"neow_bonus":"ONE_RARE_RELIC","is_prod":false,"is_daily":false,"chose_seed":false,"campfire_upgraded":7,"win_rate":0,"timestamp":1547783338,"path_taken":["M","?","M","M","?","R","?","M","T","?","E","R","$","M","R","BOSS","M","?","M","M","?","E","R","$","T","R","M","R","?","?","R","BOSS","M","?","?","?","?","R","M","R","T","?","$","M","E","M","R","BOSS"],"build_version":"2019-01-10","purchased_purges":3,"victory":true,"max_hp_per_floor":[60,60,60,65,65,65,65,65,65,65,65,65,65,65,65,65,65,65,65,65,65,65,65,65,65,65,65,65,65,65,65,65,65,65,65,65,65,65,65,65,65,65,72,72,72,72,72,72,72,72],"card_choices":[{"not_picked":["Bane","Concentrate"],"picked":"PiercingWail","floor":1.0},{"not_picked":["Backflip","Poisoned Stab"],"picked":"Terror","floor":3.0},{"not_picked":["Poisoned Stab","Setup","Outmaneuver"],"picked":"SKIP","floor":4.0},{"not_picked":["Calculated Gamble","Flechettes","Outmaneuver"],"picked":"SKIP","floor":5.0},{"not_picked":["Quick Slash","Predator"],"picked":"Dash","floor":8.0},{"not_picked":["Dagger Throw","Deflect"],"picked":"Noxious Fumes","floor":11.0},{"not_picked":["PiercingWail","Choke+1"],"picked":"Noxious Fumes","floor":14.0},{"not_picked":["Night Terror","Doppelganger"],"picked":"Tools of the Trade","floor":16.0},{"not_picked":["Quick Slash+1","Cloak And Dagger+1","Deadly Poison"],"picked":"SKIP","floor":18.0},{"not_picked":["Expertise","Prepared"],"picked":"Acrobatics","floor":20.0},{"not_picked":["Sucker Punch+1","Deadly Poison","Dash+1"],"picked":"SKIP","floor":21.0},{"not_picked":["Burst","Sucker Punch+1"],"picked":"Heel Hook+1","floor":23.0},{"not_picked":["Dodge and Roll","PiercingWail+1"],"picked":"Footwork","floor":28.0},{"not_picked":["Doppelganger","Unload+1"],"picked":"Venomology","floor":33.0},{"not_picked":["Slice+1","Dagger Throw+1","Quick Slash+1"],"picked":"SKIP","floor":35.0},{"not_picked":["Swift Strike+1","Mind Blast+1"],"picked":"Master of Strategy","floor":37.0},{"not_picked":["Panacea","Impatience"],"picked":"Thinking Ahead","floor":37.0},{"not_picked":["Underhanded Strike+1","Setup"],"picked":"Escape Plan","floor":39.0},{"not_picked":["Bane+1","Catalyst","PiercingWail"],"picked":"SKIP","floor":41.0},{"not_picked":["Quick Slash+1","Prepared+1"],"picked":"Backflip","floor":46.0},{"not_picked":["Distraction","Expertise","Choke+1"],"picked":"SKIP","floor":47.0},{"not_picked":["Quick Slash+1","Slice+1","Grand Finale+1"],"picked":"SKIP","floor":48.0}],"player_experience":465953,"relics_obtained":[{"floor":9.0,"key":"Paper Crane"},{"floor":11.0,"key":"Molten Egg 2"},{"floor":23.0,"key":"Dodecahedron"},{"floor":26.0,"key":"Potion Belt"},{"floor":43.0,"key":"Strawberry"},{"floor":47.0,"key":"Blood Vial"}],"event_choices":[{"damage_healed":0.0,"max_hp_gain":0.0,"max_hp_loss":0.0,"gold_gain":0.0,"event_name":"Match and Keep!","player_choice":"2 cards matched","floor":2.0,"gold_loss":0.0,"damage_taken":0.0,"cards_obtained":["Well Laid Plans","Adrenaline"]},{"cards_removed":["Strike_G"],"damage_healed":0.0,"max_hp_gain":0.0,"max_hp_loss":0.0,"gold_gain":0.0,"event_name":"The Cleric","player_choice":"Card Removal","floor":10.0,"gold_loss":75.0,"damage_taken":0.0},{"damage_healed":0.0,"max_hp_gain":0.0,"max_hp_loss":0.0,"gold_gain":0.0,"event_name":"The Mausoleum","player_choice":"Ignored","floor":19.0,"gold_loss":0.0,"damage_taken":0.0},{"damage_healed":0.0,"max_hp_gain":0.0,"max_hp_loss":0.0,"gold_gain":0.0,"event_name":"Cursed Tome","player_choice":"Ignored","floor":22.0,"gold_loss":0.0,"damage_taken":0.0},{"cards_removed":["Defend_G"],"damage_healed":0.0,"max_hp_gain":0.0,"max_hp_loss":0.0,"gold_gain":0.0,"event_name":"Beggar","player_choice":"Gave Gold","floor":31.0,"gold_loss":75.0,"damage_taken":0.0},{"cards_removed":["Footwork"],"damage_healed":0.0,"max_hp_gain":0.0,"max_hp_loss":0.0,"gold_gain":0.0,"event_name":"Falling","player_choice":"Removed Power","floor":36.0,"gold_loss":0.0,"damage_taken":0.0},{"damage_healed":0.0,"max_hp_gain":0.0,"max_hp_loss":0.0,"gold_gain":0.0,"event_name":"SensoryStone","player_choice":"Memory 2","floor":37.0,"gold_loss":0.0,"damage_taken":5.0},{"damage_healed":0.0,"max_hp_gain":0.0,"max_hp_loss":0.0,"gold_gain":0.0,"event_name":"Duplicator","player_choice":"Copied","floor":38.0,"gold_loss":0.0,"damage_taken":0.0,"cards_obtained":["Adrenaline"]},{"damage_healed":0.0,"max_hp_gain":0.0,"max_hp_loss":0.0,"gold_gain":0.0,"event_name":"Mysterious Sphere","player_choice":"Ignored","floor":44.0,"gold_loss":0.0,"damage_taken":0.0}],"is_beta":false,"boss_relics":[{"not_picked":["Calling Bell","Runic Pyramid"],"picked":"Empty Cage"},{"not_picked":["Black Star","HoveringKite"],"picked":"Coffee Dripper"}],"items_purged_floors":[13,25,45],"is_endless":false,"potions_floor_spawned":[4,11,16,18,28,33,39,41,48],"ascension_level":18}