{"gold_per_floor":[119,119,38,38,49,49,83,46,70,70,84,94,94,6,6,108,108,123,133,133,148,148,167,167,180,180,197,197],"floor_reached":28,"playtime":1576,"items_purged":[],"score":297,"play_id":"d8065da6-c384-4c65-9eb8-257db7a6ce95","local_time":"20181124000240","is_ascension_mode":true,"campfire_choices":[{"floor":6,"key":"RECALL"},{"floor":13,"key":"REST"},{"data":"Glass Knife","floor":15,"key":"SMITH"},{"floor":24,"key":"REST"}],"neow_cost":"TEN_PERCENT_HP_LOSS","seed_source_timestamp":522629722696691,"circlet_count":0,"master_deck":["Defend_G","Defend_G","Defend_G","Defend_G","Defend_G","Strike_G","Strike_G","Strike_G","Strike_G","Survivor","Neutralize","Secret Weapon","Blind+1","Deadly Poison","Glass Knife+1","PiercingWail","Leg Sweep","Crippling Poison","PiercingWail","Bouncing Flask","Flash of Steel","A Thousand Cuts","Catalyst","After Image","Deadly Poison","Terror","Noxious Fumes","Cloak And Dagger+1"],"relics":["Ring of the Snake","Paper Crane","Runic Dome","Bird Faced Urn"],"potions_floor_usage":[16,16,21,25,27],"damage_taken":[{"damage":2,"enemies":"Cultist","floor":1,"turns":5},{"damage":1,"enemies":"Small Slimes","floor":5,"turns":3},{"damage":24,"enemies":"Lagavulin","floor":7,"turns":8},{"damage":0,"enemies":"Jaw Worm","floor":11,"turns":4},{"damage":3,"enemies":"Red Slaver","floor":12,"turns":4},{"damage":18,"enemies":"Hexaghost","floor":16,"turns":11},{"damage":10,"enemies":"Chosen","floor":18,"turns":5},{"damage":2,"enemies":"Shell Parasite","floor":19,"turns":6},{"damage":8,"enemies":"Cultist and Chosen","floor":21,"turns":8},{"damage":9,"enemies":"Shelled Parasite and Fungi","floor":23,"turns":5},{"damage":27,"enemies":"Centurion and Healer","floor":25,"turns":7},{"damage":16,"enemies":"Snake Plant","floor":27,"turns":5},{"damage":11,"enemies":"Slavers","floor":28,"turns":1}],"seed_played":"-3436995910995421948","potions_obtained":[{"floor":7,"key":"Ancient Potion"},{"floor":10,"key":"AttackPotion"},{"floor":10,"key":"SkillPotion"},{"floor":16,"key":"PowerPotion"},{"floor":19,"key":"FearPotion"},{"floor":21,"key":"Strength Potion"}],"is_trial":false,"path_per_floor":["M","?","$","?","M","R","E","$","T","?","M","M","R","$","R","B",null,"M","M","?","M","?","M","R","M","T","M","E"],"character_chosen":"THE_SILENT","items_purchased":["Glass Knife","Crippling Poison","Flash of Steel"],"campfire_rested":2,"item_purchase_floors":[3,8,14],"current_hp_per_floor":[61,66,66,66,65,65,41,41,41,41,41,38,58,58,58,40,61,51,49,40,32,32,23,43,16,16,4,0],"gold":197,"neow_bonus":"RANDOM_COLORLESS_2","is_prod":false,"is_daily":false,"chose_seed":false,"campfire_upgraded":1,"win_rate":0,"timestamp":1543035760,"path_taken":["M","?","$","?","?","R","E","?","T","?","M","?","R","$","R","BOSS","M","M","?","M","?","M","R","M","T","?","E"],"build_version":"2018-11-15","purchased_purges":0,"victory":false,"max_hp_per_floor":[63,68,68,68,68,68,68,68,68,68,68,68,68,68,68,68,68,68,68,68,68,68,68,68,68,68,68,68],"card_choices":[{"not_picked":["Catalyst","Underhanded Strike"],"picked":"Deadly Poison","floor":1},{"not_picked":["Blade Dance","Acrobatics"],"picked":"PiercingWail","floor":5},{"not_picked":["Sucker Punch","Blade Dance"],"picked":"Leg Sweep","floor":7},{"not_picked":["Poisoned Stab","Underhanded Strike"],"picked":"PiercingWail","floor":11},{"not_picked":["Acrobatics","Bane"],"picked":"Bouncing Flask","floor":12},{"not_picked":["Corpse Explosion","Night Terror"],"picked":"A Thousand Cuts","floor":16},{"not_picked":["Slice","Escape Plan"],"picked":"Catalyst","floor":18},{"not_picked":["Deflect","Sucker Punch"],"picked":"After Image","floor":19},{"not_picked":["Tactician","Outmaneuver"],"picked":"Deadly Poison","floor":21},{"not_picked":["Riddle With Holes","Underhanded Strike+1"],"picked":"Terror","floor":23},{"not_picked":["Deadly Poison","Storm of Steel"],"picked":"Noxious Fumes","floor":25},{"not_picked":["Setup","Backflip"],"picked":"Cloak And Dagger+1","floor":27}],"player_experience":627430,"relics_obtained":[{"floor":7,"key":"Paper Crane"},{"floor":26,"key":"Bird Faced Urn"}],"event_choices":[{"damage_healed":0,"gold_gain":0,"player_choice":"Donut","damage_taken":0,"max_hp_gain":5,"max_hp_loss":0,"event_name":"Big Fish","floor":2,"gold_loss":0},{"damage_healed":0,"gold_gain":0,"player_choice":"Grow","damage_taken":0,"max_hp_gain":0,"max_hp_loss":0,"event_name":"Living Wall","floor":4,"gold_loss":0,"cards_upgraded":["Blind"]},{"damage_healed":0,"gold_gain":0,"player_choice":"Got Potions","damage_taken":0,"max_hp_gain":0,"max_hp_loss":0,"event_name":"Lab","floor":10,"gold_loss":0},{"damage_healed":0,"gold_gain":0,"player_choice":"Stopped","damage_taken":9,"max_hp_gain":0,"max_hp_loss":0,"event_name":"Cursed Tome","floor":20,"gold_loss":0},{"cards_removed":["Strike_G"],"damage_healed":0,"gold_gain":0,"player_choice":"Purged","damage_taken":0,"max_hp_gain":0,"max_hp_loss":0,"event_name":"Purifier","floor":22,"gold_loss":0}],"is_beta":false,"boss_relics":[{"not_picked":["Coffee Dripper","Astrolabe"],"picked":"Runic Dome"}],"items_purged_floors":[],"is_endless":false,"potions_floor_spawned":[7,12,16,19,21],"killed_by":"Slavers","ascension_level":7}