{"gold_per_floor":[118,118,43,43,68,68,104,104,131,170,186,211,211,211,211,211],"floor_reached":16,"playtime":834,"items_purged":["Strike_R"],"score":144,"play_id":"dea55860-ff65-4404-a900-a5612808253c","local_time":"20181008181107","is_ascension_mode":true,"campfire_choices":[{"floor":6,"key":"REST"},{"floor":8,"key":"REST"},{"floor":13,"key":"REST"},{"floor":15,"key":"REST"}],"neow_cost":"PERCENT_DAMAGE","seed_source_timestamp":2138064289204709,"circlet_count":0,"master_deck":["Strike_R","Strike_R","Strike_R+1","Strike_R","Defend_R","Defend_R","Defend_R","Defend_R","Bash","Armaments+1","Ghostly Armor","Fiend Fire","Fire Breathing"],"relics":["Burning Blood","Golden Idol","Strawberry","Potion Belt","Bag of Marbles"],"potions_floor_usage":[7,12,16],"damage_taken":[{"damage":3,"enemies":"Jaw Worm","floor":1,"turns":5},{"damage":0,"enemies":"Small Slimes","floor":5,"turns":3},{"damage":55,"enemies":"Lagavulin","floor":7,"turns":13},{"damage":36,"enemies":"Gremlin Nob","floor":10,"turns":5},{"damage":0,"enemies":"Cultist","floor":11,"turns":2},{"damage":0,"enemies":"3 Louse","floor":12,"turns":6},{"damage":92,"enemies":"Slime Boss","floor":16,"turns":12}],"seed_played":"4575448971275444635","potions_obtained":[{"floor":5,"key":"Strength Potion"},{"floor":7,"key":"Swift Potion"},{"floor":10,"key":"Block Potion"}],"is_trial":false,"path_per_floor":["M","?","$","?","M","R","E","R","T","E","M","M","R","?","R"],"character_chosen":"IRONCLAD","items_purchased":[],"campfire_rested":4,"item_purchase_floors":[],"current_hp_per_floor":[72,48,48,48,54,82,40,70,70,40,46,52,82,61,91,0],"gold":211,"neow_bonus":"TWENTY_PERCENT_HP_BONUS","is_prod":false,"is_daily":false,"chose_seed":false,"campfire_upgraded":0,"win_rate":0,"timestamp":1539036667,"path_taken":["M","?","$","?","?","R","E","R","T","E","M","?","R","?","R","BOSS"],"build_version":"2018-10-04v2","purchased_purges":1,"victory":false,"max_hp_per_floor":[96,96,96,96,96,96,103,103,103,103,103,103,103,103,103,103],"card_choices":[{"not_picked":["Heavy Blade","Iron Wave"],"picked":"Armaments","floor":1},{"not_picked":["Clash","Whirlwind"],"picked":"Ghostly Armor","floor":5},{"not_picked":["Rage","Pummel","Reckless Charge"],"picked":"SKIP","floor":7},{"not_picked":["Battle Trance","Havoc"],"picked":"Fiend Fire","floor":10},{"not_picked":["Cleave","Clothesline"],"picked":"Fire Breathing","floor":11},{"not_picked":["Clash","Rupture","Cleave"],"picked":"SKIP","floor":12}],"player_experience":201585,"relics_obtained":[{"floor":7,"key":"Strawberry"},{"floor":9,"key":"Potion Belt"},{"floor":10,"key":"Bag of Marbles"}],"event_choices":[{"event_name":"Golden Idol","player_choice":"Take Damage","floor":2,"damage_taken":0},{"event_name":"Liars Game","player_choice":"disagreed","floor":4,"damage_taken":0},{"event_name":"Shining Light","player_choice":"Entered Light","floor":14,"damage_taken":0}],"is_beta":false,"boss_relics":[],"items_purged_floors":[3],"is_endless":false,"potions_floor_spawned":[5,7,10],"killed_by":"Slime Boss","ascension_level":2}