{"gold_per_floor":[111,111,111,131,91,91,110,145,145,158,158,169,59,78,78,152,152,162,212,512,530,366,366,21,39,65,65,75,75,95,105,105,179,179,192,20,37,0,0,0,15,15],"floor_reached":42,"playtime":2178,"items_purged":["Strike_G","Strike_G"],"score":800,"play_id":"07c172fc-27dd-4973-be5e-68fc8fec74a4","local_time":"20190126223256","is_ascension_mode":true,"campfire_choices":[{"data":"Neutralize","floor":6,"key":"SMITH"},{"data":"Noxious Fumes","floor":11,"key":"SMITH"},{"data":"Cloak And Dagger","floor":15,"key":"SMITH"},{"data":"Footwork","floor":23,"key":"SMITH"},{"data":"Noxious Fumes","floor":29,"key":"SMITH"},{"data":"Blade Dance","floor":32,"key":"SMITH"},{"data":"Burst","floor":40,"key":"SMITH"}],"neow_cost":"NONE","seed_source_timestamp":105163092683600,"circlet_count":0,"master_deck":["AscendersBane","Defend_G","Defend_G","Defend_G","Defend_G","Defend_G","Survivor","Neutralize+1","Dagger Throw","Deadly Poison","Noxious Fumes+1","Noxious Fumes","Noxious Fumes+1","Dash","Leg Sweep","Backflip","Cloak And Dagger+1","PiercingWail","Corpse Explosion","Footwork+1","Adrenaline","Cloak And Dagger","PiercingWail","Blur","Blade Dance+1","Adrenaline","Burst+1"],"relics":["Coffee Dripper","Bottled Flame","Kunai","Empty Cage","Old Coin","Vajra","Ancient Tea Set","Busted Crown","Red Mask"],"potions_floor_usage":[37,42,42],"damage_taken":[{"damage":4,"enemies":"2 Louse","floor":1,"turns":3},{"damage":0,"enemies":"Jaw Worm","floor":4,"turns":4},{"damage":0,"enemies":"Cultist","floor":7,"turns":4},{"damage":14,"enemies":"3 Sentries","floor":8,"turns":7},{"damage":2,"enemies":"Blue Slaver","floor":10,"turns":5},{"damage":2,"enemies":"Exordium Wildlife","floor":12,"turns":5},{"damage":0,"enemies":"Exordium Thugs","floor":14,"turns":5},{"damage":12,"enemies":"The Guardian","floor":16,"turns":9},{"damage":0,"enemies":"Shell Parasite","floor":18,"turns":7},{"damage":6,"enemies":"3 Byrds","floor":21,"turns":4},{"damage":1,"enemies":"Snecko","floor":25,"turns":7},{"damage":0,"enemies":"Snake Plant","floor":28,"turns":6},{"damage":1,"enemies":"Centurion and Healer","floor":30,"turns":7},{"damage":10,"enemies":"Cultist and Chosen","floor":31,"turns":7},{"damage":6,"enemies":"Automaton","floor":33,"turns":9},{"damage":6,"enemies":"Orb Walker","floor":35,"turns":5},{"damage":0,"enemies":"3 Darklings","floor":37,"turns":3},{"damage":0,"enemies":"4 Shapes","floor":41,"turns":4},{"damage":57,"enemies":"Reptomancer","floor":42,"turns":3}],"seed_played":"587189507751373568","potions_obtained":[{"floor":4,"key":"SteroidPotion"},{"floor":7,"key":"Block Potion"},{"floor":28,"key":"Weak Potion"},{"floor":37,"key":"SkillPotion"}],"is_trial":false,"path_per_floor":["M","?","?","M","$","R","M","E","T","M","R","M","$","M","R","B",null,"M","?","?","M","$","R","$","M","T","$","M","R","M","M","R","B",null,"M","$","M","?","?","R","M","E"],"character_chosen":"THE_SILENT","items_purchased":["Noxious Fumes","Backflip","Cloak And Dagger","Adrenaline","Cloak And Dagger","Vajra","Block Potion","Burst"],"campfire_rested":0,"item_purchase_floors":[5,13,13,22,24,24,24,36],"current_hp_per_floor":[55,55,55,55,55,55,55,41,41,39,39,37,37,37,37,25,56,56,56,56,50,50,50,50,49,49,49,49,49,48,38,38,32,58,52,52,52,52,52,52,52,0],"gold":15,"neow_bonus":"BOSS_RELIC","is_prod":false,"is_daily":false,"chose_seed":false,"campfire_upgraded":7,"win_rate":0,"timestamp":1548559976,"path_taken":["M","?","?","M","$","R","M","E","T","M","R","?","$","M","R","BOSS","M","?","?","?","$","R","$","M","T","?","M","R","M","M","R","BOSS","M","$","M","?","?","R","M","E"],"build_version":"2019-01-23","purchased_purges":2,"victory":false,"max_hp_per_floor":[66,66,66,66,66,66,66,66,66,66,66,66,66,66,66,66,66,66,66,66,66,66,66,66,66,66,66,66,66,66,66,66,66,66,66,66,66,66,66,66,66,66],"card_choices":[{"not_picked":["Eviscerate","Sucker Punch"],"picked":"Dagger Throw","floor":1},{"not_picked":["Distraction","Reflex"],"picked":"Deadly Poison","floor":4},{"not_picked":["Wraith Form v2","Blade Dance"],"picked":"Noxious Fumes","floor":7},{"not_picked":["Flying Knee","Deadly Poison"],"picked":"Noxious Fumes","floor":8},{"not_picked":["Expertise","Flying Knee"],"picked":"Dash","floor":10},{"not_picked":["Caltrops","Deflect"],"picked":"Leg Sweep","floor":12},{"not_picked":["Dagger Throw","Outmaneuver"],"picked":"PiercingWail","floor":14},{"not_picked":["Venomology","Burst"],"picked":"Corpse Explosion","floor":16},{"not_picked":["All Out Attack","Underhanded Strike"],"picked":"Footwork","floor":18},{"not_picked":["Dagger Throw","Underhanded Strike","Prepared"],"picked":"SKIP","floor":21},{"not_picked":["Tactician","Deadly Poison"],"picked":"PiercingWail","floor":25},{"not_picked":["Calculated Gamble","Concentrate"],"picked":"Blur","floor":28},{"not_picked":["Dodge and Roll","Heel Hook"],"picked":"Blade Dance","floor":30},{"not_picked":["Accuracy","Distraction","Predator"],"picked":"SKIP","floor":31},{"not_picked":["After Image","Doppelganger"],"picked":"Adrenaline","floor":33},{"not_picked":["Bane+1"],"picked":"SKIP","floor":35},{"not_picked":["Flechettes"],"picked":"SKIP","floor":37},{"not_picked":["Underhanded Strike"],"picked":"SKIP","floor":41}],"player_experience":1943778,"relics_obtained":[{"floor":8,"key":"Bottled Flame"},{"floor":9,"key":"Kunai"},{"floor":26,"key":"Ancient Tea Set"}],"event_choices":[{"damage_healed":0,"gold_gain":0,"player_choice":"Ignored","damage_taken":0,"max_hp_gain":0,"max_hp_loss":0,"event_name":"Shining Light","floor":2,"gold_loss":0},{"cards_removed":["Strike_G"],"damage_healed":0,"gold_gain":0,"player_choice":"Purged","damage_taken":0,"max_hp_gain":0,"max_hp_loss":0,"event_name":"Purifier","floor":3,"gold_loss":0},{"damage_healed":0,"gold_gain":50,"player_choice":"Stole From Cult","damage_taken":0,"max_hp_gain":0,"max_hp_loss":0,"event_name":"Nest","floor":19,"gold_loss":0},{"damage_healed":0,"gold_gain":0,"player_choice":"Gave Potion","damage_taken":0,"relics_obtained":["Old Coin"],"max_hp_gain":0,"max_hp_loss":0,"event_name":"WeMeetAgain","floor":20,"gold_loss":0},{"damage_healed":0,"gold_gain":0,"player_choice":"Paid","damage_taken":0,"relics_obtained":["Red Mask"],"max_hp_gain":0,"max_hp_loss":0,"event_name":"Tomb of Lord Red Mask","floor":38,"gold_loss":37},{"damage_healed":0,"gold_gain":0,"player_choice":"Memory 1","damage_taken":0,"max_hp_gain":0,"max_hp_loss":0,"event_name":"SensoryStone","floor":39,"gold_loss":0}],"is_beta":true,"boss_relics":[{"not_picked":["Black Star","Pandora\u0027s Box"],"picked":"Empty Cage"},{"not_picked":["Runic Pyramid","Orrery"],"picked":"Busted Crown"}],"items_purged_floors":[22,24],"is_endless":false,"potions_floor_spawned":[4,7,12,16,28,30,33,37],"killed_by":"Reptomancer","ascension_level":20}