{"gold_per_floor":[109,34,34,34,34,34,57,92,92,92,92,113,113,132,132,261,261,275,150,171,171,171,171,171,171,194,194,212,236,236,257,257,386,386,404,422,438,438,438,438,438,438,438,454,469,469,469,484,484,484],"floor_reached":51,"playtime":2306,"items_purged":["Defend_B","Strike_B"],"score":794,"play_id":"cd9d1e7c-dc18-490e-be00-cb6f1ef040b3","local_time":"20180917205536","is_ascension_mode":true,"campfire_choices":[{"data":"Zap","floor":6,"key":"SMITH"},{"data":"Dualcast","floor":10,"key":"SMITH"},{"floor":13,"key":"REST"},{"data":"Lockon","floor":15,"key":"SMITH"},{"data":"Buffer","floor":23,"key":"SMITH"},{"floor":25,"key":"REST"},{"data":"Genetic Algorithm","floor":27,"key":"SMITH"},{"floor":30,"key":"REST"},{"floor":32,"key":"REST"},{"data":"Buffer","floor":40,"key":"SMITH"},{"data":"Beam Cell","floor":42,"key":"SMITH"},{"floor":49,"key":"REST"}],"neow_cost":"PERCENT_DAMAGE","seed_source_timestamp":22609667127904,"circlet_count":0,"master_deck":["Strike_B","Defend_B","Defend_B","Zap+1","Dualcast+1","Genetic Algorithm+1","Lockon+1","Gash","Glacier","Cold Snap","Machine Learning","White Noise","Buffer+1","Lockon+1","Gash","Ball Lightning","Beam Cell","Ball Lightning","Beam Cell+1","Buffer+1","Gash+1","Go for the Eyes+1","Stack","Self Repair+1","Conserve Battery+1","Panacea","Madness","Madness","Go for the Eyes"],"relics":["Cracked Core","Golden Idol","Pear","Juzu Bracelet","Kunai","Inserter","WarpedTongs","Strawberry","Sozu","Torii","Bottled Tornado"],"potions_floor_usage":[33,50,50,50],"damage_taken":[{"damage":0,"enemies":"Small Slimes","floor":1,"turns":3},{"damage":5,"enemies":"2 Louse","floor":7,"turns":2},{"damage":20,"enemies":"3 Sentries","floor":8,"turns":8},{"damage":0,"enemies":"Cultist","floor":12,"turns":3},{"damage":2,"enemies":"Blue Slaver","floor":14,"turns":2},{"damage":23,"enemies":"Slime Boss","floor":16,"turns":10},{"damage":12,"enemies":"3 Byrds","floor":18,"turns":5},{"damage":0,"enemies":"Chosen","floor":20,"turns":4},{"damage":14,"enemies":"Colosseum Slavers","floor":24,"turns":7},{"damage":25,"enemies":"Snecko","floor":28,"turns":4},{"damage":6,"enemies":"Centurion and Healer","floor":29,"turns":7},{"damage":21,"enemies":"Cultist and Chosen","floor":31,"turns":6},{"damage":50,"enemies":"Automaton","floor":33,"turns":9},{"damage":30,"enemies":"3 Darklings","floor":35,"turns":6},{"damage":1,"enemies":"3 Shapes","floor":36,"turns":5},{"damage":19,"enemies":"Sphere and 2 Shapes","floor":37,"turns":6},{"damage":0,"enemies":"Mind Bloom Boss Battle","floor":41,"turns":6},{"damage":27,"enemies":"Jaw Worm Horde","floor":44,"turns":6},{"damage":0,"enemies":"Transient","floor":45,"turns":5},{"damage":19,"enemies":"3 Darklings","floor":48,"turns":7},{"damage":28,"enemies":"Donu and Deca","floor":50,"turns":13}],"seed_played":"6396948179714152157","potions_obtained":[{"floor":12,"key":"FocusPotion"},{"floor":14,"key":"AttackPotion"},{"floor":16,"key":"PowerPotion"},{"floor":29,"key":"FocusPotion"},{"floor":33,"key":"SkillPotion"}],"is_trial":false,"path_per_floor":["M","$","?","?","$","R","M","E","T","R","T","M","R","M","R","B",null,"M","$","M","?","?","R","?","R","T","R","M","M","R","M","R","B",null,"M","M","M","?","?","R","?","R","T","M","M","?","?","M","R","B"],"character_chosen":"DEFECT","items_purchased":["Gash"],"campfire_rested":5,"item_purchase_floors":[19],"current_hp_per_floor":[54,54,36,36,36,36,31,21,21,21,21,21,46,44,44,21,69,57,57,57,57,57,57,43,68,75,75,50,44,71,50,77,27,76,46,45,26,26,80,80,80,80,80,70,80,80,70,61,80,62],"gold":484,"neow_bonus":"TRANSFORM_TWO_CARDS","is_prod":false,"is_daily":false,"chose_seed":false,"campfire_upgraded":7,"win_rate":0,"timestamp":1537185336,"path_taken":["M","$","?","?","?","R","M","E","T","R","?","M","R","M","R","BOSS","M","?","M","?","?","R","?","R","T","R","M","M","R","M","R","BOSS","M","M","M","?","?","R","?","R","T","M","M","?","?","M","R","BOSS"],"build_version":"2018-09-12","purchased_purges":2,"victory":true,"max_hp_per_floor":[75,75,75,75,75,75,75,85,85,85,85,85,85,85,85,85,85,85,85,85,85,85,85,85,85,92,92,92,92,92,92,92,92,92,92,92,92,92,80,80,80,80,80,80,80,80,80,80,80,80],"card_choices":[{"not_picked":["Chaos","Turbo"],"picked":"Gash","floor":1},{"not_picked":["Conserve Battery","Sunder"],"picked":"Glacier","floor":7},{"not_picked":["Barrage","Leap"],"picked":"Cold Snap","floor":8},{"not_picked":["Beam Cell","Steam"],"picked":"Machine Learning","floor":12},{"not_picked":["Blizzard","Streamline"],"picked":"White Noise","floor":14},{"not_picked":["Amplify","Hyperbeam"],"picked":"Buffer","floor":16},{"not_picked":["Leap","Genetic Algorithm"],"picked":"Lockon+1","floor":18},{"not_picked":["Redo","Compile Driver"],"picked":"Ball Lightning","floor":20},{"not_picked":["Genetic Algorithm","Leap"],"picked":"Beam Cell","floor":28},{"not_picked":["Storm+1","Steam Power"],"picked":"Ball Lightning","floor":29},{"not_picked":["Steam","Streamline+1"],"picked":"Beam Cell","floor":31},{"not_picked":["Seek","Amplify"],"picked":"Buffer","floor":33},{"not_picked":["Rebound","Hologram+1"],"picked":"Gash+1","floor":35},{"not_picked":["Compile Driver","Genetic Algorithm"],"picked":"Go for the Eyes+1","floor":36},{"not_picked":["Doom and Gloom+1","Turbo+1"],"picked":"Stack","floor":37},{"not_picked":["Ball Lightning+1","Cold Snap+1"],"picked":"Self Repair+1","floor":41},{"not_picked":["Steam Power+1","Heatsinks+1","Storm"],"picked":"SKIP","floor":44},{"not_picked":["Chaos","Beam Cell"],"picked":"Conserve Battery+1","floor":45},{"not_picked":["Good Instincts","Bandage Up"],"picked":"Panacea","floor":46},{"not_picked":["Ball Lightning","Coolheaded"],"picked":"Go for the Eyes","floor":48}],"player_experience":433509,"relics_obtained":[{"floor":8,"key":"Pear"},{"floor":9,"key":"Juzu Bracelet"},{"floor":11,"key":"Kunai"},{"floor":26,"key":"Strawberry"},{"floor":41,"key":"Torii"},{"floor":43,"key":"Bottled Tornado"}],"event_choices":[{"event_name":"Golden Idol","player_choice":"Take Damage","floor":3,"damage_taken":0},{"event_name":"Wheel of Change","player_choice":"Card Removal","floor":4,"damage_taken":0},{"event_name":"Accursed Blacksmith","player_choice":"Rummage","floor":21,"damage_taken":0},{"event_name":"Purifier","player_choice":"One Purge","floor":22,"damage_taken":0},{"event_name":"Colosseum","player_choice":"Fight","floor":24,"damage_taken":0},{"event_name":"Colosseum","player_choice":"Fled From Nobs","floor":24,"damage_taken":0},{"event_name":"Mysterious Sphere","player_choice":"Ignore","floor":38,"damage_taken":0},{"event_name":"The Moai Head","player_choice":"Heal","floor":39,"damage_taken":0},{"event_name":"MindBloom","player_choice":"Fight","floor":41,"damage_taken":0},{"event_name":"SensoryStone","player_choice":"Memory 1","floor":46,"damage_taken":0},{"event_name":"Winding Halls","player_choice":"Embrace Madness","floor":47,"damage_taken":0}],"is_beta":true,"boss_relics":[{"not_picked":["Busted Crown","Empty Cage"],"picked":"Inserter"},{"not_picked":["Astrolabe","Cursed Key"],"picked":"Sozu"}],"items_purged_floors":[2,19],"is_endless":false,"potions_floor_spawned":[12,14,16,24,29,33,35,36,44,48],"ascension_level":5}