{"gold_per_floor":[118,118,43,60,60,85,85,85,137,157,172,172,172,28,28,132,132,132,132,21,21,21,21,21,21,21,21,21,21,21,21,21,21,21,21,21,21,21,21,21,21,21,21,21,21,21,21,21,21,21],"floor_reached":50,"playtime":6340,"items_purged":["Strike_R"],"score":584,"play_id":"f7f73cbd-29eb-476e-9217-04a9c0be93c1","local_time":"20190106211727","is_ascension_mode":true,"campfire_choices":[{"data":"Armaments","floor":8,"key":"SMITH"},{"floor":12,"key":"REST"},{"data":"True Grit","floor":15,"key":"SMITH"},{"data":"Demon Form","floor":23,"key":"SMITH"},{"floor":25,"key":"REST"},{"floor":32,"key":"REST"},{"floor":40,"key":"REST"},{"floor":42,"key":"REST"},{"floor":49,"key":"RECALL"}],"neow_cost":"TEN_PERCENT_HP_LOSS","seed_source_timestamp":1014772433968249,"circlet_count":0,"master_deck":["Strike_R","Strike_R","Defend_R","Defend_R","Defend_R","Bash","Exhume","Havoc","Iron Wave","Armaments+1","True Grit+1","Pummel","Feel No Pain","Offering","Demon Form+1","Whirlwind+1","Ghostly Armor","Spot Weakness+1","Iron Wave+1","Pommel Strike+1","Pummel+1","Writhe","Flame Barrier+1","Limit Break","Carnage+1","Flash of Steel","Enlightenment","Metamorphosis","Whirlwind+1","Parasite","Demon Form","Writhe"],"relics":["Burning Blood","Regal Pillow","Gambling Chip","Ectoplasm","Old Coin","Juzu Bracelet","Dodecahedron","The Courier","Nunchaku","Velvet Choker","Pocketwatch","Vajra","Girya","Shuriken"],"potions_floor_usage":[16,24,31,39,45,46,50,50],"damage_taken":[{"damage":6,"enemies":"2 Louse","floor":1,"turns":3},{"damage":5,"enemies":"Cultist","floor":4,"turns":4},{"damage":46,"enemies":"Gremlin Nob","floor":6,"turns":6},{"damage":3,"enemies":"Small Slimes","floor":10,"turns":3},{"damage":5,"enemies":"3 Louse","floor":11,"turns":3},{"damage":51,"enemies":"The Guardian","floor":16,"turns":15},{"damage":16,"enemies":"Shell Parasite","floor":18,"turns":7},{"damage":19,"enemies":"3 Byrds","floor":19,"turns":5},{"damage":4,"enemies":"Snecko","floor":22,"turns":5},{"damage":35,"enemies":"Gremlin Leader","floor":24,"turns":5},{"damage":24,"enemies":"Snake Plant","floor":27,"turns":3},{"damage":28,"enemies":"Book of Stabbing","floor":28,"turns":5},{"damage":16,"enemies":"Gremlin Leader","floor":31,"turns":5},{"damage":13,"enemies":"Champ","floor":33,"turns":9},{"damage":4,"enemies":"3 Shapes","floor":35,"turns":3},{"damage":27,"enemies":"Mind Bloom Boss Battle","floor":37,"turns":3},{"damage":3,"enemies":"Orb Walker","floor":38,"turns":3},{"damage":39,"enemies":"Writhing Mass","floor":39,"turns":5},{"damage":62,"enemies":"Giant Head","floor":41,"turns":8},{"damage":1,"enemies":"Transient","floor":45,"turns":5},{"damage":14,"enemies":"4 Shapes","floor":46,"turns":5},{"damage":55,"enemies":"Nemesis","floor":48,"turns":5},{"damage":22,"enemies":"Time Eater","floor":50,"turns":4}],"seed_played":"8993747606944779613","potions_obtained":[{"floor":11,"key":"SkillPotion"},{"floor":22,"key":"Regen Potion"},{"floor":28,"key":"Weak Potion"},{"floor":31,"key":"Fire Potion"},{"floor":33,"key":"SkillPotion"},{"floor":37,"key":"FairyPotion"},{"floor":39,"key":"Energy Potion"},{"floor":41,"key":"Fire Potion"},{"floor":45,"key":"SkillPotion"}],"is_trial":false,"path_per_floor":["M","?","$","M","?","E","?","R","T","M","M","R","T","$","R","B",null,"M","M","$","?","M","R","E","R","T","M","E","?","?","E","R","B",null,"M","?","?","M","M","R","E","R","T","?","M","M","$","E","R","B"],"character_chosen":"IRONCLAD","items_purchased":["Offering","Whirlwind","Ghostly Armor"],"campfire_rested":5,"item_purchase_floors":[14,20,20],"current_hp_per_floor":[72,72,72,72,65,25,25,25,25,28,29,65,65,65,65,20,72,62,49,49,49,51,51,36,72,72,54,32,32,32,22,58,51,72,72,62,41,44,11,47,13,49,49,67,72,64,64,15,15,0],"gold":21,"neow_bonus":"THREE_RARE_CARDS","is_prod":false,"is_daily":false,"chose_seed":false,"campfire_upgraded":3,"win_rate":0,"timestamp":1546827447,"path_taken":["M","?","?","M","?","E","?","R","T","M","M","R","?","?","R","BOSS","M","M","$","?","M","R","E","R","T","M","E","?","?","E","R","BOSS","M","?","?","M","M","R","E","R","T","?","M","M","?","E","R","BOSS"],"build_version":"2019-01-03v4","purchased_purges":1,"victory":false,"max_hp_per_floor":[72,72,72,72,72,72,72,72,72,72,72,72,72,72,72,72,72,72,72,72,72,72,72,72,72,72,72,72,72,72,72,72,72,72,72,72,72,72,72,72,72,72,72,72,72,72,72,72,72,72],"card_choices":[{"not_picked":["Berserk","Brutality"],"picked":"Exhume","floor":0},{"not_picked":["Thunderclap","Rage"],"picked":"Havoc","floor":1},{"not_picked":["Thunderclap","Heavy Blade"],"picked":"Armaments","floor":4},{"not_picked":["Hemokinesis","Shrug It Off"],"picked":"True Grit","floor":6},{"not_picked":["Heavy Blade","Evolve"],"picked":"Feel No Pain","floor":10},{"not_picked":["Cleave","Bloodletting","Wild Strike"],"picked":"SKIP","floor":11},{"not_picked":["Exhume","Reaper"],"picked":"Demon Form","floor":16},{"not_picked":["Wild Strike","Warcry","Anger+1"],"picked":"SKIP","floor":18},{"not_picked":["Armaments","Heavy Blade","Warcry"],"picked":"SKIP","floor":19},{"not_picked":["Flame Barrier+1","Feel No Pain"],"picked":"Spot Weakness+1","floor":22},{"not_picked":["Cleave+1","Headbutt+1"],"picked":"Iron Wave+1","floor":24},{"not_picked":["Armaments","Havoc"],"picked":"Pommel Strike+1","floor":27},{"not_picked":["Thunderclap+1","Shockwave"],"picked":"Pummel+1","floor":28},{"not_picked":["Bludgeon","Thunderclap"],"picked":"Flame Barrier+1","floor":31},{"not_picked":["Impervious","Double Tap"],"picked":"Limit Break","floor":33},{"not_picked":["Iron Wave+1","Perfected Strike+1"],"picked":"Carnage+1","floor":35},{"not_picked":["Mind Blast","Swift Strike"],"picked":"Flash of Steel","floor":36},{"not_picked":["Deep Breath","Finesse"],"picked":"Enlightenment","floor":36},{"not_picked":["Master of Strategy","Flash of Steel"],"picked":"Metamorphosis","floor":36},{"not_picked":["Sentinel","Clothesline+1"],"picked":"Whirlwind+1","floor":37},{"not_picked":["Thunderclap+1","Bloodletting+1","Evolve"],"picked":"SKIP","floor":38},{"not_picked":["Warcry","Armaments","Shockwave"],"picked":"SKIP","floor":39},{"not_picked":["Cleave","Warcry+1"],"picked":"Demon Form","floor":41},{"not_picked":["Clothesline+1","Thunderclap+1","Body Slam"],"picked":"SKIP","floor":45},{"not_picked":["Whirlwind","True Grit+1","Warcry+1"],"picked":"SKIP","floor":46},{"not_picked":["Wild Strike+1","Pummel+1","Perfected Strike"],"picked":"SKIP","floor":48}],"player_experience":767649,"relics_obtained":[{"floor":6,"key":"Regal Pillow"},{"floor":13,"key":"Gambling Chip"},{"floor":24,"key":"Old Coin"},{"floor":26,"key":"Juzu Bracelet"},{"floor":28,"key":"Dodecahedron"},{"floor":31,"key":"Nunchaku"},{"floor":37,"key":"Pocketwatch"},{"floor":41,"key":"Vajra"},{"floor":43,"key":"Girya"},{"floor":48,"key":"Shuriken"}],"event_choices":[{"damage_healed":0,"gold_gain":0,"cards_transformed":["Strike_R"],"player_choice":"Transformed","damage_taken":0,"max_hp_gain":0,"max_hp_loss":0,"event_name":"Transmorgrifier","floor":2,"gold_loss":0,"cards_obtained":["Iron Wave"]},{"cards_removed":["Defend_R"],"damage_healed":0,"gold_gain":0,"player_choice":"Card Removal","damage_taken":7,"max_hp_gain":0,"max_hp_loss":0,"event_name":"Golden Wing","floor":5,"gold_loss":0},{"damage_healed":0,"gold_gain":0,"cards_transformed":["Strike_R"],"player_choice":"Change","damage_taken":0,"max_hp_gain":0,"max_hp_loss":0,"event_name":"Living Wall","floor":7,"gold_loss":0,"cards_obtained":["Pummel"]},{"damage_healed":0,"gold_gain":0,"player_choice":"Upgraded","damage_taken":0,"max_hp_gain":0,"max_hp_loss":0,"event_name":"Upgrade Shrine","floor":21,"gold_loss":0,"cards_upgraded":["Whirlwind"]},{"damage_healed":0,"gold_gain":0,"player_choice":"Ignored","damage_taken":0,"max_hp_gain":0,"max_hp_loss":0,"event_name":"Beggar","floor":29,"gold_loss":0},{"damage_healed":0,"gold_gain":0,"player_choice":"Opened","damage_taken":0,"relics_obtained":["The Courier"],"max_hp_gain":0,"max_hp_loss":0,"event_name":"The Mausoleum","floor":30,"gold_loss":0,"cards_obtained":["Writhe"]},{"damage_healed":0,"gold_gain":0,"player_choice":"Memory 3","damage_taken":10,"max_hp_gain":0,"max_hp_loss":0,"event_name":"SensoryStone","floor":36,"gold_loss":0},{"damage_healed":0,"gold_gain":0,"player_choice":"Fight","damage_taken":0,"max_hp_gain":0,"max_hp_loss":0,"event_name":"MindBloom","floor":37,"gold_loss":0},{"damage_healed":18,"gold_gain":0,"player_choice":"Writhe","damage_taken":0,"max_hp_gain":0,"max_hp_loss":0,"event_name":"Winding Halls","floor":44,"gold_loss":0,"cards_obtained":["Writhe"]}],"is_beta":false,"boss_relics":[{"not_picked":["Coffee Dripper","Tiny House"],"picked":"Ectoplasm"},{"not_picked":["Black Star","Astrolabe"],"picked":"Velvet Choker"}],"items_purged_floors":[3],"is_endless":false,"potions_floor_spawned":[11,22,28,31,33,37,39,41,45],"killed_by":"Time Eater","ascension_level":1}