{"gold_per_floor":[117,117,117,130,55,81,93,119,131,172,184,46,61,77,77,77],"floor_reached":16,"playtime":1502,"items_purged":["Regret"],"score":110,"play_id":"624a4829-7ac1-4790-95f9-3c49591fcc06","local_time":"20190104152757","is_ascension_mode":false,"campfire_choices":[{"floor":7,"key":"REST"},{"data":"Juggernaut","floor":15,"key":"SMITH"}],"neow_cost":"CURSE","seed_source_timestamp":301908535937063,"circlet_count":0,"master_deck":["Strike_R","Strike_R","Strike_R","Defend_R","Defend_R","Defend_R","Defend_R","Bash","Doubt","Juggernaut+1","Cleave","Body Slam","Entrench","Iron Wave","Iron Wave","Feel No Pain"],"relics":["Burning Blood","Gambling Chip","Red Skull","MawBank","FossilizedHelix","Mango","Lantern"],"potions_floor_usage":[],"damage_taken":[{"damage":12,"enemies":"Small Slimes","floor":1,"turns":4},{"damage":12,"enemies":"2 Louse","floor":4,"turns":4},{"damage":42,"enemies":"3 Sentries","floor":6,"turns":9},{"damage":1,"enemies":"Cultist","floor":8,"turns":4},{"damage":28,"enemies":"Lagavulin","floor":10,"turns":7},{"damage":8,"enemies":"Exordium Wildlife","floor":13,"turns":4},{"damage":0,"enemies":"Looter","floor":14,"turns":3},{"damage":58,"enemies":"The Guardian","floor":16,"turns":10}],"seed_played":"-5754954231035090936","potions_obtained":[{"floor":1,"key":"BloodPotion"},{"floor":6,"key":"Explosive Potion"},{"floor":8,"key":"Strength Potion"},{"floor":11,"key":"Fruit Juice"}],"is_trial":false,"path_per_floor":["M","?","?","M","$","E","R","M","T","E","?","$","M","M","R","B"],"character_chosen":"IRONCLAD","items_purchased":["Lantern"],"campfire_rested":1,"item_purchase_floors":[12],"current_hp_per_floor":[74,71,71,65,65,29,53,58,58,50,50,50,48,54,54,0],"gold":77,"neow_bonus":"TRANSFORM_TWO_CARDS","is_prod":false,"is_daily":false,"chose_seed":false,"campfire_upgraded":1,"win_rate":0.0,"timestamp":1546612077,"path_taken":["M","?","?","M","$","E","R","M","T","E","?","$","M","?","R","BOSS"],"build_version":"2019-01-03v3","purchased_purges":1,"victory":false,"max_hp_per_floor":[80,80,80,80,80,80,80,80,80,94,94,94,94,94,94,94],"card_choices":[{"not_picked":["Perfected Strike","Clash"],"picked":"Body Slam","floor":1},{"not_picked":["Heavy Blade","Clash"],"picked":"Entrench","floor":4},{"not_picked":["Sword Boomerang","Clothesline"],"picked":"Iron Wave","floor":6},{"not_picked":["Inflame","Sword Boomerang"],"picked":"Iron Wave","floor":8},{"not_picked":["Sever Soul","Flex","Seeing Red"],"picked":"SKIP","floor":10},{"not_picked":["Clash","Iron Wave","Anger"],"picked":"SKIP","floor":13},{"not_picked":["Whirlwind","Blood for Blood"],"picked":"Feel No Pain","floor":14}],"player_experience":90863,"relics_obtained":[{"floor":6,"key":"MawBank"},{"floor":9,"key":"FossilizedHelix"},{"floor":10,"key":"Mango"}],"event_choices":[{"damage_healed":0,"gold_gain":0,"player_choice":"Success","damage_taken":3,"relics_obtained":["Gambling Chip"],"max_hp_gain":0,"max_hp_loss":0,"event_name":"Scrap Ooze","floor":2,"gold_loss":0},{"damage_healed":0,"gold_gain":0,"player_choice":"Box","damage_taken":0,"relics_obtained":["Red Skull"],"max_hp_gain":0,"max_hp_loss":0,"event_name":"Big Fish","floor":3,"gold_loss":0,"cards_obtained":["Regret"]},{"damage_healed":0,"gold_gain":0,"player_choice":"Got Potions","damage_taken":0,"max_hp_gain":0,"max_hp_loss":0,"event_name":"Lab","floor":11,"gold_loss":0}],"is_beta":false,"boss_relics":[],"items_purged_floors":[5],"is_endless":false,"potions_floor_spawned":[1,6,8,13],"killed_by":"The Guardian","ascension_level":0}