{"gold_per_floor":[109,109,119,119,144,144,162,193,193,229,248,53,53,8,8,128,128,144,163,78,78,98,431,431,466,466,466,499,514,514,514,514,644,644,669,669,689,307,320,320,653,141,141,156,156,156,156,172,172,172,172,172,95,130,130],"floor_reached":56,"playtime":5341,"items_purged":[],"score":1387,"play_id":"b2af9fa3-42b2-49a2-bc72-bb34e032a4c3","local_time":"20190205025222","is_ascension_mode":true,"campfire_choices":[{"floor":6,"key":"REST"},{"floor":13,"key":"REST"},{"floor":15,"key":"REST"},{"floor":24,"key":"REST"},{"floor":27,"key":"REST"},{"floor":30,"key":"RECALL"},{"data":"After Image","floor":32,"key":"SMITH"},{"floor":40,"key":"REST"},{"data":"After Image","floor":45,"key":"SMITH"},{"data":"Footwork","floor":47,"key":"SMITH"},{"data":"Wraith Form v2","floor":49,"key":"SMITH"},{"data":"Wraith Form v2","floor":52,"key":"SMITH"}],"neow_cost":"NONE","seed_source_timestamp":632024657991309,"circlet_count":0,"master_deck":["Survivor","Neutralize","Leg Sweep","After Image+1","Deflect","Heel Hook","Bullet Time","Footwork+1","Bouncing Flask","PiercingWail","Bouncing Flask","Bane","Backflip","Poisoned Stab","Dash","After Image+1","PiercingWail","Wraith Form v2+1","Deadly Poison+1","Poisoned Stab","Defend_R","PiercingWail+1","Crippling Poison+1","Caltrops+1","Noxious Fumes+1","Caltrops","Dodge and Roll","Flechettes","Corpse Explosion","Backstab+1","Acrobatics","Wraith Form v2+1","PiercingWail","Blur","PiercingWail","Deadly Poison"],"relics":["Pandora\u0027s Box","Darkstone Periapt","Ornamental Fan","DollysMirror","Sozu","Art of War","Old Coin","Ninja Scroll","Mango","StoneCalendar","Snecko Eye","Question Card","Tiny Chest","Bronze Scales","Pear","Dead Branch","Bottled Tornado"],"potions_floor_usage":[10,10,23],"damage_taken":[{"damage":1,"enemies":"Cultist","floor":1,"turns":6},{"damage":0,"enemies":"2 Louse","floor":3,"turns":3},{"damage":5,"enemies":"Jaw Worm","floor":5,"turns":4},{"damage":0,"enemies":"Exordium Thugs","floor":7,"turns":4},{"damage":25,"enemies":"3 Sentries","floor":8,"turns":8},{"damage":30,"enemies":"Gremlin Nob","floor":10,"turns":5},{"damage":1,"enemies":"Exordium Wildlife","floor":11,"turns":2},{"damage":15,"enemies":"The Guardian","floor":16,"turns":9},{"damage":17,"enemies":"Spheric Guardian","floor":18,"turns":5},{"damage":5,"enemies":"3 Byrds","floor":19,"turns":6},{"damage":6,"enemies":"Sentry and Sphere","floor":22,"turns":5},{"damage":13,"enemies":"Slavers","floor":23,"turns":8},{"damage":9,"enemies":"Book of Stabbing","floor":25,"turns":6},{"damage":15,"enemies":"Slavers","floor":28,"turns":8},{"damage":0,"enemies":"Shelled Parasite and Fungi","floor":29,"turns":6},{"damage":21,"enemies":"Automaton","floor":33,"turns":9},{"damage":0,"enemies":"3 Darklings","floor":35,"turns":4},{"damage":9,"enemies":"Orb Walker","floor":37,"turns":4},{"damage":17,"enemies":"Spire Growth","floor":39,"turns":5},{"damage":0,"enemies":"Jaw Worm Horde","floor":44,"turns":3},{"damage":0,"enemies":"Sphere and 2 Shapes","floor":48,"turns":4},{"damage":0,"enemies":"Time Eater","floor":50,"turns":11},{"damage":0,"enemies":"Shield and Spear","floor":54,"turns":6},{"damage":37,"enemies":"The Heart","floor":55,"turns":9}],"seed_played":"-5337343044937533143","potions_obtained":[{"floor":5,"key":"PowerPotion"},{"floor":8,"key":"AttackPotion"},{"floor":16,"key":"Explosive Potion"}],"is_trial":false,"path_per_floor":["M","?","M","?","M","R","M","E","T","E","M","$","R","$","R","B",null,"M","M","?","?","M","E","R","E","T","R","E","M","R","?","R","B",null,"M","?","M","$","M","R","?","$","T","M","R","?","R","M","R","B",null,"R","$","E","B",null],"character_chosen":"THE_SILENT","items_purchased":["DollysMirror","PiercingWail","Question Card","Tiny Chest","Wraith Form v2","Bronze Scales","PiercingWail","Pear","PiercingWail","Deadly Poison"],"campfire_rested":6,"item_purchase_floors":[12,14,38,38,42,42,42,42,53,53],"current_hp_per_floor":[69,62,62,62,57,70,70,45,45,15,14,14,35,35,56,41,70,53,48,48,48,42,29,50,41,55,80,65,65,65,65,65,44,84,84,84,75,75,58,83,83,93,93,93,93,93,93,93,93,93,94,94,94,94,57],"gold":130,"neow_bonus":"BOSS_RELIC","is_prod":false,"is_daily":false,"chose_seed":false,"campfire_upgraded":5,"win_rate":0,"timestamp":1549363942,"path_taken":["M","?","M","?","M","R","M","E","T","E","M","$","R","$","R","BOSS","M","M","?","?","?","E","R","E","T","R","E","M","R","?","R","BOSS","M","?","M","$","?","R","?","$","T","M","R","?","R","?","R","BOSS","R","$","E","BOSS"],"build_version":"2019-01-23","purchased_purges":0,"victory":true,"max_hp_per_floor":[70,70,70,70,70,70,70,70,70,70,70,70,70,70,70,70,70,70,70,70,70,70,70,70,70,84,84,84,84,84,84,84,84,84,84,84,84,84,84,84,84,94,94,94,94,94,94,94,94,94,94,94,94,94,94],"card_choices":[{"not_picked":["Deadly Poison","Poisoned Stab"],"picked":"PiercingWail","floor":1},{"not_picked":["Acrobatics","Outmaneuver"],"picked":"Bouncing Flask","floor":3},{"not_picked":["Acrobatics","Tactician"],"picked":"Bane","floor":5},{"not_picked":["Outmaneuver","Acrobatics"],"picked":"Backflip","floor":7},{"not_picked":["Concentrate","Outmaneuver"],"picked":"Poisoned Stab","floor":8},{"not_picked":["Calculated Gamble","All Out Attack"],"picked":"Dash","floor":10},{"not_picked":["Leg Sweep","Deflect","Blade Dance"],"picked":"SKIP","floor":11},{"not_picked":["Bullet Time","Unload"],"picked":"Wraith Form v2","floor":16},{"not_picked":["Outmaneuver+1","Quick Slash+1"],"picked":"Deadly Poison+1","floor":18},{"not_picked":["Underhanded Strike+1","Blade Dance"],"picked":"Poisoned Stab","floor":19},{"not_picked":["Dagger Spray","Outmaneuver"],"picked":"PiercingWail+1","floor":22},{"not_picked":["Poisoned Stab","Quick Slash"],"picked":"Crippling Poison+1","floor":23},{"not_picked":["Dagger Spray","All Out Attack+1"],"picked":"Caltrops+1","floor":25},{"not_picked":["Heel Hook","All Out Attack"],"picked":"Noxious Fumes","floor":28},{"not_picked":["Phantasmal Killer","Quick Slash"],"picked":"Caltrops","floor":29},{"not_picked":["Unload","Die Die Die"],"picked":"Corpse Explosion","floor":33},{"not_picked":["Outmaneuver","Dagger Spray","Reflex"],"picked":"SKIP","floor":35},{"not_picked":["Accuracy","Quick Slash"],"picked":"Backstab+1","floor":37},{"not_picked":["Accuracy+1","Backflip","Quick Slash+1"],"picked":"Acrobatics","floor":39},{"not_picked":["Cloak And Dagger","Bane","Expertise","Quick Slash+1"],"picked":"SKIP","floor":44},{"not_picked":["Doppelganger","Underhanded Strike+1","Slice+1"],"picked":"Blur","floor":48},{"not_picked":["Concentrate+1","Flying Knee","Expertise+1","Poisoned Stab"],"picked":"SKIP","floor":54}],"player_experience":462046,"relics_obtained":[{"floor":8,"key":"Darkstone Periapt"},{"floor":10,"key":"Ornamental Fan"},{"floor":23,"key":"Old Coin"},{"floor":25,"key":"Ninja Scroll"},{"floor":26,"key":"Mango"},{"floor":28,"key":"StoneCalendar"},{"floor":43,"key":"Dead Branch"},{"floor":54,"key":"Bottled Tornado"}],"event_choices":[{"cards_removed":["Grand Finale"],"damage_healed":0,"gold_gain":0,"player_choice":"Card Removal","damage_taken":7,"max_hp_gain":0,"max_hp_loss":0,"event_name":"Golden Wing","floor":2,"gold_loss":0},{"damage_healed":0,"gold_gain":0,"player_choice":"Take Wound","damage_taken":0,"relics_obtained":["Golden Idol"],"max_hp_gain":0,"max_hp_loss":0,"event_name":"Golden Idol","floor":4,"gold_loss":0,"cards_obtained":["Injury"]},{"damage_healed":0,"gold_gain":0,"player_choice":"Obtained Relic","damage_taken":0,"relics_obtained":["Art of War"],"max_hp_gain":0,"max_hp_loss":0,"event_name":"Addict","floor":20,"gold_loss":85},{"cards_removed":["Injury"],"damage_healed":0,"gold_gain":0,"player_choice":"Took Card","damage_taken":0,"max_hp_gain":0,"max_hp_loss":0,"event_name":"NoteForYourself","floor":21,"gold_loss":0,"cards_obtained":["Defend_R"]},{"damage_healed":0,"gold_gain":0,"cards_transformed":["Finisher","Storm of Steel"],"player_choice":"Became Test Subject","damage_taken":0,"max_hp_gain":0,"max_hp_loss":0,"event_name":"Drug Dealer","floor":31,"gold_loss":0,"cards_obtained":["Dodge and Roll","Flechettes"]},{"damage_healed":0,"gold_gain":0,"player_choice":"Leave","damage_taken":0,"max_hp_gain":0,"max_hp_loss":0,"event_name":"FaceTrader","floor":36,"gold_loss":0},{"damage_healed":0,"gold_gain":333,"player_choice":"Gave Idol","damage_taken":0,"max_hp_gain":0,"max_hp_loss":0,"event_name":"The Moai Head","floor":41,"relics_lost":["Golden Idol"],"gold_loss":0},{"damage_healed":0,"gold_gain":0,"player_choice":"Forge","damage_taken":0,"max_hp_gain":0,"max_hp_loss":0,"event_name":"Accursed Blacksmith","floor":46,"gold_loss":0,"cards_upgraded":["Noxious Fumes"]}],"is_beta":false,"boss_relics":[{"not_picked":["Fusion Hammer","White Beast Statue"],"picked":"Sozu"},{"not_picked":["Orrery","Cursed Key"],"picked":"Snecko Eye"}],"items_purged_floors":[],"is_endless":false,"potions_floor_spawned":[5,8,16,23,25,28,29,35,39,44],"ascension_level":1}