{"gold_per_floor":[116,116,291,311,335,373,386,386,386,386,311,335,375,228,228,357,357,380,380,380,368,106,150,150,163,163,198,223,45,45,45],"floor_reached":31,"playtime":1586,"items_purged":["Normality","Doubt","Defend_B"],"score":450,"play_id":"6a0d7b23-b39c-42da-8dea-df0a348a5771","local_time":"20181021010042","is_ascension_mode":true,"campfire_choices":[{"floor":8,"key":"REST"},{"data":"Conserve Battery","floor":10,"key":"SMITH"},{"floor":15,"key":"REST"},{"floor":24,"key":"REST"},{"data":"Fission","floor":30,"key":"SMITH"}],"neow_cost":"CURSE","seed_source_timestamp":98345993845428,"circlet_count":0,"master_deck":["Defend_B","Defend_B","Zap","Dualcast","AscendersBane","Sweeping Beam","Sunder","Go for the Eyes","Beam Cell","Auto Shields","Go for the Eyes","Conserve Battery+1","Conserve Battery","Self Repair","Conserve Battery","Echo Form","Rip and Tear+1","Hello World+1","Conserve Battery","Beam Cell+1","Electrodynamics","Rainbow","Conserve Battery","Loop","Loop","Fission+1","Conserve Battery"],"relics":["Cracked Core","Golden Idol","PreservedInsect","Question Card","Du-Vu Doll","Astrolabe","Enchiridion","Vajra","Pantograph","Mango"],"potions_floor_usage":[23,27],"damage_taken":[{"damage":7,"enemies":"Jaw Worm","floor":1,"turns":3},{"damage":0,"enemies":"2 Louse","floor":4,"turns":3},{"damage":0,"enemies":"Small Slimes","floor":5,"turns":3},{"damage":25,"enemies":"Gremlin Nob","floor":6,"turns":4},{"damage":0,"enemies":"Exordium Wildlife","floor":7,"turns":2},{"damage":11,"enemies":"Looter","floor":12,"turns":2},{"damage":5,"enemies":"3 Sentries","floor":13,"turns":7},{"damage":6,"enemies":"The Guardian","floor":16,"turns":14},{"damage":9,"enemies":"3 Byrds","floor":18,"turns":5},{"damage":22,"enemies":"2 Thieves","floor":21,"turns":4},{"damage":1,"enemies":"Book of Stabbing","floor":23,"turns":3},{"damage":23,"enemies":"Centurion and Healer","floor":25,"turns":3},{"damage":35,"enemies":"Slavers","floor":27,"turns":4},{"damage":16,"enemies":"Shelled Parasite and Fungi","floor":28,"turns":5},{"damage":23,"enemies":"Sentry and Sphere","floor":31,"turns":4}],"seed_played":"-6356021939926828275","potions_obtained":[{"floor":6,"key":"AttackPotion"},{"floor":12,"key":"Dexterity Potion"},{"floor":13,"key":"SkillPotion"},{"floor":21,"key":"Regen Potion"},{"floor":23,"key":"Swift Potion"}],"is_trial":false,"path_per_floor":["M","?","?","M","M","E","M","R","T","R","$","M","E","$","R","B",null,"M","?","?","M","$","E","R","M","T","E","M","$","R"],"character_chosen":"DEFECT","items_purchased":["Conserve Battery","Electrodynamics","Fission","Conserve Battery"],"campfire_rested":3,"item_purchase_floors":[14,22,29,29],"current_hp_per_floor":[61,43,43,43,43,18,18,40,40,40,40,29,24,24,46,47,68,66,66,50,35,35,34,56,40,40,31,22,22,22,0],"gold":45,"neow_bonus":"TRANSFORM_TWO_CARDS","is_prod":false,"is_daily":false,"chose_seed":false,"campfire_upgraded":2,"win_rate":0,"timestamp":1540051242,"path_taken":["M","?","?","?","M","E","M","R","T","R","$","M","E","?","R","BOSS","M","?","?","?","$","E","R","M","T","E","M","?","R","M"],"build_version":"2018-10-19","purchased_purges":3,"victory":false,"max_hp_per_floor":[75,75,75,75,75,75,75,75,75,75,75,75,75,75,75,75,75,75,75,75,75,75,75,75,75,75,89,89,89,89,89],"card_choices":[{"not_picked":["Compile Driver","Aggregate"],"picked":"Go for the Eyes","floor":1},{"not_picked":["Chill","Aggregate"],"picked":"Beam Cell","floor":4},{"not_picked":["Redo","Barrage"],"picked":"Auto Shields","floor":5},{"not_picked":["Stack","Barrage"],"picked":"Go for the Eyes","floor":6},{"not_picked":["Streamline","Tempest"],"picked":"Conserve Battery","floor":7},{"not_picked":["Ball Lightning","Doom and Gloom","Beam Cell"],"picked":"Conserve Battery","floor":12},{"not_picked":["Reprogram","Barrage","Aggregate"],"picked":"Self Repair","floor":13},{"not_picked":["Reboot","Fission","Rainbow"],"picked":"Echo Form","floor":16},{"not_picked":["Streamline","Rebound","Fusion"],"picked":"Conserve Battery","floor":18},{"not_picked":["Leap","Turbo","Gash"],"picked":"Beam Cell+1","floor":21},{"not_picked":["Streamline","Stack","Cold Snap"],"picked":"Rainbow","floor":23},{"not_picked":["Compile Driver","Cold Snap","Leap"],"picked":"Conserve Battery","floor":25},{"not_picked":["Compile Driver+1","Recycle","Stack+1"],"picked":"Loop","floor":27},{"not_picked":["Barrage","Turbo","Lockon"],"picked":"Loop","floor":28}],"player_experience":525426,"relics_obtained":[{"floor":6,"key":"PreservedInsect"},{"floor":9,"key":"Question Card"},{"floor":13,"key":"Du-Vu Doll"},{"floor":20,"key":"Enchiridion"},{"floor":23,"key":"Vajra"},{"floor":26,"key":"Pantograph"},{"floor":27,"key":"Mango"}],"event_choices":[{"damage_healed":0,"gold_gain":0,"player_choice":"Take Damage","damage_taken":18,"relics_obtained":["Golden Idol"],"max_hp_gain":0,"max_hp_loss":0,"event_name":"Golden Idol","floor":2,"gold_loss":0},{"damage_healed":0,"gold_gain":175,"player_choice":"AGREE","damage_taken":0,"max_hp_gain":0,"max_hp_loss":0,"event_name":"Liars Game","floor":3,"gold_loss":0,"cards_obtained":["Doubt"]},{"cards_removed":["Blizzard"],"damage_healed":0,"gold_gain":0,"player_choice":"Card Removal","damage_taken":0,"max_hp_gain":0,"max_hp_loss":0,"event_name":"Wheel of Change","floor":19,"gold_loss":0},{"damage_healed":0,"gold_gain":0,"player_choice":"Obtained Book","damage_taken":16,"max_hp_gain":0,"max_hp_loss":0,"event_name":"Cursed Tome","floor":20,"gold_loss":0}],"is_beta":true,"boss_relics":[{"not_picked":["Snecko Eye","Fusion Hammer"],"picked":"Astrolabe"}],"items_purged_floors":[11,14,22],"is_endless":false,"potions_floor_spawned":[6,12,13,21,23],"killed_by":"Sentry and Sphere","ascension_level":10}