{"gold_per_floor":[112,129,129,129,229,229,242,260,284,311,261,261,273,283,283,283],"floor_reached":16,"playtime":737,"items_purged":[],"score":102,"play_id":"a237740f-5fe4-49ff-b8c9-a621c2800181","local_time":"20190108131847","is_ascension_mode":false,"campfire_choices":[{"data":"Bash","floor":6,"key":"SMITH"},{"data":"Seeing Red","floor":12,"key":"SMITH"},{"data":"Spot Weakness","floor":15,"key":"SMITH"}],"neow_cost":"NONE","seed_source_timestamp":640524580575229,"circlet_count":0,"master_deck":["Strike_R","Strike_R","Strike_R","Defend_R","Defend_R","Defend_R","Defend_R","Bash+1","Iron Wave","Iron Wave","Seeing Red+1","Thunderclap","Dropkick","Spot Weakness+1"],"relics":["Burning Blood","NeowsBlessing","Orichalcum","Juzu Bracelet"],"potions_floor_usage":[],"damage_taken":[{"damage":0,"enemies":"Cultist","floor":1,"turns":1},{"damage":0,"enemies":"Jaw Worm","floor":2,"turns":1},{"damage":0,"enemies":"Small Slimes","floor":7,"turns":1},{"damage":3,"enemies":"Exordium Thugs","floor":8,"turns":5},{"damage":4,"enemies":"Gremlin Nob","floor":10,"turns":4},{"damage":3,"enemies":"Exordium Wildlife","floor":13,"turns":4},{"damage":7,"enemies":"3 Louse","floor":14,"turns":4},{"damage":80,"enemies":"The Guardian","floor":16,"turns":9}],"seed_played":"-254685206321086944","potions_obtained":[{"floor":2,"key":"Strength Potion"},{"floor":14,"key":"Explosive Potion"}],"is_trial":false,"path_per_floor":["M","M","$","?","?","R","M","M","T","E","?","R","M","M","R","B"],"character_chosen":"IRONCLAD","items_purchased":[],"campfire_rested":0,"item_purchase_floors":[],"current_hp_per_floor":[80,80,80,73,73,73,79,80,80,80,80,80,80,79,79,0],"gold":283,"neow_bonus":"THREE_ENEMY_KILL","is_prod":false,"is_daily":false,"chose_seed":false,"campfire_upgraded":3,"win_rate":0.0,"timestamp":1546949927,"path_taken":["M","?","$","?","?","R","M","M","T","E","?","R","M","M","R","BOSS"],"build_version":"2019-01-03v4","purchased_purges":0,"victory":false,"max_hp_per_floor":[80,80,80,80,80,80,80,80,80,80,80,80,80,80,80,80],"card_choices":[{"not_picked":["Carnage","Combust"],"picked":"Iron Wave","floor":1},{"not_picked":["Wild Strike","Headbutt"],"picked":"Iron Wave","floor":2},{"not_picked":["Corruption","Sever Soul"],"picked":"Seeing Red","floor":7},{"not_picked":["Sword Boomerang","Dual Wield"],"picked":"Thunderclap","floor":8},{"not_picked":["Rampage","Bludgeon"],"picked":"Dropkick","floor":10},{"not_picked":["Disarm","Sword Boomerang"],"picked":"Spot Weakness","floor":13},{"not_picked":["Bloodletting","Sword Boomerang","Havoc"],"picked":"SKIP","floor":14}],"player_experience":123850,"relics_obtained":[{"floor":9,"key":"Orichalcum"},{"floor":10,"key":"Juzu Bracelet"}],"event_choices":[{"cards_removed":["Strike_R"],"damage_healed":0,"gold_gain":0,"player_choice":"Card Removal","damage_taken":7,"max_hp_gain":0,"max_hp_loss":0,"event_name":"Golden Wing","floor":4,"gold_loss":0},{"damage_healed":0,"gold_gain":100,"player_choice":"Pray","damage_taken":0,"max_hp_gain":0,"max_hp_loss":0,"event_name":"Golden Shrine","floor":5,"gold_loss":0},{"cards_removed":["Strike_R"],"damage_healed":0,"gold_gain":0,"player_choice":"Card Removal","damage_taken":0,"max_hp_gain":0,"max_hp_loss":0,"event_name":"The Cleric","floor":11,"gold_loss":50}],"is_beta":false,"boss_relics":[],"items_purged_floors":[],"is_endless":false,"potions_floor_spawned":[2,14],"killed_by":"The Guardian","ascension_level":0}