{"path_per_floor":["M","M","$","M","?","R","M","R","T","$","M","?","R","E","R","B",null,"M","?","?","$","?","R","E","R","T","M","?","R","$","M","R","B",null,"M","?","?"],"character_chosen":"DEFECT","items_purchased":["Static Discharge","Defragment","Rainbow","Hello World"],"gold_per_floor":[118,128,19,32,32,32,44,44,68,31,46,146,146,180,180,278,278,289,289,289,39,39,39,39,39,63,74,74,74,1,17,17,113,113,133,133,133,133],"floor_reached":38,"campfire_rested":1,"playtime":1934,"item_purchase_floors":[3,10,21,30],"current_hp_per_floor":[69,68,68,64,64,64,60,60,60,60,53,53,53,49,49,11,75,69,69,55,55,55,55,55,55,55,44,44,44,44,39,63,55,80,67,67,67,0],"items_purged":["Strike_B","Defend_B"],"gold":133,"score":413,"play_id":"c889848e-9a1b-4534-a35d-71d71b155d0d","local_time":"20180530222502","is_prod":false,"is_daily":false,"chose_seed":false,"is_ascension_mode":false,"campfire_upgraded":7,"win_rate":0,"timestamp":1527686702,"campfire_choices":[{"data":"Zap","floor":6,"key":"SMITH"},{"data":"Static Discharge","floor":8,"key":"SMITH"},{"data":"Defragment","floor":13,"key":"SMITH"},{"data":"Dualcast","floor":15,"key":"SMITH"},{"data":"Rainbow","floor":23,"key":"SMITH"},{"data":"Multi-Cast","floor":25,"key":"SMITH"},{"data":"Recycle","floor":29,"key":"SMITH"},{"floor":32,"key":"REST"}],"path_taken":["M","M","$","M","?","R","M","R","T","$","M","?","R","E","R","BOSS","M","?","?","$","?","R","E","R","T","M","?","R","?","M","R","BOSS","M","?","?","?"],"build_version":"2018-05-29","seed_source_timestamp":84272800319183,"purchased_purges":2,"victory":false,"master_deck":["Defend_B","Defend_B","Zap+1","Dualcast+1","Cold Snap","Recycle+1","Static Discharge+1","Hologram","Defragment+1","Go for the Eyes","Fission","Multi-Cast+1","Steam","FTL","Rainbow+1","Coolheaded","Hello World","Barrage","Electrodynamics","Lockon+1","Barrage+1","Machine Learning+1","Hologram+1","Madness"],"max_hp_per_floor":[75,75,75,75,75,75,75,75,75,75,75,75,75,75,75,75,75,75,75,80,80,80,80,80,80,80,80,80,80,80,80,80,80,80,80,80,80,80],"relics":["Cracked Core","Vajra","Potion Belt","Sozu","Ice Cream","DataDisk","Astrolabe"],"card_choices":[{"not_picked":["Leap","Heatsinks"],"picked":"Cold Snap","floor":1},{"not_picked":["Redo","Barrage"],"picked":"Recycle","floor":2},{"not_picked":["Beam Cell","Undo"],"picked":"Go for the Eyes","floor":4},{"not_picked":["Streamline","Barrage"],"picked":"Hologram","floor":7},{"not_picked":["Beam Cell","Compile Driver"],"picked":"Go for the Eyes","floor":11},{"not_picked":["Rip and Tear","Capacitor"],"picked":"Fission","floor":14},{"not_picked":["Fission","Core Surge"],"picked":"Multi-Cast","floor":16},{"not_picked":["Stack","Compile Driver"],"picked":"Steam","floor":18},{"not_picked":["Fusion+1","Sunder"],"picked":"Coolheaded","floor":27},{"not_picked":["Skim","Hologram"],"picked":"Barrage","floor":31},{"not_picked":["Meteor Strike","Biased Cognition"],"picked":"Electrodynamics","floor":33},{"not_picked":["Genetic Algorithm+1","Steam Power"],"picked":"Hologram+1","floor":35},{"not_picked":["Bandage Up","Mind Blast"],"picked":"Madness","floor":37}],"player_experience":211986,"potions_floor_usage":[18,24,33],"damage_taken":[{"damage":6,"enemies":"Jaw Worm","floor":1,"turns":3},{"damage":1,"enemies":"Cultist","floor":2,"turns":3},{"damage":4,"enemies":"2 Louse","floor":4,"turns":3},{"damage":4,"enemies":"Large Slime","floor":7,"turns":5},{"damage":7,"enemies":"Lots of Slimes","floor":11,"turns":3},{"damage":4,"enemies":"3 Sentries","floor":14,"turns":4},{"damage":38,"enemies":"Slime Boss","floor":16,"turns":10},{"damage":6,"enemies":"Chosen","floor":18,"turns":4},{"damage":0,"enemies":"Slavers","floor":24,"turns":1},{"damage":11,"enemies":"3 Byrds","floor":27,"turns":2},{"damage":5,"enemies":"Snecko","floor":31,"turns":5},{"damage":23,"enemies":"Champ","floor":33,"turns":9},{"damage":13,"enemies":"Orb Walker","floor":35,"turns":3},{"damage":74,"enemies":"ê_îÈÇÃãÖëÃ","floor":38,"turns":6}],"relics_obtained":[{"floor":9,"key":"Vajra"},{"floor":14,"key":"Potion Belt"},{"floor":26,"key":"DataDisk"}],"event_choices":[{"event_name":"Bonfire Elementals","player_choice":"BASIC","floor":5,"damage_taken":0},{"event_name":"Golden Shrine","player_choice":"Pray","floor":12,"damage_taken":0},{"event_name":"The Library","player_choice":"Read","floor":19,"damage_taken":0},{"event_name":"Forgotten Altar","player_choice":"Shed Blood","floor":20,"damage_taken":0},{"event_name":"The Mausoleum","player_choice":"Yes","floor":22,"damage_taken":0},{"event_name":"Back to Basics","player_choice":"Elegance","floor":28,"damage_taken":0},{"event_name":"SensoryStone","player_choice":"Memory 1","floor":37,"damage_taken":0},{"event_name":"Mysterious Sphere","player_choice":"Fight","floor":38,"damage_taken":0}],"boss_relics":[{"not_picked":["Snecko Eye","Runic Pyramid"],"picked":"Sozu"},{"not_picked":["Inserter","Eternal Feather"],"picked":"Astrolabe"}],"items_purged_floors":[3,21],"potions_floor_spawned":[1,2,16,27,31,35],"seed_played":"7470238173932237464","killed_by":"ê_îÈÇÃãÖëÃ","ascension_level":0,"potions_obtained":[{"floor":1,"key":"SmokeBomb"},{"floor":2,"key":"Regen Potion"},{"floor":16,"key":"Explosive Potion"}],"is_trial":false}