{"gold_per_floor":[109,124,124,140,140,181,181,217,217,238,263,263,263,286,286,286],"floor_reached":16,"playtime":881,"items_purged":[],"score":118,"play_id":"8e74ad20-2037-4dc9-ad53-b026a97954be","local_time":"20190112154827","is_ascension_mode":true,"campfire_choices":[{"data":"Warcry","floor":7,"key":"SMITH"},{"data":"Armaments","floor":12,"key":"SMITH"},{"floor":15,"key":"REST"}],"neow_cost":"NONE","seed_source_timestamp":915205842915813,"circlet_count":0,"master_deck":["Strike_R","Strike_R+1","Strike_R","Strike_R","Strike_R+1","Defend_R","Defend_R","Defend_R","Defend_R","Bash","Fiend Fire","Havoc","Armaments+1","Spot Weakness","Injury","Warcry+1","Reaper","Flame Barrier","Seeing Red","Burning Pact","Sentinel","Pain"],"relics":["Burning Blood","Meat on the Bone","Golden Idol","Whetstone","Prayer Wheel","Mummified Hand","WarpedTongs"],"potions_floor_usage":[],"damage_taken":[{"damage":6,"enemies":"Cultist","floor":1,"turns":3},{"damage":2,"enemies":"2 Louse","floor":2,"turns":4},{"damage":7,"enemies":"Small Slimes","floor":4,"turns":3},{"damage":23,"enemies":"Lagavulin","floor":6,"turns":5},{"damage":18,"enemies":"Gremlin Nob","floor":8,"turns":4},{"damage":33,"enemies":"Gremlin Gang","floor":10,"turns":5},{"damage":16,"enemies":"Large Slime","floor":11,"turns":3},{"damage":0,"enemies":"Blue Slaver","floor":14,"turns":2},{"damage":84,"enemies":"Hexaghost","floor":16,"turns":12}],"seed_played":"606207807592088125","potions_obtained":[{"floor":10,"key":"SneckoOil"},{"floor":11,"key":"Block Potion"},{"floor":14,"key":"Dexterity Potion"}],"is_trial":false,"path_per_floor":["M","M","T","M","?","E","R","E","T","M","M","R","?","M","R","B"],"character_chosen":"IRONCLAD","items_purchased":[],"campfire_rested":1,"item_purchase_floors":[],"current_hp_per_floor":[80,80,80,79,79,62,62,50,50,55,57,57,57,63,80,0],"gold":286,"neow_bonus":"ONE_RANDOM_RARE_CARD","is_prod":false,"is_daily":false,"chose_seed":false,"campfire_upgraded":2,"win_rate":0,"timestamp":1547304507,"path_taken":["M","M","?","M","?","E","R","E","T","M","M","R","?","M","R","BOSS"],"build_version":"2019-01-10","purchased_purges":0,"victory":false,"max_hp_per_floor":[80,80,80,80,80,80,80,80,80,80,80,80,80,80,80,80],"card_choices":[{"not_picked":["Thunderclap","Heavy Blade"],"picked":"Havoc","floor":1},{"not_picked":["Warcry","Clothesline"],"picked":"Armaments","floor":2},{"not_picked":["Combust","Dark Embrace"],"picked":"Spot Weakness","floor":4},{"not_picked":["Inflame","Ghostly Armor"],"picked":"Warcry","floor":6},{"not_picked":["Rampage","Perfected Strike"],"picked":"Reaper","floor":8},{"not_picked":["Warcry","Pommel Strike"],"picked":"Flame Barrier","floor":10},{"not_picked":["Anger","Flex"],"picked":"Seeing Red","floor":10},{"not_picked":["Bloodletting","Iron Wave"],"picked":"Burning Pact","floor":11},{"not_picked":["Thunderclap","Sword Boomerang"],"picked":"Sentinel","floor":11},{"not_picked":["Bloodletting","Thunderclap","Power Through"],"picked":"SKIP","floor":14},{"not_picked":["Havoc","Bloodletting","Perfected Strike"],"picked":"SKIP","floor":14}],"player_experience":151317,"relics_obtained":[{"floor":3,"key":"Meat on the Bone"},{"floor":6,"key":"Whetstone"},{"floor":8,"key":"Prayer Wheel"},{"floor":9,"key":"Mummified Hand"}],"event_choices":[{"damage_healed":0,"gold_gain":0,"player_choice":"Take Wound","damage_taken":0,"relics_obtained":["Golden Idol"],"max_hp_gain":0,"max_hp_loss":0,"event_name":"Golden Idol","floor":5,"gold_loss":0,"cards_obtained":["Injury"]},{"damage_healed":0,"gold_gain":0,"player_choice":"Rummage","damage_taken":0,"relics_obtained":["WarpedTongs"],"max_hp_gain":0,"max_hp_loss":0,"event_name":"Accursed Blacksmith","floor":13,"gold_loss":0,"cards_obtained":["Pain"]}],"is_beta":false,"boss_relics":[],"items_purged_floors":[],"is_endless":false,"potions_floor_spawned":[10,11,14],"killed_by":"Hexaghost","ascension_level":1}