{"gold_per_floor":[166,184,203,217,217,217,253,277,277,293,332,332,363,438,438,569,569,569,340,340,255,255,255,255,255,255,74,74,74,74,50,50,50,50,50,50,50,50,50,50,50,50,50,50,50,50,0,0,0,0,0,0,0,0],"floor_reached":54,"playtime":2687,"items_purged":["Strike_B","Strike_B"],"score":751,"play_id":"799394e0-afb8-411f-b82f-95aebb057bd5","local_time":"20181124175659","is_ascension_mode":true,"campfire_choices":[{"floor":6,"key":"RECALL"},{"floor":12,"key":"REST"},{"data":"Defragment","floor":15,"key":"SMITH"},{"floor":23,"key":"REST"},{"floor":30,"key":"REST"},{"data":"Consume","floor":32,"key":"SMITH"},{"data":"Sunder","floor":40,"key":"SMITH"},{"floor":45,"key":"REST"},{"data":"Magnetism","floor":49,"key":"SMITH"},{"data":"Go for the Eyes","floor":52,"key":"SMITH"}],"neow_cost":"NONE","seed_source_timestamp":580853204050962,"circlet_count":0,"master_deck":["Strike_B","Strike_B+1","Defend_B","Defend_B","Defend_B","Defend_B","Zap+1","Dualcast","Go for the Eyes","BootSequence","Consume+1","Compile Driver","Sunder+1","Conserve Battery","Cold Snap+1","Go for the Eyes+1","Defragment+1","Ball Lightning","Ball Lightning","Coolheaded+1","BootSequence","Chill","Coolheaded","Machine Learning","Ball Lightning+1","Loop+1","FTL","Panacea","Magnetism+1","Leap+1","Ball Lightning+1","Double Energy+1"],"relics":["Tiny House","Golden Idol","Pen Nib","Whetstone","Kunai","Ectoplasm","Oddly Smooth Stone","MawBank","Ginger","Darkstone Periapt","Eternal Feather","Anchor","Ancient Tea Set","Red Mask"],"potions_floor_usage":[7,7,13,13,29,33,33,42,46,50,50,50],"damage_taken":[{"damage":0,"enemies":"2 Louse","floor":1,"turns":1},{"damage":0,"enemies":"Jaw Worm","floor":2,"turns":4},{"damage":0,"enemies":"Cultist","floor":3,"turns":3},{"damage":15,"enemies":"Exordium Thugs","floor":4,"turns":7},{"damage":6,"enemies":"Gremlin Nob","floor":7,"turns":3},{"damage":5,"enemies":"Looter","floor":8,"turns":4},{"damage":0,"enemies":"3 Louse","floor":10,"turns":3},{"damage":6,"enemies":"Lagavulin","floor":11,"turns":6},{"damage":0,"enemies":"Gremlin Nob","floor":13,"turns":4},{"damage":22,"enemies":"Slime Boss","floor":16,"turns":8},{"damage":20,"enemies":"Spheric Guardian","floor":18,"turns":4},{"damage":7,"enemies":"Chosen","floor":20,"turns":4},{"damage":24,"enemies":"Snake Plant","floor":24,"turns":5},{"damage":0,"enemies":"3 Cultists","floor":25,"turns":4},{"damage":9,"enemies":"Snecko","floor":29,"turns":6},{"damage":15,"enemies":"Champ","floor":33,"turns":13},{"damage":13,"enemies":"3 Shapes","floor":35,"turns":6},{"damage":6,"enemies":"Orb Walker","floor":36,"turns":3},{"damage":11,"enemies":"Sphere and 2 Shapes","floor":37,"turns":4},{"damage":10,"enemies":"Jaw Worm Horde","floor":38,"turns":4},{"damage":27,"enemies":"Nemesis","floor":42,"turns":7},{"damage":0,"enemies":"Spire Growth","floor":44,"turns":6},{"damage":6,"enemies":"Maw","floor":46,"turns":7},{"damage":10,"enemies":"Jaw Worm Horde","floor":48,"turns":5},{"damage":46,"enemies":"Awakened One","floor":50,"turns":12},{"damage":79,"enemies":"Shield and Spear","floor":54,"turns":3}],"seed_played":"2904797989994268101","potions_obtained":[{"floor":0,"key":"Poison Potion"},{"floor":1,"key":"Poison Potion"},{"floor":4,"key":"Block Potion"},{"floor":7,"key":"SteroidPotion"},{"floor":10,"key":"LiquidBronze"},{"floor":11,"key":"Block Potion"},{"floor":20,"key":"FearPotion"},{"floor":24,"key":"AttackPotion"},{"floor":29,"key":"AttackPotion"},{"floor":37,"key":"FearPotion"},{"floor":44,"key":"Block Potion"},{"floor":46,"key":"PowerPotion"},{"floor":48,"key":"AttackPotion"}],"is_trial":false,"path_per_floor":["M","M","M","M","?","R","E","M","T","M","E","R","E","?","R","B",null,"M","$","M","?","T","R","M","M","T","$","?","M","R","$","R","B",null,"M","M","M","M","$","R","?","E","T","M","R","M","?","M","R","B",null,"R","$","E"],"character_chosen":"DEFECT","items_purchased":["Oddly Smooth Stone","Chill","Coolheaded"],"campfire_rested":4,"item_purchase_floors":[19,27,31],"current_hp_per_floor":[80,80,80,65,65,65,59,54,54,54,48,70,70,59,59,37,74,54,54,47,47,47,69,45,45,45,45,45,36,58,58,58,43,74,61,55,44,34,34,49,44,17,17,17,57,51,51,41,59,13,74,74,74,0],"gold":0,"neow_bonus":"BOSS_RELIC","is_prod":false,"is_daily":false,"chose_seed":false,"campfire_upgraded":5,"win_rate":0,"timestamp":1543100219,"path_taken":["M","M","M","M","?","R","E","M","T","M","E","R","E","?","R","BOSS","M","$","M","?","?","R","M","M","T","$","?","?","R","?","R","BOSS","M","M","M","M","$","R","?","E","T","M","R","M","?","M","R","BOSS","R","$","E"],"build_version":"2018-11-15","purchased_purges":2,"victory":false,"max_hp_per_floor":[80,80,80,80,74,74,74,74,74,74,74,74,74,74,74,74,74,74,74,74,74,74,74,74,74,74,74,74,74,74,74,74,74,74,74,74,74,74,74,74,74,74,74,74,74,74,74,74,74,74,74,74,74,74],"card_choices":[{"not_picked":["Turbo","Hologram"],"picked":"Go for the Eyes","floor":0},{"not_picked":["Static Discharge","Gash","Turbo"],"picked":"SKIP","floor":1},{"not_picked":["Chaos","Conserve Battery"],"picked":"BootSequence","floor":2},{"not_picked":["Tempest","Barrage"],"picked":"Consume","floor":3},{"not_picked":["Reboot","Lockon"],"picked":"Compile Driver","floor":4},{"not_picked":["Scrape","Fusion"],"picked":"Sunder","floor":7},{"not_picked":["Stack","Turbo"],"picked":"Conserve Battery","floor":8},{"not_picked":["Streamline","Meteor Strike"],"picked":"Cold Snap","floor":10},{"not_picked":["Sweeping Beam","Beam Cell"],"picked":"Go for the Eyes","floor":11},{"not_picked":["Gash","Storm"],"picked":"Defragment","floor":13},{"not_picked":["Turbo","Redo+1"],"picked":"Ball Lightning","floor":18},{"not_picked":["Redo","Steam+1"],"picked":"Ball Lightning","floor":20},{"not_picked":["Doom and Gloom","Heatsinks"],"picked":"Coolheaded+1","floor":24},{"not_picked":["Sweeping Beam","Heatsinks"],"picked":"BootSequence","floor":25},{"not_picked":["Rebound","Steam","Rip and Tear"],"picked":"SKIP","floor":29},{"not_picked":["Multi-Cast","Meteor Strike"],"picked":"Machine Learning","floor":33},{"not_picked":["Cold Snap+1","Scrape"],"picked":"Ball Lightning+1","floor":35},{"not_picked":["Redo+1","Beam Cell","Compile Driver"],"picked":"SKIP","floor":36},{"not_picked":["Go for the Eyes","Sunder"],"picked":"Loop+1","floor":37},{"not_picked":["Sweeping Beam","Go for the Eyes+1"],"picked":"FTL","floor":38},{"not_picked":["Swift Strike","Mind Blast"],"picked":"Panacea","floor":41},{"not_picked":["Dramatic Entrance","Panacea"],"picked":"Magnetism","floor":41},{"not_picked":["Heatsinks+1","Steam"],"picked":"Leap+1","floor":42},{"not_picked":["Cold Snap","Rebound+1"],"picked":"Ball Lightning+1","floor":44},{"not_picked":["Reinforced Body","Coolheaded","Gash+1"],"picked":"SKIP","floor":46},{"not_picked":["Compile Driver+1","Streamline+1"],"picked":"Double Energy+1","floor":48}],"player_experience":630707,"relics_obtained":[{"floor":7,"key":"Pen Nib"},{"floor":11,"key":"Whetstone"},{"floor":13,"key":"Kunai"},{"floor":22,"key":"Ginger"},{"floor":26,"key":"Darkstone Periapt"},{"floor":42,"key":"Anchor"},{"floor":43,"key":"Ancient Tea Set"}],"event_choices":[{"damage_healed":0,"gold_gain":0,"player_choice":"Lose Max HP","damage_taken":0,"relics_obtained":["Golden Idol"],"max_hp_gain":0,"max_hp_loss":6,"event_name":"Golden Idol","floor":5,"gold_loss":0},{"damage_healed":0,"gold_gain":75,"player_choice":"Gather Gold","damage_taken":11,"max_hp_gain":0,"max_hp_loss":0,"event_name":"World of Goop","floor":14,"gold_loss":0},{"damage_healed":0,"gold_gain":0,"player_choice":"Obtained Relic","damage_taken":0,"relics_obtained":["MawBank"],"max_hp_gain":0,"max_hp_loss":0,"event_name":"Addict","floor":21,"gold_loss":85},{"damage_healed":0,"gold_gain":0,"player_choice":"Ignored","damage_taken":0,"max_hp_gain":0,"max_hp_loss":0,"event_name":"Beggar","floor":28,"gold_loss":0},{"damage_healed":0,"gold_gain":0,"player_choice":"Memory 2","damage_taken":5,"max_hp_gain":0,"max_hp_loss":0,"event_name":"SensoryStone","floor":41,"gold_loss":0},{"damage_healed":0,"gold_gain":0,"player_choice":"Paid","damage_taken":0,"relics_obtained":["Red Mask"],"max_hp_gain":0,"max_hp_loss":0,"event_name":"Tomb of Lord Red Mask","floor":47,"gold_loss":50}],"is_beta":false,"boss_relics":[{"not_picked":["Velvet Choker","Empty Cage"],"picked":"Ectoplasm"},{"not_picked":["Black Star","Snecko Eye"],"picked":"Eternal Feather"}],"items_purged_floors":[19,27],"is_endless":false,"potions_floor_spawned":[1,4,7,10,11,20,24,29,37,44,46,48],"killed_by":"Shield and Spear","ascension_level":1}