{"gold_per_floor":[113,125,138,158,158,158,192,10,10,10,35,35,35,7,7,7],"floor_reached":16,"playtime":1470,"items_purged":[],"score":216,"play_id":"942d840a-2716-4043-ae60-fbbc3f7d7dce","local_time":"20190202134246","is_ascension_mode":true,"campfire_choices":[{"data":"Deadly Poison","floor":6,"key":"SMITH"},{"floor":10,"key":"REST"},{"floor":13,"key":"REST"},{"data":"Neutralize","floor":15,"key":"SMITH"}],"neow_cost":"NONE","seed_source_timestamp":52750974417100,"circlet_count":0,"master_deck":["AscendersBane","Defend_G","Defend_G","Defend_G","Defend_G","Strike_G","Strike_G","Strike_G","Strike_G","Survivor","Neutralize+1","Deadly Poison+1","Acrobatics","Skewer","Sucker Punch","Infinite Blades","Deep Breath","Blur","PiercingWail"],"special_seed":0,"relics":["Empty Cage","Bag of Preparation","Boot","Gremlin Horn","Dream Catcher"],"potions_floor_usage":[7,11,11],"damage_taken":[{"damage":1.0,"enemies":"Jaw Worm","floor":1.0,"turns":5.0},{"damage":7,"enemies":"Small Slimes","floor":2,"turns":4},{"damage":7,"enemies":"Cultist","floor":3,"turns":4},{"damage":7,"enemies":"2 Fungi Beasts","floor":4,"turns":4},{"damage":23,"enemies":"Gremlin Nob","floor":7,"turns":4},{"damage":14,"enemies":"Lagavulin","floor":11,"turns":5},{"damage":37,"enemies":"Hexaghost","floor":16,"turns":10}],"seed_played":"8866120892687487764","potions_obtained":[{"floor":2,"key":"Explosive Potion"},{"floor":4,"key":"Ancient Potion"},{"floor":7,"key":"Weak Potion"}],"is_trial":false,"path_per_floor":["M","M","M","M","?","R","E","$","T","R","E","?","R","$","R","B"],"character_chosen":"THE_SILENT","items_purchased":["Infinite Blades","Deep Breath","PiercingWail"],"campfire_rested":2,"item_purchase_floors":[8,8,14],"current_hp_per_floor":[58,51,44,37,42,42,19,19,19,40,26,15,36,36,36,0],"gold":7,"neow_bonus":"BOSS_RELIC","is_prod":false,"is_daily":false,"chose_seed":false,"campfire_upgraded":2,"win_rate":0,"timestamp":1549111366,"path_taken":["M","M","M","M","?","R","E","$","T","R","E","?","R","?","R","BOSS"],"build_version":"2019-01-23","purchased_purges":0,"victory":false,"max_hp_per_floor":[66,66,66,66,71,71,71,71,71,71,71,71,71,71,71,71],"card_choices":[{"not_picked":["Prepared","Underhanded Strike"],"picked":"Deadly Poison","floor":1},{"not_picked":["Prepared","Underhanded Strike"],"picked":"Acrobatics","floor":2},{"not_picked":["Expertise","Dodge and Roll"],"picked":"Skewer","floor":3},{"not_picked":["Bane","Night Terror","Flechettes"],"picked":"SKIP","floor":4},{"not_picked":["Finisher","Masterful Stab"],"picked":"Sucker Punch","floor":7},{"not_picked":["Dagger Throw","Setup","Prepared"],"picked":"SKIP","floor":11},{"not_picked":["Dagger Throw","Flying Knee"],"picked":"Blur","floor":13}],"player_experience":630478,"relics_obtained":[{"floor":7,"key":"Bag of Preparation"},{"floor":9,"key":"Boot"},{"floor":11,"key":"Gremlin Horn"}],"event_choices":[{"damage_healed":0,"gold_gain":0,"player_choice":"Donut","damage_taken":0,"max_hp_gain":5,"max_hp_loss":0,"event_name":"Big Fish","floor":5,"gold_loss":0},{"damage_healed":0,"gold_gain":0,"player_choice":"Success","damage_taken":11,"relics_obtained":["Dream Catcher"],"max_hp_gain":0,"max_hp_loss":0,"event_name":"Scrap Ooze","floor":12,"gold_loss":0}],"is_beta":false,"boss_relics":[],"items_purged_floors":[],"is_endless":false,"potions_floor_spawned":[2,4,7],"killed_by":"Hexaghost","ascension_level":20}