{"gold_per_floor":[110,126,136,136,136,177,191,209,289,289,289,302,316,316],"floor_reached":14,"playtime":958,"items_purged":[],"score":94,"play_id":"dcf26593-f008-4298-987f-3c4d8c058df8","local_time":"20190120133831","is_ascension_mode":false,"campfire_choices":[{"floor":10,"key":"REST"}],"neow_cost":"NONE","seed_source_timestamp":1576876494054932,"circlet_count":0,"master_deck":["Defend_G","Defend_G","Defend_G","Defend_G","Defend_G","Strike_G","Strike_G","Strike_G","Strike_G","Survivor","Neutralize","Bane","Backflip","Riddle With Holes","Venomology+1","Blur+1","Choke","Blade Dance+1","Poisoned Stab"],"relics":["Ring of the Snake","Golden Idol","Toxic Egg 2","Bottled Lightning"],"potions_floor_usage":[7,8,12,12,14],"damage_taken":[{"damage":0,"enemies":"Small Slimes","floor":1,"turns":6},{"damage":0,"enemies":"2 Louse","floor":2,"turns":3},{"damage":0,"enemies":"Jaw Worm","floor":3,"turns":5},{"damage":39,"enemies":"Gremlin Nob","floor":6,"turns":6},{"damage":0,"enemies":"Lots of Slimes","floor":7,"turns":2},{"damage":0,"enemies":"2 Fungi Beasts","floor":8,"turns":3},{"damage":12,"enemies":"Exordium Thugs","floor":12,"turns":6},{"damage":12,"enemies":"Large Slime","floor":13,"turns":7},{"damage":6,"enemies":"3 Louse","floor":14,"turns":1}],"seed_played":"-3908110233561765089","potions_obtained":[{"floor":0,"key":"Explosive Potion"},{"floor":0,"key":"GamblersBrew"},{"floor":0,"key":"LiquidBronze"},{"floor":13,"key":"GhostInAJar"}],"is_trial":false,"path_per_floor":["M","M","M","?","?","E","M","M","T","R","?","M","M","M"],"character_chosen":"THE_SILENT","items_purchased":[],"campfire_rested":1,"item_purchase_floors":[],"current_hp_per_floor":[70,70,70,63,46,7,7,7,7,28,28,16,4,0],"gold":316,"neow_bonus":"THREE_SMALL_POTIONS","is_prod":false,"is_daily":false,"chose_seed":false,"campfire_upgraded":0,"win_rate":0.0,"timestamp":1547987911,"path_taken":["M","M","M","?","?","E","M","M","T","R","?","?","?","M"],"build_version":"2019-01-17v2","purchased_purges":0,"victory":false,"max_hp_per_floor":[70,70,70,70,70,70,70,70,70,70,70,70,70,70],"card_choices":[{"not_picked":["Leg Sweep","Acrobatics"],"picked":"Bane","floor":1},{"not_picked":["Outmaneuver","Dodge and Roll"],"picked":"Backflip","floor":2},{"not_picked":["Deflect","Prepared"],"picked":"Riddle With Holes","floor":3},{"not_picked":["Blade Dance","Dagger Spray"],"picked":"Venomology","floor":6},{"not_picked":["Deflect+1","Riddle With Holes"],"picked":"Blur+1","floor":7},{"not_picked":["Cloak And Dagger+1","Bane"],"picked":"Choke","floor":8},{"not_picked":["Slice","Bane"],"picked":"Blade Dance+1","floor":12},{"not_picked":["Predator","Outmaneuver+1"],"picked":"Poisoned Stab","floor":13}],"player_experience":207097,"relics_obtained":[{"floor":6,"key":"Toxic Egg 2"},{"floor":9,"key":"Bottled Lightning"}],"event_choices":[{"cards_removed":["Strike_G"],"damage_healed":0,"gold_gain":0,"player_choice":"Card Removal","damage_taken":7,"max_hp_gain":0,"max_hp_loss":0,"event_name":"Golden Wing","floor":4,"gold_loss":0},{"damage_healed":0,"gold_gain":0,"player_choice":"Take Damage","damage_taken":17,"relics_obtained":["Golden Idol"],"max_hp_gain":0,"max_hp_loss":0,"event_name":"Golden Idol","floor":5,"gold_loss":0},{"damage_healed":0,"gold_gain":0,"player_choice":"Searched \u00270\u0027 times","damage_taken":0,"max_hp_gain":0,"max_hp_loss":0,"event_name":"Dead Adventurer","floor":11,"gold_loss":0}],"is_beta":false,"boss_relics":[],"items_purged_floors":[],"is_endless":false,"potions_floor_spawned":[1,3,13],"killed_by":"3 Louse","ascension_level":0}