{"gold_per_floor":[114,37,111,111,111,149,168,243,243,262,281,300,338,338,338,463,463,482,135,234,234,253,253,53,53,78,78,78,97,97,135,135,260,260,279,298,298,631,646,646,676,676,751,751,751,751,766,291,291,291],"floor_reached":51,"playtime":1991,"items_purged":["Doubt"],"score":749,"play_id":"05e66c67-4717-43cb-93ea-f3ee5f5249be","local_time":"20181216211235","daily_mods":["SealedDeck","Diverse","Lethality"],"is_ascension_mode":false,"campfire_choices":[{"floor":15,"key":"REST"},{"data":"Demon Form","floor":23,"key":"SMITH"},{"data":"1","floor":25,"key":"LIFT"},{"data":"2","floor":27,"key":"LIFT"},{"floor":32,"key":"REST"},{"data":"3","floor":40,"key":"LIFT"},{"data":"Choke","floor":42,"key":"SMITH"},{"data":"Spot Weakness","floor":45,"key":"SMITH"},{"data":"Meteor Strike","floor":49,"key":"SMITH"}],"neow_cost":"","seed_source_timestamp":416920985485827,"circlet_count":0,"master_deck":["Seeing Red","Conserve Battery","Ghostly Armor","Feel No Pain","Slice","Hologram","Coolheaded","Heavy Blade","Infinite Blades","Spot Weakness+1","Coolheaded","Sunder","Carnage","Carnage","Dagger Spray","Go for the Eyes","Machine Learning","Meteor Strike+1","Dagger Spray+1","Demon Form+1","Juggernaut","Streamline","Mayhem","Choke+1","True Grit+1"],"special_seed":17882,"relics":["Cracked Core","Bottled Tornado","Ancient Tea Set","Gremlin Horn","Girya","Snecko Eye","Medical Kit","Strange Spoon","Lantern","Regal Pillow","Coffee Dripper","Potion Belt","Ornamental Fan","Symbiotic Virus"],"potions_floor_usage":[13,16,16,22,31,33,33,33,33,33,33,35,50,50,50],"damage_taken":[{"damage":0,"enemies":"2 Louse","floor":1,"turns":3},{"damage":10,"enemies":"3 Sentries","floor":6,"turns":4},{"damage":5,"enemies":"Jaw Worm","floor":7,"turns":2},{"damage":0,"enemies":"Small Slimes","floor":10,"turns":2},{"damage":9,"enemies":"2 Fungi Beasts","floor":11,"turns":2},{"damage":3,"enemies":"Blue Slaver","floor":12,"turns":2},{"damage":8,"enemies":"Lagavulin","floor":13,"turns":4},{"damage":30,"enemies":"Hexaghost","floor":16,"turns":7},{"damage":11,"enemies":"Shell Parasite","floor":18,"turns":2},{"damage":0,"enemies":"Chosen","floor":22,"turns":1},{"damage":0,"enemies":"Centurion and Healer","floor":29,"turns":2},{"damage":20,"enemies":"Slavers","floor":31,"turns":5},{"damage":46,"enemies":"Champ","floor":33,"turns":4},{"damage":12,"enemies":"3 Darklings","floor":35,"turns":3},{"damage":4,"enemies":"3 Shapes","floor":36,"turns":2},{"damage":7,"enemies":"Spire Growth","floor":39,"turns":3},{"damage":1,"enemies":"Giant Head","floor":41,"turns":4},{"damage":12,"enemies":"Jaw Worm Horde","floor":47,"turns":2},{"damage":42,"enemies":"Time Eater","floor":50,"turns":4}],"seed_played":"-6342804351849904112","potions_obtained":[{"floor":1,"key":"Ancient Potion"},{"floor":10,"key":"Dexterity Potion"},{"floor":13,"key":"Poison Potion"},{"floor":16,"key":"GamblersBrew"},{"floor":22,"key":"Strength Potion"},{"floor":30,"key":"SkillPotion"},{"floor":30,"key":"EntropicBrew"},{"floor":31,"key":"AttackPotion"},{"floor":33,"key":"Weak Potion"},{"floor":41,"key":"PowerPotion"},{"floor":47,"key":"Regen Potion"}],"is_trial":false,"path_per_floor":["M","$","?","T","?","E","M","?","T","M","M","M","E","?","R","B",null,"M","$","?","?","M","R","$","R","T","R","$","M","?","E","R","B",null,"M","M","?","?","M","R","E","R","T","?","R","?","M","$","R","B",null],"character_chosen":"DEFECT","items_purchased":["Sunder","Demon Form","Medical Kit","Strange Spoon","Symbiotic Virus","SkillPotion","PowerPotion","FearPotion"],"campfire_rested":2,"item_purchase_floors":[2,19,19,24,48,48,48,48],"current_hp_per_floor":[75,75,75,75,57,47,42,31,31,31,22,19,11,29,51,21,75,64,64,64,64,64,64,64,64,64,64,64,64,64,44,72,26,72,60,56,56,56,49,49,48,48,48,48,48,72,60,60,60,27],"gold":291,"neow_bonus":"","is_prod":false,"is_daily":true,"chose_seed":false,"campfire_upgraded":4,"win_rate":0,"timestamp":1545012755,"path_taken":["M","$","?","?","?","E","M","?","T","M","?","M","E","?","R","BOSS","M","$","?","?","?","R","?","R","T","R","$","M","?","E","R","BOSS","M","M","?","?","M","R","E","R","T","?","R","?","M","$","R","BOSS"],"build_version":"2018-12-13","purchased_purges":1,"victory":true,"max_hp_per_floor":[75,75,75,75,75,75,75,75,75,75,75,75,75,75,75,75,75,75,75,75,72,72,72,72,72,72,72,72,72,72,72,72,72,72,72,72,72,72,72,72,72,72,72,72,72,72,72,72,72,72],"card_choices":[{"not_picked":["Rebound","Deflect"],"picked":"Coolheaded","floor":1},{"not_picked":["Dash","Clothesline"],"picked":"Carnage","floor":6},{"not_picked":["Clothesline","Masterful Stab"],"picked":"Carnage","floor":7},{"not_picked":["Calculated Gamble","Beam Cell","Sword Boomerang"],"picked":"SKIP","floor":10},{"not_picked":["Body Slam","Flying Knee"],"picked":"Dagger Spray","floor":11},{"not_picked":["Coolheaded","Quick Slash"],"picked":"Go for the Eyes","floor":12},{"not_picked":["Twin Strike","Anger"],"picked":"Machine Learning","floor":13},{"not_picked":["Fiend Fire","Bludgeon"],"picked":"Meteor Strike","floor":16},{"not_picked":["Dual Wield","Sweeping Beam"],"picked":"Dagger Spray+1","floor":18},{"not_picked":["Lockon+1","Shrug It Off","Flying Knee"],"picked":"SKIP","floor":22},{"not_picked":["Barrage","Dropkick+1","Beam Cell"],"picked":"SKIP","floor":29},{"not_picked":["Barrage","Sword Boomerang","Acrobatics+1"],"picked":"SKIP","floor":31},{"not_picked":["Storm of Steel","Phantasmal Killer"],"picked":"Juggernaut","floor":33},{"not_picked":["Cold Snap+1","Iron Wave"],"picked":"Streamline","floor":35},{"not_picked":["Dagger Throw+1","True Grit+1","Reprogram+1"],"picked":"SKIP","floor":36},{"not_picked":["Mind Blast","Swift Strike"],"picked":"Mayhem","floor":37},{"not_picked":["Slice+1","Bane"],"picked":"Choke","floor":39},{"not_picked":["Clash","Turbo+1","Compile Driver"],"picked":"SKIP","floor":41},{"not_picked":["Leap","Calculated Gamble"],"picked":"True Grit+1","floor":47}],"player_experience":729125,"relics_obtained":[{"floor":4,"key":"Bottled Tornado"},{"floor":6,"key":"Ancient Tea Set"},{"floor":9,"key":"Gremlin Horn"},{"floor":13,"key":"Girya"},{"floor":26,"key":"Lantern"},{"floor":31,"key":"Regal Pillow"},{"floor":41,"key":"Potion Belt"},{"floor":43,"key":"Ornamental Fan"}],"event_choices":[{"damage_healed":0,"gold_gain":74,"player_choice":"Gained Gold","damage_taken":0,"max_hp_gain":0,"max_hp_loss":0,"event_name":"Golden Wing","floor":3,"gold_loss":0},{"damage_healed":0,"gold_gain":0,"player_choice":"Take Damage","damage_taken":18,"relics_obtained":["Golden Idol"],"max_hp_gain":0,"max_hp_loss":0,"event_name":"Golden Idol","floor":5,"gold_loss":0},{"damage_healed":0,"gold_gain":75,"player_choice":"Gather Gold","damage_taken":11,"max_hp_gain":0,"max_hp_loss":0,"event_name":"World of Goop","floor":8,"gold_loss":0},{"damage_healed":18,"gold_gain":0,"player_choice":"Healed and dodged fight","damage_taken":0,"max_hp_gain":0,"max_hp_loss":0,"event_name":"Mushrooms","floor":14,"gold_loss":0,"cards_obtained":["Parasite"]},{"damage_healed":0,"gold_gain":99,"player_choice":"Stole From Cult","damage_taken":0,"max_hp_gain":0,"max_hp_loss":0,"event_name":"Nest","floor":20,"gold_loss":0},{"cards_removed":["Parasite"],"damage_healed":0,"gold_gain":0,"player_choice":"Removed Curses","damage_taken":0,"max_hp_gain":0,"max_hp_loss":0,"event_name":"Fountain of Cleansing","floor":21,"gold_loss":0},{"damage_healed":0,"gold_gain":0,"player_choice":"Got Potions","damage_taken":0,"max_hp_gain":0,"max_hp_loss":0,"event_name":"Lab","floor":30,"gold_loss":0},{"damage_healed":0,"gold_gain":0,"player_choice":"Memory 1","damage_taken":0,"max_hp_gain":0,"max_hp_loss":0,"event_name":"SensoryStone","floor":37,"gold_loss":0},{"damage_healed":0,"gold_gain":333,"player_choice":"Gave Idol","damage_taken":0,"max_hp_gain":0,"max_hp_loss":0,"event_name":"The Moai Head","floor":38,"relics_lost":["Golden Idol"],"gold_loss":0},{"damage_healed":0,"gold_gain":0,"player_choice":"Ignored","damage_taken":0,"max_hp_gain":0,"max_hp_loss":0,"event_name":"Tomb of Lord Red Mask","floor":44,"gold_loss":0},{"damage_healed":24,"gold_gain":0,"player_choice":"Heal","damage_taken":0,"max_hp_gain":0,"max_hp_loss":0,"event_name":"MindBloom","floor":46,"gold_loss":0,"cards_obtained":["Doubt"]}],"is_beta":false,"boss_relics":[{"not_picked":["Cursed Key","Empty Cage"],"picked":"Snecko Eye"},{"not_picked":["Runic Dome","Velvet Choker"],"picked":"Coffee Dripper"}],"items_purged_floors":[48],"is_endless":false,"potions_floor_spawned":[1,10,13,16,22,31,33,41,47],"ascension_level":0}