{"gold_per_floor":[115,130,80,80,100,125,125,152,152,152,70,70,88,88,88,192,192,209,222,222,233,233,233,233,259,259,259,273,287,202,213,213,213],"floor_reached":33,"playtime":2217,"items_purged":[],"score":289,"play_id":"918ed78a-2a48-446c-946c-5b8fa3233b10","local_time":"20190205012212","is_ascension_mode":true,"campfire_choices":[{"floor":10,"key":"REST"},{"data":"Parasite","floor":15,"key":"PURGE"},{"floor":23,"key":"REST"},{"floor":32,"key":"REST"}],"neow_cost":"NONE","seed_source_timestamp":629792040066824,"circlet_count":0,"master_deck":["Defend_G+1","Defend_G+1","Defend_G+1","Defend_G+1","Defend_G+1","Strike_G+1","Strike_G+1","Survivor","Neutralize","Poisoned Stab","Sucker Punch","Corpse Explosion","Well Laid Plans","Bouncing Flask","Poisoned Stab","Crippling Poison","Deadly Poison","Night Terror","Poisoned Stab","Crippling Poison","Underhanded Strike","Calculated Gamble","Writhe","Acrobatics+1","Skewer+1","Deadly Poison"],"relics":["Ring of the Snake","NeowsBlessing","Frozen Egg 2","Peace Pipe","Bird Faced Urn","Letter Opener","Cursed Key","Gremlin Horn","Mummified Hand","Paper Crane"],"potions_floor_usage":[31,33],"damage_taken":[{"damage":0,"enemies":"Small Slimes","floor":1,"turns":1},{"damage":0,"enemies":"2 Louse","floor":2,"turns":1},{"damage":0,"enemies":"Cultist","floor":5,"turns":1},{"damage":40,"enemies":"Gremlin Nob","floor":6,"turns":6},{"damage":13,"enemies":"Lagavulin","floor":8,"turns":5},{"damage":0,"enemies":"2 Fungi Beasts","floor":13,"turns":2},{"damage":20,"enemies":"The Guardian","floor":16,"turns":8},{"damage":0,"enemies":"3 Byrds","floor":18,"turns":2},{"damage":19,"enemies":"Shell Parasite","floor":19,"turns":5},{"damage":12,"enemies":"Snecko","floor":21,"turns":4},{"damage":31,"enemies":"Book of Stabbing","floor":25,"turns":5},{"damage":13,"enemies":"Cultist and Chosen","floor":28,"turns":6},{"damage":15,"enemies":"Shelled Parasite and Fungi","floor":29,"turns":6},{"damage":0,"enemies":"Snecko","floor":31,"turns":4},{"damage":77,"enemies":"Automaton","floor":33,"turns":12}],"seed_played":"-3930212331670043178","potions_obtained":[{"floor":2,"key":"PowerPotion"},{"floor":13,"key":"Regen Potion"},{"floor":19,"key":"Ancient Potion"},{"floor":31,"key":"Weak Potion"}],"is_trial":false,"path_per_floor":["M","M","?","?","M","E","?","E","T","R","$","?","M","?","R","B",null,"M","M","?","M","?","R","?","E","T","?","M","M","?","M","R","B"],"character_chosen":"THE_SILENT","items_purchased":["Crippling Poison"],"campfire_rested":3,"item_purchase_floors":[11],"current_hp_per_floor":[70,70,70,70,70,30,47,34,34,55,55,60,62,55,55,37,72,72,53,53,43,43,64,64,35,35,35,24,11,11,25,46,0],"gold":213,"neow_bonus":"THREE_ENEMY_KILL","is_prod":false,"is_daily":false,"chose_seed":false,"campfire_upgraded":0,"win_rate":0,"timestamp":1549358532,"path_taken":["M","M","?","?","?","E","?","E","T","R","$","?","M","?","R","BOSS","M","M","?","M","?","R","?","E","T","?","M","M","?","M","R","BOSS"],"build_version":"2019-01-23","purchased_purges":0,"victory":false,"max_hp_per_floor":[70,70,70,70,70,70,70,70,70,70,70,75,75,75,72,72,72,72,72,72,72,72,72,72,72,72,72,72,72,72,72,72,72],"card_choices":[{"not_picked":["Flying Knee","Cloak And Dagger"],"picked":"Poisoned Stab","floor":1},{"not_picked":["Prepared","Dodge and Roll"],"picked":"Sucker Punch","floor":2},{"not_picked":["Poisoned Stab","Slice"],"picked":"Well Laid Plans","floor":5},{"not_picked":["Corpse Explosion","Bullet Time"],"picked":"Bouncing Flask","floor":6},{"not_picked":["Dagger Throw","Tactician"],"picked":"Poisoned Stab","floor":8},{"not_picked":["Terror","Backflip"],"picked":"Deadly Poison","floor":13},{"not_picked":["Storm of Steel","Adrenaline"],"picked":"Night Terror","floor":16},{"not_picked":["Blade Dance","Sucker Punch"],"picked":"Poisoned Stab","floor":18},{"not_picked":["Finisher","Masterful Stab"],"picked":"Crippling Poison","floor":19},{"not_picked":["Outmaneuver","Accuracy+1","Flying Knee"],"picked":"SKIP","floor":21},{"not_picked":["Eviscerate","Infinite Blades+1","Accuracy+1"],"picked":"SKIP","floor":25},{"not_picked":["Eviscerate","Prepared"],"picked":"Acrobatics+1","floor":28},{"not_picked":["Expertise","Acrobatics"],"picked":"Skewer+1","floor":29},{"not_picked":["Slice","Quick Slash"],"picked":"Deadly Poison","floor":31}],"player_experience":459829,"relics_obtained":[{"floor":6,"key":"Frozen Egg 2"},{"floor":8,"key":"Peace Pipe"},{"floor":9,"key":"Bird Faced Urn"},{"floor":25,"key":"Gremlin Horn"},{"floor":26,"key":"Mummified Hand"}],"event_choices":[{"cards_removed":["Strike_G"],"damage_healed":0,"gold_gain":0,"player_choice":"Card Removal","damage_taken":0,"max_hp_gain":0,"max_hp_loss":0,"event_name":"The Cleric","floor":3,"gold_loss":50},{"damage_healed":0,"gold_gain":0,"player_choice":"1 cards matched","damage_taken":0,"max_hp_gain":0,"max_hp_loss":0,"event_name":"Match and Keep!","floor":4,"gold_loss":0,"cards_obtained":["Corpse Explosion"]},{"damage_healed":17,"gold_gain":0,"player_choice":"Healed and dodged fight","damage_taken":0,"max_hp_gain":0,"max_hp_loss":0,"event_name":"Mushrooms","floor":7,"gold_loss":0,"cards_obtained":["Parasite"]},{"damage_healed":0,"gold_gain":0,"player_choice":"Donut","damage_taken":0,"max_hp_gain":5,"max_hp_loss":0,"event_name":"Big Fish","floor":12,"gold_loss":0},{"damage_healed":0,"gold_gain":0,"player_choice":"Success","damage_taken":7,"relics_obtained":["Letter Opener"],"max_hp_gain":0,"max_hp_loss":0,"event_name":"Scrap Ooze","floor":14,"gold_loss":0},{"damage_healed":0,"gold_gain":0,"player_choice":"Ignored","damage_taken":0,"max_hp_gain":0,"max_hp_loss":0,"event_name":"The Mausoleum","floor":20,"gold_loss":0},{"damage_healed":0,"gold_gain":0,"cards_transformed":["Strike_G","Strike_G"],"player_choice":"Became Test Subject","damage_taken":0,"max_hp_gain":0,"max_hp_loss":0,"event_name":"Drug Dealer","floor":22,"gold_loss":0,"cards_obtained":["Underhanded Strike","Calculated Gamble"]},{"damage_healed":0,"gold_gain":0,"player_choice":"Simplicity","damage_taken":0,"max_hp_gain":0,"max_hp_loss":0,"event_name":"Back to Basics","floor":24,"gold_loss":0,"cards_upgraded":["Defend_G","Defend_G","Defend_G","Defend_G","Defend_G","Strike_G","Strike_G"]},{"damage_healed":0,"gold_gain":0,"player_choice":"Ignored","damage_taken":0,"max_hp_gain":0,"max_hp_loss":0,"event_name":"Vampires","floor":27,"gold_loss":0},{"damage_healed":0,"gold_gain":0,"player_choice":"Obtained Relic","damage_taken":0,"relics_obtained":["Paper Crane"],"max_hp_gain":0,"max_hp_loss":0,"event_name":"Addict","floor":30,"gold_loss":85}],"is_beta":false,"boss_relics":[{"not_picked":["Empty Cage","WristBlade"],"picked":"Cursed Key"}],"items_purged_floors":[],"is_endless":false,"potions_floor_spawned":[2,13,19,29,31],"killed_by":"Automaton","ascension_level":1}