{"gold_per_floor":[109,284,298,298,373,399,399,206,206,220,42,42,53,71,71,171,171,190,205,46,46,46,56,74,93,93,93,106,124,124,142,142,142],"floor_reached":33,"playtime":2207,"items_purged":["Strike_B","Strike_B","Defend_B"],"score":251,"play_id":"24146d4c-f4a0-4a37-8660-720b941de00d","local_time":"20180906212545","is_ascension_mode":false,"campfire_choices":[{"data":"Loop","floor":12,"key":"SMITH"},{"data":"Lockon","floor":15,"key":"SMITH"},{"data":"Defragment","floor":27,"key":"SMITH"},{"data":"Capacitor","floor":30,"key":"SMITH"},{"data":"Multi-Cast","floor":32,"key":"SMITH"}],"neow_cost":"CURSE","seed_source_timestamp":1747086504302,"circlet_count":0,"master_deck":["Strike_B+1","Strike_B","Defend_B+1","Defend_B","Defend_B","Zap","Dualcast","Clumsy","Steam","Lockon+1","Gash","Loop+1","Coolheaded","Go for the Eyes","Capacitor+1","Glacier","Beam Cell","Multi-Cast+1","Self Repair","Self Repair+1","Defragment+1","Skim","Hologram","Redo+1","Core Surge","Chill","BootSequence"],"relics":["Cracked Core","Mango","Calipers","Shuriken","Sozu","Lantern","Unceasing Top"],"potions_floor_usage":[],"damage_taken":[{"damage":1,"enemies":"Jaw Worm","floor":1,"turns":4},{"damage":1,"enemies":"2 Louse","floor":3,"turns":3},{"damage":30,"enemies":"Lagavulin","floor":6,"turns":8},{"damage":4,"enemies":"Cultist","floor":10,"turns":3},{"damage":0,"enemies":"Red Slaver","floor":13,"turns":2},{"damage":5,"enemies":"Exordium Wildlife","floor":14,"turns":3},{"damage":6,"enemies":"Hexaghost","floor":16,"turns":15},{"damage":4,"enemies":"Shell Parasite","floor":18,"turns":8},{"damage":0,"enemies":"3 Byrds","floor":19,"turns":7},{"damage":6,"enemies":"Snecko","floor":23,"turns":8},{"damage":50,"enemies":"3 Cultists","floor":24,"turns":8},{"damage":33,"enemies":"Snake Plant","floor":25,"turns":4},{"damage":3,"enemies":"Snecko","floor":28,"turns":7},{"damage":23,"enemies":"3 Cultists","floor":29,"turns":7},{"damage":21,"enemies":"Snake Plant","floor":31,"turns":7},{"damage":40,"enemies":"Collector","floor":33,"turns":3}],"seed_played":"-3479560782140346968","potions_obtained":[{"floor":1,"key":"Strength Potion"},{"floor":3,"key":"SteroidPotion"},{"floor":13,"key":"Weak Potion"}],"is_trial":false,"path_per_floor":["M","?","M","?","?","E","?","$","T","M","$","R","M","M","R","B",null,"M","M","$","?","?","M","M","M","T","R","M","M","R","M","R"],"character_chosen":"DEFECT","items_purchased":["Loop","Coolheaded","Capacitor","Defragment"],"campfire_rested":0,"item_purchase_floors":[8,8,11,20],"current_hp_per_floor":[88,88,87,80,69,39,21,21,21,17,17,17,17,12,12,6,89,85,89,89,89,89,89,56,40,40,40,44,38,38,34,34,0],"gold":142,"neow_bonus":"ONE_RARE_RELIC","is_prod":false,"is_daily":false,"chose_seed":false,"campfire_upgraded":5,"win_rate":0,"timestamp":1536236745,"path_taken":["M","?","?","?","?","E","?","$","T","M","?","R","?","M","R","BOSS","M","M","$","?","?","M","M","?","T","R","M","?","R","M","R","BOSS"],"build_version":"2018-09-04-v2","purchased_purges":3,"victory":false,"max_hp_per_floor":[89,89,89,89,89,89,89,89,89,89,89,89,89,89,89,89,89,89,89,89,89,89,89,89,89,89,89,89,89,89,89,89,89],"card_choices":[{"not_picked":["Streamline","Sunder"],"picked":"Steam","floor":1},{"not_picked":["Compile Driver","Stack"],"picked":"Lockon","floor":3},{"not_picked":["Hologram","Static Discharge"],"picked":"Gash","floor":6},{"not_picked":["Barrage","Cold Snap"],"picked":"Go for the Eyes","floor":10},{"not_picked":["Force Field","Rebound"],"picked":"Glacier","floor":13},{"not_picked":["Ball Lightning","Rip and Tear"],"picked":"Beam Cell","floor":14},{"not_picked":["Meteor Strike","Core Surge"],"picked":"Multi-Cast","floor":16},{"not_picked":["Streamline+1","Barrage"],"picked":"Self Repair","floor":18},{"not_picked":["Blizzard+1","Glacier+1"],"picked":"Self Repair+1","floor":19},{"not_picked":["Force Field","Stack"],"picked":"Skim","floor":23},{"not_picked":["Doom and Gloom","BootSequence"],"picked":"Hologram","floor":24},{"not_picked":["Turbo","Cold Snap"],"picked":"Redo+1","floor":25},{"not_picked":["Go for the Eyes+1","Tempest"],"picked":"Core Surge","floor":28},{"not_picked":["Blizzard","Coolheaded"],"picked":"Chill","floor":29},{"not_picked":["Heatsinks","Fusion"],"picked":"BootSequence","floor":31}],"player_experience":390565,"relics_obtained":[{"floor":6,"key":"Calipers"},{"floor":9,"key":"Shuriken"},{"floor":26,"key":"Unceasing Top"}],"event_choices":[{"event_name":"Liars Game","player_choice":"agreed","floor":2,"damage_taken":0},{"event_name":"Golden Wing","player_choice":"Card Removal","floor":4,"damage_taken":0},{"event_name":"World of Goop","player_choice":"Gather Gold","floor":5,"damage_taken":0},{"event_name":"Shining Light","player_choice":"Entered Light","floor":7,"damage_taken":0},{"event_name":"The Mausoleum","player_choice":"Yes","floor":21,"damage_taken":0},{"event_name":"Back to Basics","player_choice":"Elegance","floor":22,"damage_taken":0}],"is_beta":true,"boss_relics":[{"not_picked":["Astrolabe","Cursed Key"],"picked":"Sozu"}],"items_purged_floors":[8,11,20],"is_endless":false,"potions_floor_spawned":[1,3,13,18,19,28,29],"killed_by":"Collector","ascension_level":0}