{"gold_per_floor":[119,194,213,263,273,273,2,2,2,2,36,36,11,36,36,109,109,121,121,133,48,48,48,60,60,114,134,134,134,0,0,0,74,74,85,85,85,98,0,0,0,20,45,57,79,91,103,135,147,159],"floor_reached":50,"playtime":2041,"items_purged":["Strike_G"],"score":963,"play_id":"37913823-68f6-4989-959a-6d8bc106afc8","local_time":"20190125173621","is_ascension_mode":true,"campfire_choices":[{"data":"Skewer","floor":6,"key":"SMITH"},{"data":"Neutralize","floor":8,"key":"SMITH"},{"floor":12,"key":"REST"},{"floor":15,"key":"REST"},{"data":"Footwork","floor":23,"key":"SMITH"},{"data":"A Thousand Cuts","floor":25,"key":"SMITH"},{"floor":29,"key":"REST"},{"floor":32,"key":"REST"},{"floor":40,"key":"REST"},{"floor":44,"key":"REST"},{"floor":46,"key":"REST"},{"floor":49,"key":"REST"}],"neow_cost":"NONE","seed_source_timestamp":1105463175200,"circlet_count":0,"master_deck":["AscendersBane","Defend_G","Defend_G","Defend_G","Defend_G","Defend_G","Strike_G+1","Strike_G+1","Strike_G","Survivor","Neutralize+1","Deadly Poison","Footwork+1","Skewer+1","Deflect","Dagger Spray","Noxious Fumes","A Thousand Cuts+1","Noxious Fumes","PiercingWail","Blur","Catalyst+1","Blade Dance","Night Terror","Dodge and Roll","Catalyst","Blade Dance"],"relics":["Runic Pyramid","Kunai","Pear","Whetstone","Mummified Hand","White Beast Statue","Bag of Marbles","Ornamental Fan","Snake Skull","Ancient Tea Set","MutagenicStrength","Black Star","Red Mask","MawBank"],"potions_floor_usage":[11,14,16,24,24,27,33,42,42,45,50],"damage_taken":[{"damage":4,"enemies":"Small Slimes","floor":1,"turns":4},{"damage":1,"enemies":"Jaw Worm","floor":3,"turns":4},{"damage":1,"enemies":"Cultist","floor":5,"turns":4},{"damage":13,"enemies":"3 Sentries","floor":11,"turns":8},{"damage":34,"enemies":"Gremlin Nob","floor":14,"turns":4},{"damage":10,"enemies":"Slime Boss","floor":16,"turns":10},{"damage":27,"enemies":"2 Thieves","floor":18,"turns":5},{"damage":8,"enemies":"Chosen","floor":20,"turns":5},{"damage":20,"enemies":"3 Cultists","floor":24,"turns":6},{"damage":22,"enemies":"Centurion and Healer","floor":27,"turns":6},{"damage":25,"enemies":"Champ","floor":33,"turns":10},{"damage":33,"enemies":"3 Darklings","floor":35,"turns":5},{"damage":33,"enemies":"Orb Walker","floor":38,"turns":4},{"damage":25,"enemies":"Transient","floor":42,"turns":5},{"damage":15,"enemies":"4 Shapes","floor":45,"turns":5},{"damage":25,"enemies":"Writhing Mass","floor":48,"turns":6},{"damage":50,"enemies":"Donu and Deca","floor":50,"turns":4}],"seed_played":"-217897878029885782","potions_obtained":[{"floor":1,"key":"AttackPotion"},{"floor":11,"key":"Swift Potion"},{"floor":14,"key":"Fruit Juice"},{"floor":18,"key":"Energy Potion"},{"floor":20,"key":"Regen Potion"},{"floor":24,"key":"Poison Potion"},{"floor":27,"key":"Regen Potion"},{"floor":33,"key":"Energy Potion"},{"floor":35,"key":"EssenceOfSteel"},{"floor":42,"key":"GhostInAJar"},{"floor":45,"key":"Fire Potion"},{"floor":48,"key":"AttackPotion"}],"is_trial":false,"path_per_floor":["M","?","M","?","M","R","$","R","T","?","E","R","$","E","R","B",null,"M","T","M","?","?","R","M","R","T","M","T","R","$","?","R","B",null,"M","?","?","M","?","R","$","M","T","R","M","R","?","M","R","B"],"character_chosen":"THE_SILENT","items_purchased":["Kunai","Dagger Spray","Blade Dance"],"campfire_rested":8,"item_purchase_floors":[7,13,30],"current_hp_per_floor":[55,44,43,37,36,36,36,36,46,46,33,55,55,21,43,38,70,43,43,35,35,35,35,30,30,30,8,8,32,32,32,56,46,72,39,66,66,33,33,52,52,27,27,46,31,50,50,25,43,0],"gold":159,"neow_bonus":"BOSS_RELIC","is_prod":false,"is_daily":false,"chose_seed":false,"campfire_upgraded":4,"win_rate":0,"timestamp":1548455781,"path_taken":["M","?","M","?","?","R","$","R","T","?","E","R","?","E","R","BOSS","M","?","?","?","?","R","M","R","T","?","?","R","$","?","R","BOSS","M","?","?","M","?","R","$","M","T","R","?","R","?","M","R","BOSS"],"build_version":"2019-01-23","purchased_purges":1,"victory":false,"max_hp_per_floor":[66,66,66,66,66,66,66,66,76,76,76,76,76,76,76,81,81,81,81,81,81,81,81,81,81,81,81,81,81,81,81,81,81,81,81,66,66,66,66,66,66,66,66,66,66,66,63,63,63,63],"card_choices":[{"not_picked":["Finisher","Cloak And Dagger"],"picked":"Deadly Poison","floor":1},{"not_picked":["Deflect","Outmaneuver"],"picked":"Footwork","floor":3},{"not_picked":["Concentrate","Heel Hook"],"picked":"Skewer","floor":5},{"not_picked":["Quick Slash","Slice"],"picked":"Deflect","floor":11},{"not_picked":["All Out Attack","Prepared"],"picked":"Noxious Fumes","floor":14},{"not_picked":["Adrenaline","Envenom"],"picked":"A Thousand Cuts","floor":16},{"not_picked":["Concentrate","Slice"],"picked":"Noxious Fumes","floor":18},{"not_picked":["Slice+1","Caltrops"],"picked":"PiercingWail","floor":20},{"not_picked":["Deadly Poison","Infinite Blades"],"picked":"Blur","floor":24},{"not_picked":["Expertise","Well Laid Plans"],"picked":"Catalyst+1","floor":27},{"not_picked":["Wraith Form v2","Storm of Steel"],"picked":"Night Terror","floor":33},{"not_picked":["Backstab","Endless Agony","Flying Knee+1"],"picked":"SKIP","floor":35},{"not_picked":["Bouncing Flask","Masterful Stab+1"],"picked":"Dodge and Roll","floor":38},{"not_picked":["Outmaneuver+1","Acrobatics"],"picked":"Catalyst","floor":42},{"not_picked":["Quick Slash","Sucker Punch"],"picked":"Blade Dance","floor":45},{"not_picked":["Outmaneuver","Tactician","Underhanded Strike"],"picked":"SKIP","floor":48}],"player_experience":1938863,"relics_obtained":[{"floor":9,"key":"Pear"},{"floor":11,"key":"Whetstone"},{"floor":14,"key":"Mummified Hand"},{"floor":19,"key":"Bag of Marbles"},{"floor":26,"key":"Snake Skull"},{"floor":28,"key":"Ancient Tea Set"},{"floor":43,"key":"MawBank"}],"event_choices":[{"damage_healed":0,"gold_gain":75,"player_choice":"Gather Gold","damage_taken":11,"max_hp_gain":0,"max_hp_loss":0,"event_name":"World of Goop","floor":2,"gold_loss":0},{"damage_healed":0,"gold_gain":50,"player_choice":"Touch","damage_taken":6,"max_hp_gain":0,"max_hp_loss":0,"event_name":"FaceTrader","floor":4,"gold_loss":0},{"cards_removed":["Strike_G"],"damage_healed":0,"gold_gain":0,"player_choice":"Purged","damage_taken":0,"max_hp_gain":0,"max_hp_loss":0,"event_name":"Purifier","floor":10,"gold_loss":0},{"damage_healed":0,"gold_gain":0,"player_choice":"Obtained Relic","damage_taken":0,"relics_obtained":["Ornamental Fan"],"max_hp_gain":0,"max_hp_loss":0,"event_name":"Addict","floor":21,"gold_loss":85},{"damage_healed":0,"gold_gain":0,"player_choice":"0 cards matched","damage_taken":0,"max_hp_gain":0,"max_hp_loss":0,"event_name":"Match and Keep!","floor":22,"gold_loss":0,"cards_obtained":[]},{"damage_healed":0,"gold_gain":0,"player_choice":"0 cards matched","damage_taken":0,"max_hp_gain":0,"max_hp_loss":0,"event_name":"Match and Keep!","floor":22,"gold_loss":0,"cards_obtained":[]},{"damage_healed":0,"gold_gain":0,"player_choice":"Inject Mutagens","damage_taken":0,"relics_obtained":["MutagenicStrength"],"max_hp_gain":0,"max_hp_loss":0,"event_name":"Drug Dealer","floor":31,"gold_loss":0},{"damage_healed":66,"gold_gain":0,"player_choice":"Heal","damage_taken":0,"max_hp_gain":0,"max_hp_loss":15,"event_name":"The Moai Head","floor":36,"gold_loss":0},{"damage_healed":0,"gold_gain":0,"player_choice":"Ignored","damage_taken":0,"max_hp_gain":0,"max_hp_loss":0,"event_name":"Mysterious Sphere","floor":37,"gold_loss":0},{"damage_healed":0,"gold_gain":0,"player_choice":"Paid","damage_taken":0,"relics_obtained":["Red Mask"],"max_hp_gain":0,"max_hp_loss":0,"event_name":"Tomb of Lord Red Mask","floor":39,"gold_loss":98},{"damage_healed":0,"gold_gain":0,"player_choice":"Max HP","damage_taken":0,"max_hp_gain":0,"max_hp_loss":3,"event_name":"Winding Halls","floor":47,"gold_loss":0}],"is_beta":true,"boss_relics":[{"not_picked":["Coffee Dripper","HoveringKite"],"picked":"White Beast Statue"},{"not_picked":["WristBlade","Empty Cage"],"picked":"Black Star"}],"items_purged_floors":[30],"is_endless":false,"potions_floor_spawned":[1,11,14,18,20,24,27,33,35,38,42,45,48],"killed_by":"Donu and Deca","ascension_level":20}