{"gold_per_floor":[115,129,129,129,142,142,161,161,188,216,235,246,143,161,161,232,232,249,249,174,174,192,192,62,62,62,90,104,104,137,148,148,222,222,238,138,38,89,107,107,125,125,125,125,125,143,143,18,18,18,18],"floor_reached":52,"playtime":3445,"items_purged":["Strike_G","Strike_G","Infinite Blades+1"],"score":1915,"play_id":"148581d3-6336-41fb-af5b-ceeac1f84152","local_time":"20190116005722","is_ascension_mode":true,"campfire_choices":[{"data":"Neutralize","floor":6,"key":"SMITH"},{"floor":8,"key":"REST"},{"data":"Well Laid Plans","floor":15,"key":"SMITH"},{"floor":23,"key":"REST"},{"floor":29,"key":"REST"},{"floor":32,"key":"REST"},{"floor":40,"key":"REST"},{"floor":42,"key":"REST"},{"floor":44,"key":"REST"},{"floor":47,"key":"REST"},{"floor":49,"key":"REST"}],"neow_cost":"NONE","seed_source_timestamp":574457909506500,"circlet_count":0,"master_deck":["AscendersBane","Defend_G+1","Defend_G+1","Defend_G+1","Defend_G+1","Defend_G+1","Strike_G+1","Strike_G+1","Strike_G+1","Survivor+1","Neutralize+1","Well Laid Plans+1","Flying Knee+1","PiercingWail+1","Calculated Gamble+1","Caltrops+1","Deadly Poison+1","Backflip+1","Corpse Explosion+1","Dagger Spray+1","Backflip+1","Leg Sweep+1","Footwork+1","Noxious Fumes+1","Bouncing Flask+1","Dash+1","Predator+1","Dash+1","Catalyst+1","Blur"],"relics":["White Beast Statue","Bag of Preparation","Orichalcum","Snake Skull","Fusion Hammer","Potion Belt","Ninja Scroll","Bottled Tornado","Red Mask","Snecko Eye","Bronze Scales","Incense Burner","Frozen Egg 2","Mark of the Bloom"],"potions_floor_usage":[5,7,7,10,11,14,16,16,22,22,22,27,28,30,33,33,35,38,38,51,51],"damage_taken":[{"damage":5,"enemies":"Small Slimes","floor":1,"turns":5},{"damage":9,"enemies":"Jaw Worm","floor":2,"turns":6},{"damage":0,"enemies":"2 Louse","floor":5,"turns":4},{"damage":0,"enemies":"Large Slime","floor":7,"turns":7},{"damage":28,"enemies":"Lagavulin","floor":10,"turns":8},{"damage":5,"enemies":"2 Fungi Beasts","floor":11,"turns":3},{"damage":0,"enemies":"Looter","floor":12,"turns":4},{"damage":4,"enemies":"Exordium Thugs","floor":14,"turns":5},{"damage":0,"enemies":"Hexaghost","floor":16,"turns":9},{"damage":26,"enemies":"Chosen","floor":18,"turns":6},{"damage":3,"enemies":"Shell Parasite","floor":22,"turns":6},{"damage":10,"enemies":"Slavers","floor":27,"turns":3},{"damage":3,"enemies":"Snake Plant","floor":28,"turns":5},{"damage":6,"enemies":"Masked Bandits","floor":30,"turns":3},{"damage":0,"enemies":"3 Cultists","floor":31,"turns":2},{"damage":28,"enemies":"Collector","floor":33,"turns":9},{"damage":12,"enemies":"3 Darklings","floor":35,"turns":3},{"damage":29,"enemies":"2 Orb Walkers","floor":38,"turns":4},{"damage":2,"enemies":"3 Shapes","floor":39,"turns":2},{"damage":6,"enemies":"3 Darklings","floor":41,"turns":3},{"damage":0,"enemies":"Writhing Mass","floor":46,"turns":4},{"damage":3,"enemies":"Awakened One","floor":50,"turns":13},{"damage":0,"enemies":"Donu and Deca","floor":51,"turns":4}],"seed_played":"-65719429993111467","potions_obtained":[{"floor":1,"key":"Block Potion"},{"floor":2,"key":"AttackPotion"},{"floor":5,"key":"PowerPotion"},{"floor":7,"key":"Poison Potion"},{"floor":10,"key":"Ancient Potion"},{"floor":11,"key":"Poison Potion"},{"floor":12,"key":"Fire Potion"},{"floor":14,"key":"Regen Potion"},{"floor":16,"key":"Block Potion"},{"floor":18,"key":"EntropicBrew"},{"floor":22,"key":"Block Potion"},{"floor":27,"key":"AttackPotion"},{"floor":28,"key":"Swift Potion"},{"floor":30,"key":"SpeedPotion"},{"floor":33,"key":"Block Potion"},{"floor":35,"key":"Poison Potion"},{"floor":38,"key":"SteroidPotion"},{"floor":39,"key":"Strength Potion"},{"floor":41,"key":"GamblersBrew"}],"is_trial":false,"path_per_floor":["M","M","?","?","M","R","M","R","T","E","M","M","$","M","R","B",null,"M","?","?","?","M","R","$","?","T","E","M","R","?","M","R","B",null,"M","?","$","?","M","R","M","R","T","R","?","M","R","$","R","B","B",null],"character_chosen":"THE_SILENT","items_purchased":["Backflip","Leg Sweep","Footwork"],"campfire_rested":9,"item_purchase_floors":[13,24,24],"current_hp_per_floor":[54,45,50,32,32,32,32,53,53,25,20,20,20,16,16,31,61,35,35,35,15,27,49,49,49,49,39,36,58,52,52,74,46,69,57,57,57,28,26,48,42,64,64,76,76,76,76,76,76,73,73],"gold":18,"neow_bonus":"BOSS_RELIC","is_prod":false,"is_daily":false,"chose_seed":false,"campfire_upgraded":2,"win_rate":0,"timestamp":1547618242,"path_taken":["M","M","?","?","M","R","M","R","T","E","M","M","$","M","R","BOSS","M","?","?","?","M","R","$","?","T","E","M","R","?","M","R","BOSS","M","?","?","?","?","R","?","R","T","R","?","M","R","$","R","BOSS","BOSS"],"build_version":"2019-01-10","purchased_purges":3,"victory":true,"max_hp_per_floor":[66,66,71,71,71,71,71,71,71,71,71,71,71,71,71,71,71,71,71,71,76,76,76,76,76,76,76,76,76,76,76,76,76,76,76,76,76,76,76,76,76,76,76,76,76,76,76,76,76,76,76],"card_choices":[{"not_picked":["All Out Attack","Finisher"],"picked":"Well Laid Plans","floor":1},{"not_picked":["Distraction","Prepared","Underhanded Strike"],"picked":"SKIP","floor":2},{"not_picked":["Setup","Leg Sweep"],"picked":"Flying Knee","floor":5},{"not_picked":["Deflect","Dodge and Roll"],"picked":"PiercingWail","floor":7},{"not_picked":["Unload","Acrobatics"],"picked":"Calculated Gamble","floor":10},{"not_picked":["Underhanded Strike","Poisoned Stab"],"picked":"Caltrops","floor":11},{"not_picked":["Distraction","Bane"],"picked":"Deadly Poison","floor":12},{"not_picked":["Eviscerate","Deflect"],"picked":"Infinite Blades","floor":14},{"not_picked":["A Thousand Cuts","Malaise"],"picked":"Corpse Explosion","floor":16},{"not_picked":["Dagger Throw","Acrobatics"],"picked":"Dagger Spray+1","floor":18},{"not_picked":["Deflect","Slice"],"picked":"Backflip","floor":22},{"not_picked":["Masterful Stab","Deadly Poison","Well Laid Plans"],"picked":"SKIP","floor":27},{"not_picked":["Slice","Sucker Punch","Outmaneuver"],"picked":"SKIP","floor":28},{"not_picked":["Dagger Throw","Bane"],"picked":"Bouncing Flask","floor":30},{"not_picked":["Finisher+1","Quick Slash"],"picked":"Dash","floor":31},{"not_picked":["Caltrops+1","Acrobatics"],"picked":"Predator","floor":35},{"not_picked":["Deflect+1","Bane"],"picked":"Dash","floor":38},{"not_picked":["Masterful Stab","Finisher","Prepared"],"picked":"SKIP","floor":39},{"not_picked":["Bane","Dagger Throw+1"],"picked":"Catalyst","floor":41},{"not_picked":["Tactician","Sucker Punch"],"picked":"Blur","floor":46}],"player_experience":1892216,"relics_obtained":[{"floor":9,"key":"Orichalcum"},{"floor":10,"key":"Snake Skull"},{"floor":26,"key":"Ninja Scroll"},{"floor":27,"key":"Bottled Tornado"},{"floor":30,"key":"Red Mask"},{"floor":38,"key":"Incense Burner"},{"floor":43,"key":"Frozen Egg 2"}],"event_choices":[{"damage_healed":0,"gold_gain":0,"player_choice":"Donut","damage_taken":0,"max_hp_gain":5,"max_hp_loss":0,"event_name":"Big Fish","floor":3,"gold_loss":0},{"damage_healed":0,"gold_gain":0,"player_choice":"Success","damage_taken":18,"relics_obtained":["Bag of Preparation"],"max_hp_gain":0,"max_hp_loss":0,"event_name":"Scrap Ooze","floor":4,"gold_loss":0},{"damage_healed":0,"gold_gain":0,"player_choice":"Opened","damage_taken":0,"relics_obtained":["Potion Belt"],"max_hp_gain":0,"max_hp_loss":0,"event_name":"The Mausoleum","floor":19,"gold_loss":0,"cards_obtained":["Writhe"]},{"cards_removed":["Writhe"],"damage_healed":0,"gold_gain":0,"player_choice":"Gave Gold","damage_taken":0,"max_hp_gain":0,"max_hp_loss":0,"event_name":"Beggar","floor":20,"gold_loss":75},{"damage_healed":0,"gold_gain":0,"player_choice":"Shed Blood","damage_taken":25,"max_hp_gain":5,"max_hp_loss":0,"event_name":"Forgotten Altar","floor":21,"gold_loss":0},{"damage_healed":0,"gold_gain":0,"player_choice":"Read","damage_taken":0,"max_hp_gain":0,"max_hp_loss":0,"event_name":"The Library","floor":25,"gold_loss":0,"cards_obtained":["Noxious Fumes"]},{"damage_healed":0,"gold_gain":0,"player_choice":"Fought Bandits","damage_taken":0,"max_hp_gain":0,"max_hp_loss":0,"event_name":"Masked Bandits","floor":30,"gold_loss":0},{"damage_healed":0,"gold_gain":0,"player_choice":"Paid Gold","damage_taken":0,"relics_obtained":["Bronze Scales"],"max_hp_gain":0,"max_hp_loss":0,"event_name":"WeMeetAgain","floor":36,"gold_loss":100},{"damage_healed":0,"gold_gain":0,"player_choice":"Fight","damage_taken":0,"max_hp_gain":0,"max_hp_loss":0,"event_name":"Mysterious Sphere","floor":38,"gold_loss":0},{"damage_healed":0,"gold_gain":0,"player_choice":"Upgrade","damage_taken":0,"relics_obtained":["Mark of the Bloom"],"max_hp_gain":0,"max_hp_loss":0,"event_name":"MindBloom","floor":45,"gold_loss":0,"cards_upgraded":["Defend_G","Defend_G","Defend_G","Defend_G","Defend_G","Strike_G","Strike_G","Strike_G","Survivor","Flying Knee","PiercingWail","Calculated Gamble","Caltrops","Deadly Poison","Backflip","Infinite Blades","Corpse Explosion","Backflip","Leg Sweep","Footwork","Noxious Fumes","Bouncing Flask","Dash","Predator","Dash","Catalyst"]}],"is_beta":true,"boss_relics":[{"not_picked":["HoveringKite","Sozu"],"picked":"Fusion Hammer"},{"not_picked":["Coffee Dripper","Astrolabe"],"picked":"Snecko Eye"}],"items_purged_floors":[13,37,48],"is_endless":false,"potions_floor_spawned":[1,2,5,7,10,11,12,14,16,18,22,27,28,30,31,33,35,38,39,41,46],"ascension_level":20}