{"gold_per_floor":[363,380,56,66,83,145,145,164,212,212,230,245,277,290,290,386,386,403,416,18,36,49,49],"floor_reached":23,"playtime":1566,"items_purged":["Strike_R"],"score":234,"play_id":"d06de184-1dda-481e-9783-717640e81b41","local_time":"20190202155225","is_ascension_mode":false,"campfire_choices":[{"data":"Armaments","floor":15,"key":"SMITH"}],"neow_cost":"PERCENT_DAMAGE","seed_source_timestamp":2128244567456259,"circlet_count":0,"master_deck":["Strike_R","Strike_R","Strike_R","Strike_R","Defend_R","Defend_R","Defend_R","Defend_R","Bash","Armaments+1","Juggernaut","Seeing Red","Metallicize","Shrug It Off","Shrug It Off","Double Tap","Infernal Blade","Thunderclap","Cleave","Clash","Rampage","Immolate","Battle Trance","Impervious","Spot Weakness","Fire Breathing+1","Clash+1"],"relics":["Burning Blood","Lee\u0027s Waffle","Tiny Chest","Strawberry","Pear","Darkstone Periapt","Black Star","Letter Opener"],"potions_floor_usage":[14,16,21,23,23],"damage_taken":[{"damage":2,"enemies":"Small Slimes","floor":1,"turns":4},{"damage":1,"enemies":"Jaw Worm","floor":2,"turns":6},{"damage":0,"enemies":"Cultist","floor":4,"turns":4},{"damage":0,"enemies":"Large Slime","floor":5,"turns":5},{"damage":18,"enemies":"3 Sentries","floor":6,"turns":7},{"damage":7,"enemies":"3 Louse","floor":8,"turns":4},{"damage":14,"enemies":"Gremlin Gang","floor":11,"turns":6},{"damage":4,"enemies":"2 Fungi Beasts","floor":12,"turns":2},{"damage":7,"enemies":"Lagavulin","floor":13,"turns":5},{"damage":20,"enemies":"3 Louse","floor":14,"turns":3},{"damage":14,"enemies":"Slime Boss","floor":16,"turns":8},{"damage":22,"enemies":"Spheric Guardian","floor":18,"turns":4},{"damage":43,"enemies":"2 Thieves","floor":19,"turns":4},{"damage":24,"enemies":"Shelled Parasite and Fungi","floor":21,"turns":8},{"damage":11,"enemies":"Cultist and Chosen","floor":22,"turns":6},{"damage":49,"enemies":"Book of Stabbing","floor":23,"turns":5}],"seed_played":"-2076259213613282198","potions_obtained":[{"floor":2,"key":"SteroidPotion"},{"floor":6,"key":"Poison Potion"},{"floor":11,"key":"PowerPotion"},{"floor":13,"key":"Strength Potion"},{"floor":21,"key":"Regen Potion"},{"floor":22,"key":"Energy Potion"}],"is_trial":false,"path_per_floor":["M","M","$","M","M","E","?","M","T","T","M","M","E","M","R","B",null,"M","M","$","M","M","E"],"character_chosen":"IRONCLAD","items_purchased":["Lee\u0027s Waffle","Seeing Red","Metallicize","Letter Opener","Spot Weakness"],"campfire_rested":0,"item_purchase_floors":[3,3,3,20,20],"current_hp_per_floor":[60,65,87,87,87,75,80,79,86,96,88,90,89,75,75,67,109,93,56,56,38,33,0],"gold":49,"neow_bonus":"TWO_FIFTY_GOLD","is_prod":false,"is_daily":false,"chose_seed":false,"campfire_upgraded":1,"win_rate":0.0,"timestamp":1549158745,"path_taken":["M","M","$","M","M","E","?","M","T","?","?","M","E","M","R","BOSS","M","M","$","M","M","E"],"build_version":"2019-01-23","purchased_purges":1,"victory":false,"max_hp_per_floor":[80,80,87,87,87,87,92,92,99,109,109,109,109,109,109,109,109,109,109,109,109,109,109],"card_choices":[{"not_picked":["Evolve","Perfected Strike"],"picked":"Armaments","floor":1},{"not_picked":["Wild Strike","Flex"],"picked":"Juggernaut","floor":2},{"not_picked":["Thunderclap","Headbutt"],"picked":"Shrug It Off","floor":4},{"not_picked":["Havoc","Battle Trance"],"picked":"Shrug It Off","floor":5},{"not_picked":["Wild Strike","Corruption"],"picked":"Double Tap","floor":6},{"not_picked":["Heavy Blade","Havoc"],"picked":"Infernal Blade","floor":8},{"not_picked":["Flex","Twin Strike"],"picked":"Thunderclap","floor":11},{"not_picked":["Burning Pact","Wild Strike"],"picked":"Cleave","floor":12},{"not_picked":["Havoc","Fire Breathing"],"picked":"Clash","floor":13},{"not_picked":["Cleave","Sword Boomerang"],"picked":"Rampage","floor":14},{"not_picked":["Exhume","Feed"],"picked":"Immolate","floor":16},{"not_picked":["Body Slam","Dropkick+1"],"picked":"Battle Trance","floor":18},{"not_picked":["Perfected Strike","Warcry"],"picked":"Impervious","floor":19},{"not_picked":["Inflame","Thunderclap+1"],"picked":"Fire Breathing+1","floor":21},{"not_picked":["Pommel Strike","Shrug It Off"],"picked":"Clash+1","floor":22}],"player_experience":63469,"relics_obtained":[{"floor":6,"key":"Tiny Chest"},{"floor":9,"key":"Strawberry"},{"floor":10,"key":"Pear"},{"floor":13,"key":"Darkstone Periapt"}],"event_choices":[{"damage_healed":0,"gold_gain":0,"player_choice":"Donut","damage_taken":0,"max_hp_gain":5,"max_hp_loss":0,"event_name":"Big Fish","floor":7,"gold_loss":0}],"is_beta":false,"boss_relics":[{"not_picked":["Black Blood","Orrery"],"picked":"Black Star"}],"items_purged_floors":[20],"is_endless":false,"potions_floor_spawned":[2,6,11,13,21,22],"killed_by":"Book of Stabbing","ascension_level":0}