{"gold_per_floor":[109,109,124,68,68,103,103,103,151,191,191,138,159,173,173,266,266,286,157,157,227,227],"floor_reached":22,"playtime":666,"items_purged":["Strike_B"],"score":387,"play_id":"f712b7b1-7484-4c19-8072-aa0b2ee42723","local_time":"20181230192357","is_ascension_mode":true,"campfire_choices":[{"data":"Echo Form","floor":8,"key":"SMITH"},{"floor":11,"key":"REST"},{"data":"White Noise","floor":15,"key":"SMITH"}],"neow_cost":"NONE","seed_source_timestamp":264978693571494,"circlet_count":0,"master_deck":["AscendersBane","Strike_B","Strike_B","Defend_B","Defend_B","Defend_B","Defend_B+1","Zap","Dualcast","Chill","Coolheaded","Gash+1","Echo Form+1","Turbo","Gash","Genetic Algorithm","White Noise+1","Core Surge","Hologram","Go for the Eyes"],"relics":["Cracked Core","NeowsBlessing","Oddly Smooth Stone","Golden Idol","Centennial Puzzle","Art of War","Sozu","Symbiotic Virus"],"potions_floor_usage":[16],"damage_taken":[{"damage":0,"enemies":"2 Louse","floor":1,"turns":1},{"damage":0,"enemies":"Cultist","floor":3,"turns":1},{"damage":0,"enemies":"Lagavulin","floor":6,"turns":1},{"damage":26,"enemies":"3 Sentries","floor":10,"turns":10},{"damage":10,"enemies":"Jaw Worm","floor":13,"turns":3},{"damage":9,"enemies":"Looter","floor":14,"turns":2},{"damage":10,"enemies":"Hexaghost","floor":16,"turns":9},{"damage":8,"enemies":"Shell Parasite","floor":18,"turns":5},{"damage":19,"enemies":"Colosseum Slavers","floor":20,"turns":5},{"damage":35,"enemies":"Masked Bandits","floor":22,"turns":3}],"seed_played":"-8580594569087431581","potions_obtained":[{"floor":1,"key":"Strength Potion"},{"floor":3,"key":"Energy Potion"},{"floor":16,"key":"EssenceOfSteel"}],"is_trial":false,"path_per_floor":["M","?","M","$","?","E","?","R","T","E","R","$","M","M","R","B",null,"M","$","?","T","?"],"character_chosen":"DEFECT","items_purchased":["Gash","Gash","Go for the Eyes"],"campfire_rested":1,"item_purchase_floors":[4,12,19],"current_hp_per_floor":[64,64,64,64,43,43,43,43,43,17,36,36,26,17,17,7,50,42,42,23,23,0],"gold":227,"neow_bonus":"THREE_ENEMY_KILL","is_prod":false,"is_daily":false,"chose_seed":false,"campfire_upgraded":2,"win_rate":0,"timestamp":1546215837,"path_taken":["M","?","M","?","?","E","?","R","T","E","R","$","M","M","R","BOSS","M","$","?","?","?"],"build_version":"2018-12-20","purchased_purges":1,"victory":false,"max_hp_per_floor":[71,71,71,71,71,71,64,64,64,64,64,64,64,64,64,64,64,64,64,64,64,64],"card_choices":[{"not_picked":["Blizzard","Undo"],"picked":"Chill","floor":1},{"not_picked":["Conserve Battery","Chaos"],"picked":"Coolheaded","floor":3},{"not_picked":["Beam Cell","Tempest"],"picked":"Echo Form","floor":6},{"not_picked":["Rebound","Steam"],"picked":"Turbo","floor":10},{"not_picked":["Redo","Streamline"],"picked":"Genetic Algorithm","floor":13},{"not_picked":["Sweeping Beam","Streamline"],"picked":"White Noise","floor":14},{"not_picked":["Fission","Buffer"],"picked":"Core Surge","floor":16},{"not_picked":["Ball Lightning","Stack"],"picked":"Hologram","floor":18}],"player_experience":459535,"relics_obtained":[{"floor":6,"key":"Oddly Smooth Stone"},{"floor":9,"key":"Centennial Puzzle"},{"floor":10,"key":"Art of War"},{"floor":21,"key":"Symbiotic Virus"}],"event_choices":[{"cards_removed":["Strike_B"],"damage_healed":0,"gold_gain":0,"player_choice":"Purged","damage_taken":0,"max_hp_gain":0,"max_hp_loss":0,"event_name":"Purifier","floor":2,"gold_loss":0},{"damage_healed":0,"gold_gain":0,"player_choice":"Entered Light","damage_taken":21,"max_hp_gain":0,"max_hp_loss":0,"event_name":"Shining Light","floor":5,"gold_loss":0,"cards_upgraded":["Gash","Defend_B"]},{"damage_healed":0,"gold_gain":0,"player_choice":"Lose Max HP","damage_taken":0,"relics_obtained":["Golden Idol"],"max_hp_gain":0,"max_hp_loss":7,"event_name":"Golden Idol","floor":7,"gold_loss":0},{"damage_healed":0,"gold_gain":0,"player_choice":"Fight","damage_taken":0,"max_hp_gain":0,"max_hp_loss":0,"event_name":"Colosseum","floor":20,"gold_loss":0},{"damage_healed":0,"gold_gain":0,"player_choice":"Fled From Nobs","damage_taken":0,"max_hp_gain":0,"max_hp_loss":0,"event_name":"Colosseum","floor":20,"gold_loss":0},{"damage_healed":0,"gold_gain":0,"player_choice":"Fought Bandits","damage_taken":0,"max_hp_gain":0,"max_hp_loss":0,"event_name":"Masked Bandits","floor":22,"gold_loss":0}],"is_beta":false,"boss_relics":[{"not_picked":["Fusion Hammer","Black Star"],"picked":"Sozu"}],"items_purged_floors":[19],"is_endless":false,"potions_floor_spawned":[1,3,6,16],"killed_by":"Masked Bandits","ascension_level":16}