{"gold_per_floor":[111,111,111,126,145,175,193,209,209,209,222,222,147,162,162,162],"floor_reached":16,"playtime":583,"items_purged":["Strike_B"],"score":160,"play_id":"d7614ad7-bbcc-4cf5-8163-3158fd8bb336","local_time":"20181209153535","is_ascension_mode":true,"campfire_choices":[{"data":"Zap","floor":15,"key":"SMITH"}],"neow_cost":"NONE","seed_source_timestamp":78650401395698,"circlet_count":0,"master_deck":["Strike_B","Strike_B","Strike_B","Defend_B","Defend_B","Defend_B","Defend_B","Zap+1","Dualcast","Sweeping Beam","Rebound","Darkness","Ball Lightning","Cold Snap","Chaos+1","Ball Lightning","Cold Snap"],"relics":["Cracked Core","NeowsBlessing","FaceOfCleric","Strawberry","Bottled Lightning","Kunai"],"potions_floor_usage":[6,14],"damage_taken":[{"damage":0,"enemies":"2 Louse","floor":1,"turns":1},{"damage":0,"enemies":"Small Slimes","floor":4,"turns":1},{"damage":0,"enemies":"Cultist","floor":5,"turns":1},{"damage":30,"enemies":"3 Sentries","floor":6,"turns":6},{"damage":12,"enemies":"Large Slime","floor":7,"turns":4},{"damage":14,"enemies":"Red Slaver","floor":8,"turns":3},{"damage":26,"enemies":"Exordium Wildlife","floor":11,"turns":3},{"damage":1,"enemies":"Looter","floor":14,"turns":3},{"damage":1,"enemies":"Hexaghost","floor":16,"turns":4}],"seed_played":"-5614418758522912734","potions_obtained":[{"floor":4,"key":"FearPotion"},{"floor":5,"key":"Fire Potion"},{"floor":11,"key":"SkillPotion"}],"is_trial":false,"path_per_floor":["M","?","?","M","M","E","M","M","T","?","M","T","$","M","R","B"],"character_chosen":"DEFECT","items_purchased":[],"campfire_rested":0,"item_purchase_floors":[],"current_hp_per_floor":[68,73,73,74,75,53,42,29,29,29,4,4,4,4,4,3],"gold":162,"neow_bonus":"THREE_ENEMY_KILL","is_prod":false,"is_daily":false,"chose_seed":false,"campfire_upgraded":1,"win_rate":0,"timestamp":1544387735,"path_taken":["M","?","?","M","M","E","?","M","T","?","?","?","$","M","R","BOSS"],"build_version":"2018-12-06","purchased_purges":1,"victory":false,"max_hp_per_floor":[75,80,80,81,82,90,91,92,92,92,93,93,93,94,94,94],"card_choices":[{"not_picked":["Turbo","Force Field"],"picked":"Sweeping Beam","floor":1},{"not_picked":["Go for the Eyes","Stack"],"picked":"Rebound","floor":4},{"not_picked":["Stack","Streamline"],"picked":"Darkness","floor":5},{"not_picked":["Cold Snap","Sunder"],"picked":"Ball Lightning","floor":6},{"not_picked":["Rip and Tear","Blizzard"],"picked":"Cold Snap","floor":7},{"not_picked":["Consume","Multi-Cast"],"picked":"Chaos","floor":8},{"not_picked":["Steam Power","Stack"],"picked":"Ball Lightning","floor":11},{"not_picked":["Sweeping Beam","Melter"],"picked":"Cold Snap","floor":14}],"player_experience":305797,"relics_obtained":[{"floor":6,"key":"Strawberry"},{"floor":9,"key":"Bottled Lightning"},{"floor":12,"key":"Kunai"}],"event_choices":[{"damage_healed":0,"gold_gain":0,"player_choice":"Donut","damage_taken":0,"max_hp_gain":5,"max_hp_loss":0,"event_name":"Big Fish","floor":2,"gold_loss":0},{"damage_healed":0,"gold_gain":0,"player_choice":"Trade","damage_taken":0,"relics_obtained":["FaceOfCleric"],"max_hp_gain":0,"max_hp_loss":0,"event_name":"FaceTrader","floor":3,"gold_loss":0},{"damage_healed":0,"gold_gain":0,"player_choice":"Forge","damage_taken":0,"max_hp_gain":0,"max_hp_loss":0,"event_name":"Accursed Blacksmith","floor":10,"gold_loss":0,"cards_upgraded":["Chaos"]}],"is_beta":false,"boss_relics":[],"items_purged_floors":[13],"is_endless":false,"potions_floor_spawned":[4,5,11],"killed_by":"Hexaghost","ascension_level":6}