{"gold_per_floor":[115,135,148,323,343,375,375,392,418,398,427,440,456,474,474,569,569,509,509,525,525,545,545,545],"floor_reached":24,"playtime":1356,"items_purged":[],"score":252,"play_id":"59cc96fc-a106-458d-ab69-2fc625963f3a","local_time":"20190206185926","is_ascension_mode":true,"campfire_choices":[{"floor":7.0,"key":"REST"},{"floor":15.0,"key":"REST"},{"floor":23.0,"key":"REST"}],"neow_cost":"NONE","seed_source_timestamp":0,"circlet_count":0,"master_deck":["Strike_B+1","Strike_B+1","Defend_B","Defend_B","Defend_B","Defend_B","Zap","Dualcast","Glacier","Auto Shields","Tempest","Doubt","Melter","Cold Snap","Sweeping Beam","Capacitor","Seek","Sunder","Multi-Cast","Cold Snap","Echo Form","Double Energy","Force Field","Heatsinks+1"],"special_seed":0,"relics":["Cracked Core","Bag of Marbles","PreservedInsect","Whetstone","White Beast Statue","Ancient Tea Set"],"potions_floor_usage":[24,24,24],"damage_taken":[{"damage":0.0,"enemies":"Small Slimes","floor":1.0,"turns":3.0},{"damage":1.0,"enemies":"Cultist","floor":2.0,"turns":4.0},{"damage":1.0,"enemies":"Jaw Worm","floor":3.0,"turns":5.0},{"damage":0.0,"enemies":"Blue Slaver","floor":5.0,"turns":4.0},{"damage":77.0,"enemies":"Gremlin Nob","floor":6.0,"turns":7.0},{"damage":5.0,"enemies":"Gremlin Gang","floor":8.0,"turns":5.0},{"damage":12.0,"enemies":"Lagavulin","floor":11.0,"turns":4.0},{"damage":0.0,"enemies":"Large Slime","floor":12.0,"turns":4.0},{"damage":0.0,"enemies":"Blue Slaver","floor":13.0,"turns":4.0},{"damage":5.0,"enemies":"3 Louse","floor":14.0,"turns":3.0},{"damage":24.0,"enemies":"The Guardian","floor":16.0,"turns":14.0},{"damage":19.0,"enemies":"2 Thieves","floor":18.0,"turns":4.0},{"damage":10.0,"enemies":"Shell Parasite","floor":20.0,"turns":9.0},{"damage":40.0,"enemies":"Cultist and Chosen","floor":22.0,"turns":7.0},{"damage":39,"enemies":"3 Cultists","floor":24,"turns":5}],"seed_played":"-135125529417787209","potions_obtained":[{"floor":1.0,"key":"EssenceOfSteel"},{"floor":3.0,"key":"Energy Potion"},{"floor":5.0,"key":"EssenceOfSteel"},{"floor":12.0,"key":"Energy Potion"},{"floor":13.0,"key":"Block Potion"},{"floor":14.0,"key":"EssenceOfSteel"},{"floor":18.0,"key":"FocusPotion"},{"floor":20.0,"key":"EntropicBrew"}],"is_trial":false,"path_per_floor":["M","M","M","?","M","E","R","M","T","?","E","M","M","M","R","B",null,"M","?","M","?","M","R","M"],"character_chosen":"DEFECT","items_purchased":[],"campfire_rested":3,"item_purchase_floors":[],"current_hp_per_floor":[82,81,80,80,80,3,27,22,22,22,10,10,10,5,29,5,82,63,63,53,53,13,37,0],"gold":545,"neow_bonus":"TEN_PERCENT_HP_BONUS","is_prod":false,"is_daily":false,"chose_seed":false,"campfire_upgraded":0,"win_rate":0,"timestamp":1549475966,"path_taken":["M","M","M","?","M","E","R","M","T","?","E","M","M","M","R","BOSS","M","?","M","?","M","R","M"],"build_version":"2019-01-23","purchased_purges":0,"victory":false,"max_hp_per_floor":[82,82,82,82,82,82,82,82,82,82,82,82,82,82,82,82,82,82,82,82,82,82,82,82],"card_choices":[{"not_picked":["Storm","Stack"],"picked":"Glacier","floor":1.0},{"not_picked":["Steam","Stack"],"picked":"Auto Shields","floor":2.0},{"not_picked":["Rebound","Heatsinks"],"picked":"Tempest","floor":3.0},{"not_picked":["Coolheaded","Biased Cognition"],"picked":"Melter","floor":5.0},{"not_picked":["Streamline","Scrape"],"picked":"Cold Snap","floor":6.0},{"not_picked":["Recycle","Go for the Eyes"],"picked":"Sweeping Beam","floor":8.0},{"not_picked":["Rebound","Aggregate"],"picked":"Capacitor","floor":11.0},{"not_picked":["Hologram","Heatsinks"],"picked":"Seek","floor":12.0},{"not_picked":["Reinforced Body","Beam Cell","Compile Driver"],"picked":"SKIP","floor":13.0},{"not_picked":["Beam Cell","Barrage"],"picked":"Sunder","floor":14.0},{"not_picked":["All For One","Fission"],"picked":"Multi-Cast","floor":16.0},{"not_picked":["Streamline","Hologram"],"picked":"Cold Snap","floor":18.0},{"not_picked":["FTL","Cold Snap"],"picked":"Echo Form","floor":20.0},{"not_picked":["Cold Snap","Melter+1"],"picked":"Heatsinks+1","floor":22.0}],"player_experience":287934,"relics_obtained":[{"floor":6.0,"key":"Bag of Marbles"},{"floor":9.0,"key":"PreservedInsect"},{"floor":11.0,"key":"Whetstone"}],"event_choices":[{"damage_healed":0.0,"max_hp_gain":0.0,"max_hp_loss":0.0,"gold_gain":175.0,"event_name":"Liars Game","player_choice":"AGREE","floor":4.0,"gold_loss":0.0,"damage_taken":0.0,"cards_obtained":["Doubt"]},{"damage_healed":0.0,"max_hp_gain":0.0,"max_hp_loss":0.0,"gold_gain":0.0,"event_name":"The Woman in Blue","player_choice":"Bought 1 Potion","floor":10.0,"gold_loss":0.0,"damage_taken":0.0},{"damage_healed":0.0,"max_hp_gain":0.0,"max_hp_loss":0.0,"gold_gain":0.0,"event_name":"The Mausoleum","player_choice":"Opened","floor":19.0,"gold_loss":0.0,"damage_taken":0.0,"relics_obtained":["Ancient Tea Set"]},{"damage_healed":0.0,"max_hp_gain":0.0,"max_hp_loss":0.0,"gold_gain":0.0,"cards_transformed":["Strike_B","Strike_B"],"event_name":"Drug Dealer","player_choice":"Became Test Subject","floor":21.0,"gold_loss":0.0,"damage_taken":0.0,"cards_obtained":["Double Energy","Force Field"]}],"is_beta":false,"boss_relics":[{"not_picked":["Snecko Eye","Empty Cage"],"picked":"White Beast Statue"}],"items_purged_floors":[],"is_endless":false,"potions_floor_spawned":[1,3,5,12,13,14,18,20,22],"killed_by":"3 Cultists","ascension_level":4}