{"gold_per_floor":[144,189,234,279,279,369,424,424,499,544,589,634,634,679,679,979,979,1024,1069,188,188,38,83,128,128,128,128,153,153,198,243,243,543,543,588,588,38,38,83,83,128,128,128,173,48,93,138,183,183,183],"floor_reached":50,"playtime":2805,"items_purged":["Strike_R","Defend_R","Defend_R"],"score":702,"play_id":"faf7e50d-d0d4-4b0f-864f-fdbe87239a5b","local_time":"20181106081616","daily_mods":["Cursed Run","Time Dilation","Midas"],"is_ascension_mode":false,"campfire_choices":[{"floor":8.0,"key":"REST"},{"floor":15.0,"key":"REST"},{"data":"1","floor":27.0,"key":"LIFT"},{"data":"2","floor":29.0,"key":"LIFT"},{"floor":32.0,"key":"REST"},{"data":"3","floor":40.0,"key":"LIFT"}],"neow_cost":"","seed_source_timestamp":0,"circlet_count":0,"master_deck":["Strike_R","Strike_R","Strike_R","Defend_R","Defend_R","Bash","Disarm","Pommel Strike","Offering","Shrug It Off","Dual Wield","Normality","Normality","Heavy Blade","Heavy Blade","Shockwave","Carnage","Whirlwind","Normality","Bludgeon","Parasite","Parasite","Normality","Infernal Blade","Panache","Feel No Pain","RitualDagger","True Grit+1","Doubt","Normality","Flame Barrier+1","Normality","Juggernaut","Madness","Madness","Madness","Spot Weakness+1","Parasite","Whirlwind","Pain","Normality","Armaments+1"],"special_seed":17840,"relics":["Cursed Key","Darkstone Periapt","Du-Vu Doll","Boot","Tiny Chest","Sundial","Calling Bell","Oddly Smooth Stone","Kunai","Girya","Singing Bowl","FossilizedHelix","Pen Nib","Blue Candle","Orichalcum","Coffee Dripper","Sling","Frozen Egg 2","WarpedTongs","Champion Belt"],"potions_floor_usage":[47,50],"damage_taken":[{"damage":4.0,"enemies":"2 Louse","floor":1.0,"turns":2.0},{"damage":6.0,"enemies":"Jaw Worm","floor":2.0,"turns":2.0},{"damage":1.0,"enemies":"Cultist","floor":3.0,"turns":3.0},{"damage":9.0,"enemies":"Blue Slaver","floor":4.0,"turns":3.0},{"damage":18.0,"enemies":"Lagavulin","floor":6.0,"turns":5.0},{"damage":2.0,"enemies":"2 Fungi Beasts","floor":10.0,"turns":3.0},{"damage":0.0,"enemies":"Looter","floor":11.0,"turns":2.0},{"damage":0.0,"enemies":"Exordium Thugs","floor":12.0,"turns":2.0},{"damage":8.0,"enemies":"2 Fungi Beasts","floor":14.0,"turns":3.0},{"damage":28.0,"enemies":"The Guardian","floor":16.0,"turns":8.0},{"damage":0.0,"enemies":"Spheric Guardian","floor":18.0,"turns":2.0},{"damage":0.0,"enemies":"3 Byrds","floor":19.0,"turns":3.0},{"damage":26.0,"enemies":"3 Cultists","floor":23.0,"turns":6.0},{"damage":5.0,"enemies":"Chosen and Byrds","floor":24.0,"turns":4.0},{"damage":0.0,"enemies":"Snake Plant","floor":30.0,"turns":2.0},{"damage":6.0,"enemies":"Shelled Parasite and Fungi","floor":31.0,"turns":2.0},{"damage":65.0,"enemies":"Automaton","floor":33.0,"turns":8.0},{"damage":0.0,"enemies":"Orb Walker","floor":35.0,"turns":1.0},{"damage":6.0,"enemies":"3 Darklings","floor":39.0,"turns":4.0},{"damage":29.0,"enemies":"Writhing Mass","floor":41.0,"turns":3.0},{"damage":19,"enemies":"Jaw Worm Horde","floor":44,"turns":3},{"damage":15,"enemies":"4 Shapes","floor":46,"turns":1},{"damage":23,"enemies":"Transient","floor":47,"turns":5},{"damage":20,"enemies":"Sphere and 2 Shapes","floor":48,"turns":3},{"damage":53,"enemies":"Time Eater","floor":50,"turns":4}],"seed_played":"8055105580141425642","potions_obtained":[{"floor":1.0,"key":"Explosive Potion"},{"floor":2.0,"key":"EssenceOfSteel"},{"floor":4.0,"key":"Dexterity Potion"},{"floor":6.0,"key":"Poison Potion"},{"floor":12.0,"key":"Regen Potion"},{"floor":16.0,"key":"Block Potion"},{"floor":19.0,"key":"PowerPotion"},{"floor":24.0,"key":"SkillPotion"},{"floor":35.0,"key":"Poison Potion"},{"floor":46,"key":"GamblersBrew"},{"floor":48,"key":"Poison Potion"}],"is_trial":false,"path_per_floor":["M","M","M","M","?","E","T","R","T","M","M","M","?","M","R","B",null,"M","M","$","?","$","M","M","?","T","R","T","R","M","M","R","B",null,"M","?","$","?","M","R","M","?","T","M","$","M","M","M","R","B"],"character_chosen":"IRONCLAD","items_purchased":["Singing Bowl","FossilizedHelix","Panache","Feel No Pain","Pen Nib","Sling","Frozen Egg 2"],"campfire_rested":3,"item_purchase_floors":[20,20,20,20,22,37,37],"current_hp_per_floor":[76,70,69,60,65,47,53,80,86,84,84,84,84,76,97,75,121,121,121,121,115,115,101,98,98,104,104,110,110,112,106,137,78,143,145,145,145,127,121,121,98,104,110,91,91,78,57,39,39,0],"gold":183,"neow_bonus":"","is_prod":false,"is_daily":true,"chose_seed":false,"campfire_upgraded":0,"win_rate":0,"timestamp":1541510176,"path_taken":["M","M","M","M","?","E","?","R","T","M","M","M","?","M","R","BOSS","M","?","$","?","$","M","M","?","T","R","?","R","?","M","R","BOSS","M","?","$","?","M","R","M","?","T","M","$","M","M","M","R","BOSS"],"build_version":"2018-11-01","purchased_purges":3,"victory":false,"max_hp_per_floor":[80,80,80,80,85,85,91,91,97,97,97,97,97,97,97,103,121,121,121,121,121,121,121,123,123,129,129,135,135,137,137,137,143,143,145,145,145,145,145,145,151,157,163,163,163,165,167,169,169,169],"card_choices":[{"not_picked":["Body Slam","Warcry"],"picked":"Disarm","floor":1.0},{"not_picked":["Body Slam","Hemokinesis"],"picked":"Pommel Strike","floor":2.0},{"not_picked":["Twin Strike","Clash"],"picked":"Offering","floor":3.0},{"not_picked":["Dual Wield","Wild Strike"],"picked":"Shrug It Off","floor":4.0},{"not_picked":["Twin Strike","Clash"],"picked":"Dual Wield","floor":6.0},{"not_picked":["Wild Strike","Sever Soul"],"picked":"Heavy Blade","floor":10.0},{"not_picked":["Twin Strike","Cleave"],"picked":"Heavy Blade","floor":11.0},{"not_picked":["Heavy Blade","Hemokinesis"],"picked":"Shockwave","floor":12.0},{"not_picked":["Rupture","Wild Strike"],"picked":"Whirlwind","floor":14.0},{"not_picked":["Brutality","Dark Embrace"],"picked":"Bludgeon","floor":16.0},{"not_picked":["Pommel Strike","Clash"],"picked":"Infernal Blade","floor":18.0},{"not_picked":["Clothesline+1","Twin Strike","Power Through"],"picked":"SKIP","floor":19.0},{"not_picked":["Pommel Strike","Flex"],"picked":"True Grit+1","floor":23.0},{"not_picked":["Heavy Blade","Seeing Red","Clothesline+1"],"picked":"Singing Bowl","floor":24.0},{"not_picked":["Cleave+1","Clash","Battle Trance"],"picked":"Singing Bowl","floor":30.0},{"not_picked":["Clothesline+1","Warcry+1"],"picked":"Flame Barrier+1","floor":31.0},{"not_picked":["Brutality","Berserk"],"picked":"Juggernaut","floor":33.0},{"not_picked":["True Grit","Flex","Hemokinesis+1"],"picked":"Singing Bowl","floor":35.0},{"not_picked":["Mind Blast","Discovery"],"picked":"Madness","floor":36.0},{"not_picked":["Evolve+1","Clash"],"picked":"Spot Weakness+1","floor":39.0},{"not_picked":["Body Slam+1","Perfected Strike"],"picked":"Whirlwind","floor":41.0},{"not_picked":["Exhume","Cleave"],"picked":"Armaments+1","floor":44},{"not_picked":["Dual Wield+1","Headbutt","Entrench"],"picked":"Singing Bowl","floor":46},{"not_picked":["Thunderclap","Cleave","Pummel+1"],"picked":"Singing Bowl","floor":47},{"not_picked":["Carnage","Burning Pact","Disarm"],"picked":"Singing Bowl","floor":48}],"player_experience":471794,"relics_obtained":[{"floor":6.0,"key":"Boot"},{"floor":7.0,"key":"Tiny Chest"},{"floor":9.0,"key":"Sundial"},{"floor":17.0,"key":"Oddly Smooth Stone"},{"floor":17.0,"key":"Kunai"},{"floor":17.0,"key":"Girya"},{"floor":26.0,"key":"Blue Candle"},{"floor":28.0,"key":"Orichalcum"},{"floor":43,"key":"Champion Belt"}],"event_choices":[{"damage_healed":0.0,"max_hp_gain":5.0,"max_hp_loss":0.0,"gold_gain":0.0,"event_name":"Big Fish","player_choice":"Donut","floor":5.0,"gold_loss":0.0,"damage_taken":0.0},{"damage_healed":0.0,"max_hp_gain":0.0,"max_hp_loss":0.0,"gold_gain":0.0,"cards_transformed":["Strike_R"],"event_name":"Transmorgrifier","player_choice":"Transformed","floor":13.0,"gold_loss":0.0,"damage_taken":0.0,"cards_obtained":["Carnage"]},{"damage_healed":0.0,"max_hp_gain":0.0,"max_hp_loss":0.0,"gold_gain":0.0,"event_name":"Nest","player_choice":"Joined the Cult","floor":21.0,"gold_loss":0.0,"damage_taken":6.0,"cards_obtained":["RitualDagger"]},{"damage_healed":0.0,"max_hp_gain":0.0,"max_hp_loss":0.0,"gold_gain":0.0,"event_name":"Ghosts","player_choice":"Ignored","floor":25.0,"gold_loss":0.0,"damage_taken":0.0},{"damage_healed":0.0,"max_hp_gain":0.0,"max_hp_loss":0.0,"gold_gain":0.0,"event_name":"SensoryStone","player_choice":"Memory 1","floor":36.0,"gold_loss":0.0,"damage_taken":0.0},{"damage_healed":0.0,"max_hp_gain":0.0,"max_hp_loss":0.0,"gold_gain":0.0,"event_name":"Winding Halls","player_choice":"Embrace Madness","floor":38.0,"gold_loss":0.0,"damage_taken":18.0,"cards_obtained":["Madness","Madness"]},{"damage_healed":0.0,"max_hp_gain":0.0,"max_hp_loss":0.0,"gold_gain":0.0,"event_name":"Accursed Blacksmith","player_choice":"Rummage","floor":42.0,"gold_loss":0.0,"damage_taken":0.0,"relics_obtained":["WarpedTongs"],"cards_obtained":["Pain"]}],"is_beta":false,"boss_relics":[{"not_picked":["Mark of Pain","Velvet Choker"],"picked":"Calling Bell"},{"not_picked":["Lizard Tail","White Beast Statue"],"picked":"Coffee Dripper"}],"items_purged_floors":[20,37,45],"is_endless":false,"potions_floor_spawned":[1,2,4,6,12,16,19,24,35,46,48],"killed_by":"Time Eater","ascension_level":0}