{"gold_per_floor":[112,112,129,143,9,40,40,52,52,77,77,77,77,2,2,2],"floor_reached":16,"playtime":736,"items_purged":[],"score":216,"play_id":"2934bc2f-24e6-4bea-80b0-c8b608d03256","local_time":"20181103235044","is_ascension_mode":true,"campfire_choices":[{"data":"Neutralize","floor":7,"key":"SMITH"},{"floor":11,"key":"REST"},{"data":"Deadly Poison","floor":13,"key":"SMITH"},{"floor":15,"key":"REST"}],"neow_cost":"NONE","seed_source_timestamp":191557304863800,"circlet_count":0,"master_deck":["AscendersBane","Defend_G","Defend_G","Defend_G","Defend_G","Defend_G","Strike_G","Survivor","Neutralize+1","Sucker Punch","Predator","Dagger Spray","Adrenaline","Dagger Throw","Die Die Die","Leg Sweep","Deadly Poison+1"],"relics":["Empty Cage","GremlinMask","Peace Pipe","Dead Branch","Turnip"],"potions_floor_usage":[6,10],"damage_taken":[{"damage":4,"enemies":"Small Slimes","floor":1,"turns":8},{"damage":3,"enemies":"Cultist","floor":3,"turns":6},{"damage":0,"enemies":"2 Louse","floor":4,"turns":3},{"damage":17,"enemies":"3 Sentries","floor":6,"turns":8},{"damage":2,"enemies":"Blue Slaver","floor":8,"turns":3},{"damage":20,"enemies":"Lagavulin","floor":10,"turns":8},{"damage":47,"enemies":"Hexaghost","floor":16,"turns":11}],"seed_played":"-6001361093702086440","potions_obtained":[{"floor":1,"key":"AttackPotion"},{"floor":3,"key":"Swift Potion"}],"is_trial":false,"path_per_floor":["M","?","M","M","$","E","R","M","T","E","R","?","R","?","R","B"],"character_chosen":"THE_SILENT","items_purchased":["Adrenaline","Dagger Throw"],"campfire_rested":2,"item_purchase_floors":[5,5],"current_hp_per_floor":[55,55,52,52,52,35,35,33,33,13,32,25,25,25,44,0],"gold":2,"neow_bonus":"BOSS_RELIC","is_prod":false,"is_daily":false,"chose_seed":false,"campfire_upgraded":2,"win_rate":0,"timestamp":1541303444,"path_taken":["M","?","?","M","?","E","R","M","T","E","R","?","R","?","R","BOSS"],"build_version":"2018-11-01","purchased_purges":0,"victory":false,"max_hp_per_floor":[66,66,66,66,66,66,66,66,66,66,66,66,66,66,66,66],"card_choices":[{"not_picked":["Blur","Accuracy"],"picked":"Sucker Punch","floor":1},{"not_picked":["Calculated Gamble","Deadly Poison"],"picked":"Predator","floor":3},{"not_picked":["Setup","Flying Knee"],"picked":"Dagger Spray","floor":4},{"not_picked":["Poisoned Stab","Cloak And Dagger"],"picked":"Die Die Die","floor":6},{"not_picked":["Reflex","Cloak And Dagger"],"picked":"Leg Sweep","floor":8},{"not_picked":["Masterful Stab","Prepared"],"picked":"Deadly Poison","floor":10}],"player_experience":1618627,"relics_obtained":[{"floor":6,"key":"Peace Pipe"},{"floor":9,"key":"Dead Branch"},{"floor":10,"key":"Turnip"}],"event_choices":[{"damage_healed":0,"gold_gain":0,"player_choice":"Trade","damage_taken":0,"relics_obtained":["GremlinMask"],"max_hp_gain":0,"max_hp_loss":0,"event_name":"FaceTrader","floor":2,"gold_loss":0},{"cards_removed":["Strike_G"],"damage_healed":0,"gold_gain":0,"player_choice":"Card Removal","damage_taken":7,"max_hp_gain":0,"max_hp_loss":0,"event_name":"Golden Wing","floor":12,"gold_loss":0},{"cards_removed":["Strike_G"],"damage_healed":0,"gold_gain":0,"player_choice":"Card Removal","damage_taken":0,"max_hp_gain":0,"max_hp_loss":0,"event_name":"The Cleric","floor":14,"gold_loss":75}],"is_beta":true,"boss_relics":[],"items_purged_floors":[],"is_endless":false,"potions_floor_spawned":[1,3],"killed_by":"Hexaghost","ascension_level":20}