{"gold_per_floor":[144,144,189,114,114,204,204,294,294,294,339,339,384,429,429,729,729,774,819,819,819,819,819,69,114,139,14,104,104,149,194,194,494,494,539,139,139,184,229,229,319,319,319,364,409,454,129,174,174,174],"floor_reached":51,"playtime":3432,"items_purged":["Strike_B","Defend_B","Parasite","Parasite","Pain"],"score":759,"play_id":"6d881ca8-8d03-4d94-9cec-f4f899009362","local_time":"20181011201808","daily_mods":["Cursed Run","ControlledChaos","Midas"],"is_ascension_mode":false,"campfire_choices":[{"floor":7,"key":"REST"},{"floor":15,"key":"REST"},{"floor":23,"key":"REST"},{"floor":29,"key":"REST"},{"floor":32,"key":"REST"},{"floor":40,"key":"REST"},{"floor":49,"key":"REST"}],"neow_cost":"","seed_source_timestamp":147288012678731,"circlet_count":0,"master_deck":["Strike_B+1","Strike_B+1","Zap","Dualcast","Ball Lightning","White Noise+1","Cold Snap","Sweeping Beam","Consume+1","Electrodynamics","Gash+1","FTL","Ghostly","Ghostly","Ghostly","Ghostly","Ghostly","Beam Cell","Go for the Eyes","Compile Driver+1","Multi-Cast+1","Double Energy+1","Storm+1","Turbo+1","Chill+1","Coolheaded+1","Heatsinks","Conserve Battery+1","Injury"],"special_seed":17815,"relics":["Cursed Key","Darkstone Periapt","Du-Vu Doll","Frozen Eye","Kunai","Omamori","Vajra","PreservedInsect","Fusion Hammer","Ancient Tea Set","Sundial","Runic Capacitor","Bag of Preparation","Mummified Hand","Astrolabe","Symbiotic Virus","Bird Faced Urn","Question Card","Meat on the Bone","Orichalcum"],"potions_floor_usage":[8,13,16,16,25,33,33,33,50,50],"damage_taken":[{"damage":0,"enemies":"Small Slimes","floor":1,"turns":4},{"damage":0,"enemies":"2 Louse","floor":3,"turns":2},{"damage":11,"enemies":"3 Sentries","floor":6,"turns":4},{"damage":11,"enemies":"Lagavulin","floor":8,"turns":5},{"damage":0,"enemies":"Cultist","floor":11,"turns":2},{"damage":0,"enemies":"Large Slime","floor":13,"turns":3},{"damage":0,"enemies":"Blue Slaver","floor":14,"turns":3},{"damage":12,"enemies":"The Guardian","floor":16,"turns":8},{"damage":15,"enemies":"2 Thieves","floor":18,"turns":2},{"damage":0,"enemies":"3 Byrds","floor":19,"turns":5},{"damage":12,"enemies":"3 Cultists","floor":25,"turns":3},{"damage":3,"enemies":"Book of Stabbing","floor":28,"turns":4},{"damage":0,"enemies":"Chosen and Byrds","floor":30,"turns":5},{"damage":2,"enemies":"Cultist and Chosen","floor":31,"turns":6},{"damage":1,"enemies":"Collector","floor":33,"turns":5},{"damage":1,"enemies":"Orb Walker","floor":35,"turns":4},{"damage":0,"enemies":"Mind Bloom Boss Battle","floor":37,"turns":3},{"damage":0,"enemies":"3 Darklings","floor":38,"turns":3},{"damage":4,"enemies":"Sphere and 2 Shapes","floor":39,"turns":4},{"damage":3,"enemies":"Nemesis","floor":41,"turns":4},{"damage":7,"enemies":"4 Shapes","floor":44,"turns":4},{"damage":5,"enemies":"Transient","floor":45,"turns":5},{"damage":10,"enemies":"Reptomancer","floor":46,"turns":3},{"damage":0,"enemies":"3 Darklings","floor":48,"turns":3},{"damage":51,"enemies":"Time Eater","floor":50,"turns":9}],"seed_played":"-6142696012314150549","potions_obtained":[{"floor":1,"key":"PowerPotion"},{"floor":8,"key":"Swift Potion"},{"floor":11,"key":"FearPotion"},{"floor":14,"key":"PowerPotion"},{"floor":18,"key":"SkillPotion"},{"floor":19,"key":"AttackPotion"},{"floor":28,"key":"Dexterity Potion"},{"floor":37,"key":"Energy Potion"},{"floor":38,"key":"LiquidBronze"},{"floor":41,"key":"AttackPotion"}],"is_trial":false,"path_per_floor":["M","?","M","$","?","E","R","E","T","?","M","?","M","M","R","B",null,"M","M","?","?","?","R","$","M","T","$","E","R","M","M","R","B",null,"M","$","?","M","M","R","E","?","T","M","M","M","$","M","R","B"],"character_chosen":"DEFECT","items_purchased":["Ancient Tea Set","Sundial","Runic Capacitor","SkillPotion","Symbiotic Virus","Orichalcum"],"campfire_rested":7,"item_purchase_floors":[24,24,24,24,36,47],"current_hp_per_floor":[75,60,60,60,60,49,71,60,60,60,60,57,57,57,75,63,75,60,60,60,60,37,37,37,25,31,31,28,40,40,38,40,45,46,45,43,43,43,43,43,40,40,46,45,48,44,44,49,49,24],"gold":174,"neow_bonus":"","is_prod":false,"is_daily":true,"chose_seed":false,"campfire_upgraded":0,"win_rate":0,"timestamp":1539303488,"path_taken":["M","?","M","$","?","E","R","E","T","?","?","?","M","M","R","BOSS","M","M","?","?","?","R","$","?","T","?","E","R","M","M","R","BOSS","M","$","?","?","M","R","E","?","T","M","M","?","?","M","R","BOSS"],"build_version":"2018-10-04v2","purchased_purges":5,"victory":true,"max_hp_per_floor":[75,75,75,75,75,75,75,75,75,75,75,75,75,75,75,75,75,75,75,75,75,37,37,37,37,43,40,40,40,40,40,40,46,46,46,43,43,43,43,43,43,43,49,49,49,49,49,49,49,55],"card_choices":[{"not_picked":["Storm","White Noise"],"picked":"Ball Lightning","floor":1},{"not_picked":["Rebound","Glacier"],"picked":"White Noise","floor":3},{"not_picked":["Lockon","Hologram"],"picked":"Cold Snap","floor":6},{"not_picked":["Steam","Rip and Tear","Creative AI"],"picked":"SKIP","floor":8},{"not_picked":["Heatsinks","Turbo"],"picked":"Sweeping Beam","floor":11},{"not_picked":["Capacitor","Stack","Steam"],"picked":"SKIP","floor":13},{"not_picked":["Undo","Conserve Battery"],"picked":"Consume","floor":14},{"not_picked":["Rainbow","Hyperbeam"],"picked":"Electrodynamics","floor":16},{"not_picked":["Redo","Skim"],"picked":"Gash+1","floor":18},{"not_picked":["Sweeping Beam+1","Barrage+1"],"picked":"FTL","floor":19},{"not_picked":["Coolheaded+1","Cold Snap","Darkness"],"picked":"SKIP","floor":25},{"not_picked":["Redo","Double Energy+1"],"picked":"Beam Cell","floor":28},{"not_picked":["Darkness","Sweeping Beam"],"picked":"Go for the Eyes","floor":30},{"not_picked":["BootSequence","Scrape"],"picked":"Compile Driver+1","floor":31},{"not_picked":["Sweeping Beam+1","Steam","Genetic Algorithm"],"picked":"SKIP","floor":35},{"not_picked":["Skim+1","Streamline"],"picked":"Turbo+1","floor":37},{"not_picked":["Capacitor+1","Barrage","Streamline+1"],"picked":"SKIP","floor":38},{"not_picked":["Stack+1","Steam"],"picked":"Chill+1","floor":39},{"not_picked":["Multi-Cast","Glacier"],"picked":"Coolheaded+1","floor":41},{"not_picked":["Beam Cell+1","Streamline","Rebound+1","Coolheaded+1"],"picked":"SKIP","floor":44},{"not_picked":["Steam","Blizzard","Ball Lightning"],"picked":"Heatsinks","floor":45},{"not_picked":["Steam","Cold Snap","Compile Driver+1"],"picked":"Conserve Battery+1","floor":46},{"not_picked":["Streamline","Undo","Barrage","Biased Cognition"],"picked":"SKIP","floor":48}],"player_experience":261523,"relics_obtained":[{"floor":6,"key":"Kunai"},{"floor":8,"key":"Omamori"},{"floor":9,"key":"Vajra"},{"floor":26,"key":"Bag of Preparation"},{"floor":28,"key":"Mummified Hand"},{"floor":37,"key":"Bird Faced Urn"},{"floor":41,"key":"Question Card"},{"floor":43,"key":"Meat on the Bone"}],"event_choices":[{"event_name":"Shining Light","player_choice":"Entered Light","floor":2,"damage_taken":0},{"event_name":"Purifier","player_choice":"One Purge","floor":5,"damage_taken":0},{"event_name":"Living Wall","player_choice":"Grow","floor":10,"damage_taken":0},{"event_name":"Scrap Ooze","player_choice":"success","floor":12,"damage_taken":3},{"event_name":"Vampires","player_choice":"Ignored","floor":20,"damage_taken":0},{"event_name":"Upgrade Shrine","player_choice":"Upgraded","floor":21,"damage_taken":0},{"event_name":"Ghosts","player_choice":"Became a Ghost","floor":22,"damage_taken":0},{"event_name":"MindBloom","player_choice":"Fight","floor":37,"damage_taken":0},{"event_name":"SensoryStone","player_choice":"Memory 1","floor":42,"damage_taken":0}],"is_beta":false,"boss_relics":[{"not_picked":["Coffee Dripper","Empty Cage"],"picked":"Fusion Hammer"},{"not_picked":["White Beast Statue","Philosopher\u0027s Stone"],"picked":"Astrolabe"}],"items_purged_floors":[4,24,27,36,47],"is_endless":false,"potions_floor_spawned":[1,8,11,14,18,19,28,37,38,41,45],"ascension_level":0}