{"gold_per_floor":[112,112,127,90,103,103,122,134,161,219,24,24,38,50,50,151,151,168,184,8,21,32,32,52,452,452,551,551,579,579,590,590,590],"floor_reached":33,"playtime":2982,"items_purged":[],"score":261,"play_id":"721ce271-14e3-40f3-90f8-4b6de6566eea","local_time":"20180923201435","is_ascension_mode":false,"campfire_choices":[{"floor":6,"key":"REST"},{"floor":12,"key":"REST"},{"floor":15,"key":"REST"},{"floor":23,"key":"REST"},{"floor":28,"key":"REST"},{"floor":30,"key":"REST"},{"floor":32,"key":"REST"}],"neow_cost":"PERCENT_DAMAGE","seed_source_timestamp":847293840975928,"circlet_count":0,"master_deck":["Strike_B","Strike_B+1","Strike_B","Strike_B","Defend_B","Defend_B","Defend_B","Defend_B","Zap","Dualcast","Consume+1","Cold Snap","Redo","Loop","Ball Lightning+1","Coolheaded","Master of Strategy","Chaos","Gash","Biased Cognition","Auto Shields","Defragment","Panache","Chaos+1","Genetic Algorithm","FTL","Redo+1","Hologram+1","Streamline"],"relics":["Cracked Core","Regal Pillow","Bronze Scales","Nuclear Battery","Old Coin","Kunai","Potion Belt","Whetstone"],"potions_floor_usage":[8,14,21,22,25,33,33],"damage_taken":[{"damage":4,"enemies":"Jaw Worm","floor":1,"turns":4},{"damage":2,"enemies":"2 Louse","floor":3,"turns":3},{"damage":9,"enemies":"Cultist","floor":5,"turns":4},{"damage":21,"enemies":"Lots of Slimes","floor":7,"turns":4},{"damage":0,"enemies":"3 Louse","floor":8,"turns":4},{"damage":21,"enemies":"3 Sentries","floor":10,"turns":5},{"damage":21,"enemies":"Exordium Wildlife","floor":13,"turns":5},{"damage":10,"enemies":"Looter","floor":14,"turns":2},{"damage":41,"enemies":"Slime Boss","floor":16,"turns":10},{"damage":5,"enemies":"3 Byrds","floor":18,"turns":3},{"damage":5,"enemies":"Spheric Guardian","floor":19,"turns":3},{"damage":22,"enemies":"Centurion and Healer","floor":21,"turns":6},{"damage":19,"enemies":"Snake Plant","floor":22,"turns":3},{"damage":0,"enemies":"Chosen and Byrds","floor":24,"turns":4},{"damage":10,"enemies":"Colosseum Slavers","floor":25,"turns":4},{"damage":67,"enemies":"Colosseum Nobs","floor":25,"turns":5},{"damage":39,"enemies":"Book of Stabbing","floor":29,"turns":4},{"damage":11,"enemies":"Centurion and Healer","floor":31,"turns":4},{"damage":85,"enemies":"Automaton","floor":33,"turns":10}],"seed_played":"-7611406774932188548","potions_obtained":[{"floor":1,"key":"Block Potion"},{"floor":3,"key":"Dexterity Potion"},{"floor":8,"key":"Ancient Potion"},{"floor":10,"key":"Strength Potion"},{"floor":10,"key":"Poison Potion"},{"floor":14,"key":"LiquidBronze"},{"floor":18,"key":"Regen Potion"},{"floor":24,"key":"AttackPotion"},{"floor":25,"key":"Fire Potion"}],"is_trial":false,"path_per_floor":["M","?","M","?","M","R","M","M","T","?","$","R","M","M","R","B",null,"M","M","$","M","M","R","M","?","T","?","R","E","R","M","R"],"character_chosen":"DEFECT","items_purchased":["Master of Strategy","Panache"],"campfire_rested":7,"item_purchase_floors":[11,20],"current_hp_per_floor":[61,61,59,59,50,76,55,55,55,34,34,75,54,44,85,44,89,84,79,79,72,53,89,89,12,12,12,53,14,55,44,85,0],"gold":590,"neow_bonus":"TWENTY_PERCENT_HP_BONUS","is_prod":false,"is_daily":false,"chose_seed":false,"campfire_upgraded":0,"win_rate":0.0,"timestamp":1537748075,"path_taken":["M","?","?","?","M","R","M","M","T","?","?","R","M","M","R","BOSS","M","M","$","M","M","R","M","?","T","?","R","E","R","M","R","BOSS"],"build_version":"2018-09-20","purchased_purges":0,"victory":false,"max_hp_per_floor":[89,89,89,89,89,89,89,89,89,89,89,89,89,89,89,89,89,89,89,89,89,89,89,89,89,89,89,89,89,89,89,89,89],"card_choices":[{"not_picked":["Hologram","Rip and Tear"],"picked":"Consume","floor":1},{"not_picked":["Glacier","Consume"],"picked":"Cold Snap","floor":3},{"not_picked":["Compile Driver","Storm"],"picked":"Redo","floor":5},{"not_picked":["Static Discharge","Go for the Eyes"],"picked":"Loop","floor":7},{"not_picked":["Coolheaded","Chaos"],"picked":"Ball Lightning","floor":8},{"not_picked":["Fusion","Steam"],"picked":"Coolheaded","floor":10},{"not_picked":["Aggregate","Stack"],"picked":"Chaos","floor":13},{"not_picked":["Tempest","Leap"],"picked":"Gash","floor":14},{"not_picked":["Creative AI","Rainbow"],"picked":"Biased Cognition","floor":16},{"not_picked":["Go for the Eyes+1","Compile Driver"],"picked":"Auto Shields","floor":18},{"not_picked":["Redo","Darkness"],"picked":"Defragment","floor":19},{"not_picked":["Cold Snap","Go for the Eyes"],"picked":"Chaos+1","floor":21},{"not_picked":["Compile Driver+1","Scrape"],"picked":"Genetic Algorithm","floor":22},{"not_picked":["Steam+1","Stack"],"picked":"FTL","floor":24},{"not_picked":["Leap","All For One"],"picked":"Redo+1","floor":25},{"not_picked":["Seek","Heatsinks"],"picked":"Hologram+1","floor":29},{"not_picked":["Doom and Gloom","Rebound"],"picked":"Streamline","floor":31}],"player_experience":34385,"relics_obtained":[{"floor":9,"key":"Regal Pillow"},{"floor":10,"key":"Bronze Scales"},{"floor":25,"key":"Old Coin"},{"floor":25,"key":"Kunai"},{"floor":26,"key":"Potion Belt"},{"floor":29,"key":"Whetstone"}],"event_choices":[{"event_name":"Living Wall","player_choice":"Grow","floor":2,"damage_taken":0},{"event_name":"World of Goop","player_choice":"Left","floor":4,"damage_taken":0},{"event_name":"Dead Adventurer","player_choice":"Searched \u00271\u0027 times","floor":10,"damage_taken":0},{"event_name":"Colosseum","player_choice":"Fight","floor":25,"damage_taken":0},{"event_name":"Colosseum","player_choice":"Fought Nobs","floor":25,"damage_taken":0},{"event_name":"Nest","player_choice":"Stole From Cult","floor":27,"damage_taken":0}],"is_beta":false,"boss_relics":[{"not_picked":["Ectoplasm","Coffee Dripper"],"picked":"Nuclear Battery"}],"items_purged_floors":[],"is_endless":false,"potions_floor_spawned":[1,3,8,10,10,14,18,19,24,25,25],"killed_by":"Automaton","ascension_level":0}