{"path_per_floor":["M","?","?","M","?","E","R","M","T","E","R","M","E","$","R","B",null,"M","?","M","?","$","E","R","E","T","E","M","$","M","?","R","B",null,"M","M","$","M","$","E","R","M","T","M","E","M","M","E","R","B"],"character_chosen":"THE_SILENT","items_purchased":["Infinite Blades","Accuracy","Accuracy","Accuracy","Blade Dance","Prepared"],"gold_per_floor":[111,286,286,303,303,334,334,352,352,379,379,389,424,276,276,377,377,396,396,382,382,203,228,228,263,263,288,298,169,184,184,184,281,281,294,312,191,208,57,89,89,101,101,120,150,164,175,508,508,508],"floor_reached":51,"campfire_rested":2,"playtime":5337,"current_hp_per_floor":[70,70,70,70,56,34,34,41,41,46,46,46,51,51,51,46,84,74,74,65,65,65,41,66,76,76,67,69,69,77,77,77,79,84,79,81,81,82,82,77,77,72,72,71,73,75,77,79,84,82],"items_purged":["Strike_G","Doubt","Strike_G","Strike_G","Strike_G"],"gold":508,"score":1060,"play_id":"2340b8d9-6236-4341-868b-5dea98d661bd","local_time":"20180414212052","is_prod":false,"is_daily":false,"chose_seed":false,"is_ascension_mode":true,"campfire_upgraded":5,"timestamp":1523708452,"path_taken":["M","?","?","M","?","E","R","M","T","E","R","M","E","$","R","BOSS","M","?","M","?","$","E","R","E","T","E","M","$","M","?","R","BOSS","M","M","$","M","?","E","R","M","T","M","E","M","M","E","R","BOSS"],"build_version":"2018-04-12","seed_source_timestamp":300038181909697,"purchased_purges":5,"victory":true,"master_deck":["Defend_G","Defend_G","Defend_G","Defend_G","Defend_G","Strike_G+1","Survivor+1","Neutralize+1","Outmaneuver+1","Cloak And Dagger+1","Distraction+1","Acrobatics+1","Distraction+1","Tools of the Trade+1","Infinite Blades+1","Venomology+1","Parasite","Escape Plan+1","Slice+1","Accuracy+1","Infinite Blades+1","Backstab+1","Cloak And Dagger+1","Cloak And Dagger+1","Accuracy+1","Cloak And Dagger+1","Envenom+1","Cloak And Dagger+1","Reflex+1","Accuracy+1","Quick Slash+1","Blade Dance+1","Prepared+1","Infinite Blades+1","Cloak And Dagger+1","Cloak And Dagger+1","Blur+1","Outmaneuver+1"],"max_hp_per_floor":[70,70,70,70,70,70,70,70,70,70,70,70,84,84,84,84,84,84,84,84,84,84,84,84,84,84,84,84,84,84,84,84,84,84,84,84,84,84,84,84,84,84,84,84,84,84,84,84,84,84],"relics":["Black Star","Toxic Egg 2","Meat on the Bone","Kunai","Molten Egg 2","Matryoshka","Mango","Ginger","Calling Bell","Gremlin Horn","Juzu Bracelet","Toolbox","Lantern","Pen Nib","Mercury Hourglass","Frozen Egg 2","Blood Vial","Smiling Mask","Unceasing Top","Thread and Needle","Bag of Preparation","Sozu","Snake Skull","Orichalcum","Bag of Marbles","Art of War","Regal Pillow","Oddly Smooth Stone","Old Coin","Torii"],"card_choices":[{"not_picked":["Poisoned Stab","Backflip"],"picked":"Outmaneuver","floor":1},{"not_picked":["Flying Knee","Terror"],"picked":"Cloak And Dagger","floor":4},{"not_picked":["Choke","Masterful Stab"],"picked":"Distraction","floor":6},{"not_picked":["All Out Attack","Deadly Poison"],"picked":"Acrobatics","floor":8},{"not_picked":["PiercingWail","Blur"],"picked":"Distraction","floor":10},{"not_picked":["Reflex","Leg Sweep"],"picked":"Tools of the Trade","floor":13},{"not_picked":["Tactician","Unload"],"picked":"Venomology","floor":16},{"not_picked":["Heel Hook","Eviscerate"],"picked":"Escape Plan","floor":18},{"not_picked":["Predator","Riddle With Holes"],"picked":"Slice","floor":20},{"not_picked":["Reflex","Acrobatics"],"picked":"Infinite Blades","floor":23},{"not_picked":["Dagger Throw","Poisoned Stab"],"picked":"Backstab","floor":25},{"not_picked":["Dagger Throw","Bullet Time"],"picked":"Cloak And Dagger","floor":27},{"not_picked":["Deflect","Bane"],"picked":"Cloak And Dagger","floor":28},{"not_picked":["Sucker Punch","Acrobatics"],"picked":"Cloak And Dagger","floor":30},{"not_picked":["Night Terror","Burst"],"picked":"Envenom","floor":33},{"not_picked":["Prepared","Flying Knee"],"picked":"Cloak And Dagger","floor":35},{"not_picked":["Dagger Spray","Caltrops"],"picked":"Reflex","floor":36},{"not_picked":["Dodge and Roll","Slice"],"picked":"Quick Slash","floor":38},{"not_picked":["Bouncing Flask","Dagger Spray"],"picked":"Infinite Blades","floor":40},{"not_picked":["Backflip","Caltrops"],"picked":"Cloak And Dagger","floor":42},{"not_picked":["Flechettes","Outmaneuver"],"picked":"Cloak And Dagger","floor":44},{"not_picked":["Reflex","Sucker Punch"],"picked":"Blur","floor":47},{"not_picked":["Dodge and Roll","Calculated Gamble"],"picked":"Outmaneuver","floor":48}],"player_experience":53227,"potions_floor_usage":[13,18,23,25,27,27,28,30,33,33,48,50],"damage_taken":[{"damage":0,"enemies":"Jaw Worm","floor":1,"turns":6},{"damage":0,"enemies":"Small Slimes","floor":4,"turns":6},{"damage":22,"enemies":"3 Sentries","floor":6,"turns":13},{"damage":5,"enemies":"2 Louse","floor":8,"turns":3},{"damage":7,"enemies":"Lagavulin","floor":10,"turns":11},{"damage":0,"enemies":"Gremlin Gang","floor":12,"turns":8},{"damage":9,"enemies":"Gremlin Nob","floor":13,"turns":5},{"damage":17,"enemies":"Slime Boss","floor":16,"turns":15},{"damage":10,"enemies":"3 Byrds","floor":18,"turns":8},{"damage":9,"enemies":"2 Thieves","floor":20,"turns":4},{"damage":51,"enemies":"Book of Stabbing","floor":23,"turns":7},{"damage":5,"enemies":"Gremlin Leader","floor":25,"turns":8},{"damage":11,"enemies":"Book of Stabbing","floor":27,"turns":5},{"damage":0,"enemies":"3 Cultists","floor":28,"turns":5},{"damage":0,"enemies":"Snecko","floor":30,"turns":3},{"damage":0,"enemies":"Collector","floor":33,"turns":4},{"damage":5,"enemies":"Orb Walker","floor":35,"turns":3},{"damage":0,"enemies":"3 Shapes","floor":36,"turns":3},{"damage":1,"enemies":"Maw","floor":38,"turns":5},{"damage":7,"enemies":"2 Orb Walkers","floor":40,"turns":4},{"damage":7,"enemies":"Sphere and 2 Shapes","floor":42,"turns":3},{"damage":3,"enemies":"4 Shapes","floor":44,"turns":3},{"damage":0,"enemies":"Nemesis","floor":45,"turns":3},{"damage":0,"enemies":"Maw","floor":46,"turns":4},{"damage":0,"enemies":"Sphere and 2 Shapes","floor":47,"turns":2},{"damage":0,"enemies":"2 Orb Walkers","floor":48,"turns":3},{"damage":2,"enemies":"Awakened One","floor":50,"turns":6}],"event_choices":[{"event_name":"Liars Game","player_choice":"agreed","floor":2,"damage_taken":0},{"event_name":"Living Wall","player_choice":"Forget","floor":3,"damage_taken":0},{"event_name":"Shining Light","player_choice":"Entered Light","floor":5,"damage_taken":0},{"event_name":"Purifier","player_choice":"One Purge","floor":19,"damage_taken":0},{"event_name":"Upgrade Shrine","player_choice":"Upgraded","floor":21,"damage_taken":0},{"event_name":"The Mausoleum","player_choice":"Yes","floor":31,"damage_taken":0}],"boss_relics":[{"not_picked":["Runic Pyramid","Snecko Eye"],"picked":"Calling Bell"},{"not_picked":["Velvet Choker","White Beast Statue"],"picked":"Sozu"}],"potions_floor_spawned":[6,8,18,23,27,33,36,42,44,46],"seed_played":"-4948573290166760400","ascension_level":1,"is_trial":false}