{"gold_per_floor":[119,19,19,30,99,45,45,62,114,114,66,66,77,104,104,206,206,222,305,355,10,22,72,72,1,72,72,82,109,174,192,192,291,291,301,316,326,16,32,66,66,78,78,78,98,109,259,10,10,10],"floor_reached":51,"playtime":4811,"items_purged":["Strike_B","Strike_B","Strike_B"],"score":674,"play_id":"aa17ad2d-8c2f-4e36-9f52-06de1cede5b0","local_time":"20190122131547","is_ascension_mode":false,"campfire_choices":[{"data":"Hologram","floor":7.0,"key":"SMITH"},{"data":"Zap","floor":10.0,"key":"SMITH"},{"data":"Go for the Eyes","floor":12.0,"key":"SMITH"},{"data":"Go for the Eyes","floor":15.0,"key":"SMITH"},{"data":"Electrodynamics","floor":24.0,"key":"SMITH"},{"data":"Defragment","floor":27.0,"key":"SMITH"},{"floor":32.0,"key":"REST"},{"data":"Loop","floor":41.0,"key":"SMITH"},{"data":"Static Discharge","floor":44.0,"key":"SMITH"},{"data":"Strike_B","floor":49,"key":"PURGE"}],"neow_cost":"NONE","seed_source_timestamp":0,"circlet_count":0,"master_deck":["Defend_B","Defend_B","Defend_B","Defend_B","Zap+1","Dualcast","Capacitor","Compile Driver","Leap","Ball Lightning","Cold Snap","Static Discharge+1","Hologram+1","Compile Driver","Go for the Eyes+1","Go for the Eyes+1","Leap","Electrodynamics+1","Conserve Battery+1","Undo","Defragment+1","Sunder","Loop+1","Conserve Battery+1","Cold Snap+1","All For One","Skim+1","Coolheaded+1","Self Repair+1","Rebound+1","Seek+1","Doom and Gloom","Chill+1"],"special_seed":0,"relics":["Cracked Core","SsserpentHead","Omamori","PreservedInsect","Velvet Choker","Red Mask","Smiling Mask","StoneCalendar","Mercury Hourglass","Regal Pillow","Philosopher\u0027s Stone","Toxic Egg 2","Ancient Tea Set","Bottled Tornado","Peace Pipe","Letter Opener"],"potions_floor_usage":[47,50],"damage_taken":[{"damage":0.0,"enemies":"Small Slimes","floor":1.0,"turns":2.0},{"damage":0.0,"enemies":"Cultist","floor":4.0,"turns":4.0},{"damage":2.0,"enemies":"2 Louse","floor":5.0,"turns":3.0},{"damage":3.0,"enemies":"Looter","floor":8.0,"turns":3.0},{"damage":2.0,"enemies":"Large Slime","floor":13.0,"turns":4.0},{"damage":4.0,"enemies":"3 Sentries","floor":14.0,"turns":5.0},{"damage":1.0,"enemies":"Slime Boss","floor":16.0,"turns":9.0},{"damage":10.0,"enemies":"Chosen","floor":18.0,"turns":4.0},{"damage":21.0,"enemies":"Masked Bandits","floor":19.0,"turns":4.0},{"damage":0.0,"enemies":"3 Byrds","floor":22.0,"turns":3.0},{"damage":4.0,"enemies":"Shelled Parasite and Fungi","floor":28.0,"turns":5.0},{"damage":3.0,"enemies":"Book of Stabbing","floor":29.0,"turns":4.0},{"damage":0.0,"enemies":"Centurion and Healer","floor":30.0,"turns":4.0},{"damage":0.0,"enemies":"3 Cultists","floor":31.0,"turns":3.0},{"damage":41.0,"enemies":"Collector","floor":33.0,"turns":8.0},{"damage":2.0,"enemies":"3 Shapes","floor":35.0,"turns":5.0},{"damage":12.0,"enemies":"3 Darklings","floor":36.0,"turns":3.0},{"damage":5.0,"enemies":"4 Shapes","floor":37.0,"turns":4.0},{"damage":7.0,"enemies":"Writhing Mass","floor":39.0,"turns":5.0},{"damage":26.0,"enemies":"Reptomancer","floor":40.0,"turns":5.0},{"damage":17.0,"enemies":"3 Darklings","floor":42.0,"turns":4.0},{"damage":11,"enemies":"Spire Growth","floor":45,"turns":5},{"damage":6,"enemies":"Jaw Worm Horde","floor":46,"turns":3},{"damage":4,"enemies":"Mind Bloom Boss Battle","floor":47,"turns":4},{"damage":52,"enemies":"Time Eater","floor":50,"turns":9}],"seed_played":"3051012511412180776","potions_obtained":[{"floor":4.0,"key":"AttackPotion"},{"floor":5.0,"key":"Block Potion"},{"floor":13.0,"key":"SteroidPotion"},{"floor":18.0,"key":"FearPotion"},{"floor":22.0,"key":"Ancient Potion"},{"floor":31.0,"key":"Energy Potion"},{"floor":36.0,"key":"Poison Potion"},{"floor":37.0,"key":"Fire Potion"},{"floor":45,"key":"LiquidBronze"},{"floor":46,"key":"Regen Potion"}],"is_trial":false,"path_per_floor":["M","$","?","M","M","$","R","M","T","R","$","R","M","E","R","B",null,"M","?","?","$","M","?","R","$","T","R","M","E","M","M","R","B",null,"M","M","M","$","M","E","R","M","T","R","M","M","?","$","R","B",null],"character_chosen":"DEFECT","items_purchased":["Compile Driver","Leap","Static Discharge","Hologram","Go for the Eyes","StoneCalendar","Defragment","Sunder","Toxic Egg 2","Letter Opener"],"campfire_rested":1,"item_purchase_floors":[2,2,6,6,11,21,25,25,38,48],"current_hp_per_floor":[82,82,82,82,80,80,80,77,77,77,77,77,75,71,71,70,82,72,51,51,51,51,51,51,51,51,51,47,44,44,44,82,41,82,80,68,63,63,66,50,50,43,43,43,42,46,57,57,57,15],"gold":10,"neow_bonus":"TEN_PERCENT_HP_BONUS","is_prod":false,"is_daily":false,"chose_seed":false,"campfire_upgraded":8,"win_rate":0,"timestamp":1548180947,"path_taken":["M","$","?","M","?","?","R","M","T","R","?","R","M","E","R","BOSS","M","?","?","$","M","?","R","?","T","R","M","E","?","M","R","BOSS","M","M","M","$","M","E","R","M","T","R","M","M","?","$","R","BOSS"],"build_version":"2019-01-17v2","purchased_purges":3,"victory":true,"max_hp_per_floor":[82,82,82,82,82,82,82,82,82,82,82,82,82,82,82,82,82,82,82,82,82,82,82,82,82,82,82,82,82,82,82,82,82,82,82,82,82,82,82,82,82,82,82,82,82,82,82,82,82,82],"card_choices":[{"not_picked":["Rebound","Steam"],"picked":"Capacitor","floor":1.0},{"not_picked":["Consume","Gash"],"picked":"Ball Lightning","floor":4.0},{"not_picked":["Hello World","Streamline"],"picked":"Cold Snap","floor":5.0},{"not_picked":["Barrage","Static Discharge"],"picked":"Compile Driver","floor":8.0},{"not_picked":["Gash","Redo"],"picked":"Go for the Eyes","floor":13.0},{"not_picked":["Rebound","Go for the Eyes"],"picked":"Leap","floor":14.0},{"not_picked":["Meteor Strike","Thunder Strike"],"picked":"Electrodynamics","floor":16.0},{"not_picked":["Leap","Sunder"],"picked":"Conserve Battery+1","floor":18.0},{"not_picked":["Redo+1","Steam+1"],"picked":"Undo","floor":19.0},{"not_picked":["Hello World","Force Field","Compile Driver"],"picked":"SKIP","floor":22.0},{"not_picked":["Compile Driver","Steam"],"picked":"Loop","floor":28.0},{"not_picked":["Sweeping Beam","Hyperbeam"],"picked":"Conserve Battery+1","floor":29.0},{"not_picked":["Conserve Battery","Redo","Reprogram"],"picked":"SKIP","floor":30.0},{"not_picked":["Recycle","Gash"],"picked":"Cold Snap+1","floor":31.0},{"not_picked":["Hyperbeam","Machine Learning"],"picked":"All For One","floor":33.0},{"not_picked":["Coolheaded","Turbo"],"picked":"Skim+1","floor":35.0},{"not_picked":["Steam","Undo"],"picked":"Coolheaded+1","floor":36.0},{"not_picked":["Sweeping Beam","Ball Lightning"],"picked":"Self Repair+1","floor":37.0},{"not_picked":["Barrage+1","Cold Snap"],"picked":"Rebound+1","floor":39.0},{"not_picked":["Cold Snap","Melter"],"picked":"Seek+1","floor":40.0},{"not_picked":["Cold Snap","Leap+1","Beam Cell"],"picked":"SKIP","floor":42.0},{"not_picked":["Conserve Battery+1","Ball Lightning+1"],"picked":"Doom and Gloom","floor":45},{"not_picked":["Sweeping Beam+1","Self Repair"],"picked":"Chill+1","floor":46}],"player_experience":138224,"relics_obtained":[{"floor":9.0,"key":"Omamori"},{"floor":14.0,"key":"PreservedInsect"},{"floor":19.0,"key":"Red Mask"},{"floor":26.0,"key":"Mercury Hourglass"},{"floor":29.0,"key":"Regal Pillow"},{"floor":40.0,"key":"Ancient Tea Set"},{"floor":43.0,"key":"Bottled Tornado"},{"floor":47,"key":"Peace Pipe"}],"event_choices":[{"damage_healed":0.0,"max_hp_gain":0.0,"max_hp_loss":0.0,"gold_gain":0.0,"event_name":"FaceTrader","player_choice":"Trade","floor":3.0,"gold_loss":0.0,"damage_taken":0.0,"relics_obtained":["SsserpentHead"]},{"damage_healed":0.0,"max_hp_gain":0.0,"max_hp_loss":0.0,"gold_gain":0.0,"event_name":"Masked Bandits","player_choice":"Fought Bandits","floor":19.0,"gold_loss":0.0,"damage_taken":0.0},{"damage_healed":0.0,"max_hp_gain":0.0,"max_hp_loss":0.0,"gold_gain":0.0,"event_name":"The Mausoleum","player_choice":"Opened","floor":20.0,"gold_loss":0.0,"damage_taken":0.0,"relics_obtained":["Smiling Mask"],"cards_obtained":["Writhe"]},{"damage_healed":0.0,"max_hp_gain":0.0,"max_hp_loss":0.0,"gold_gain":0.0,"event_name":"Beggar","player_choice":"Ignored","floor":23.0,"gold_loss":0.0,"damage_taken":0.0},{"damage_healed":0,"gold_gain":0,"player_choice":"Fight","damage_taken":0,"max_hp_gain":0,"max_hp_loss":0,"event_name":"MindBloom","floor":47,"gold_loss":0}],"is_beta":false,"boss_relics":[{"not_picked":["Runic Dome","Pandora\u0027s Box"],"picked":"Velvet Choker"},{"not_picked":["Tiny House","Cursed Key"],"picked":"Philosopher\u0027s Stone"}],"items_purged_floors":[11,21,38],"is_endless":false,"potions_floor_spawned":[4,5,13,18,22,31,36,37,45,46],"ascension_level":0}