{"gold_per_floor":[17,37,37,55,71,71,96,96,119,131,131,151,151,165,165,165],"floor_reached":16,"playtime":1312,"items_purged":[],"score":102,"play_id":"37a885e8-6fd2-408d-afc2-015c8047778f","local_time":"20190121101818","is_ascension_mode":false,"campfire_choices":[{"data":"Wild Strike","floor":6,"key":"SMITH"},{"floor":8,"key":"REST"},{"data":"True Grit","floor":11,"key":"SMITH"},{"data":"Entrench","floor":13,"key":"SMITH"},{"floor":15,"key":"REST"}],"neow_cost":"NO_GOLD","seed_source_timestamp":642311316395393,"circlet_count":0,"master_deck":["Strike_R","Strike_R","Strike_R","Strike_R","Strike_R","Defend_R","Defend_R","Defend_R","Defend_R","Bash","Wild Strike+1","Flame Barrier","Whirlwind","True Grit+1","Entrench+1","Shrug It Off","Reaper"],"relics":["Burning Blood","WingedGreaves","Pen Nib","Blood Vial","Odd Mushroom"],"potions_floor_usage":[12,16],"damage_taken":[{"damage":4,"enemies":"2 Louse","floor":1,"turns":3},{"damage":1,"enemies":"Cultist","floor":2,"turns":3},{"damage":5,"enemies":"Small Slimes","floor":4,"turns":3},{"damage":33,"enemies":"Exordium Wildlife","floor":5,"turns":6},{"damage":35,"enemies":"3 Sentries","floor":7,"turns":9},{"damage":7,"enemies":"Lots of Slimes","floor":10,"turns":4},{"damage":25,"enemies":"The Mushroom Lair","floor":12,"turns":5},{"damage":12,"enemies":"2 Fungi Beasts","floor":14,"turns":3},{"damage":92,"enemies":"Slime Boss","floor":16,"turns":9}],"seed_played":"937933356241061156","potions_obtained":[{"floor":2,"key":"Dexterity Potion"},{"floor":7,"key":"BloodPotion"},{"floor":12,"key":"SmokeBomb"},{"floor":14,"key":"Explosive Potion"}],"is_trial":false,"path_per_floor":["M","M","$","M","M","R","E","R","T","M","R","?","R","M","R","B"],"character_chosen":"IRONCLAD","items_purchased":[],"campfire_rested":2,"item_purchase_floors":[],"current_hp_per_floor":[80,80,80,80,53,53,24,48,48,49,49,40,40,36,60,0],"gold":165,"neow_bonus":"ONE_RARE_RELIC","is_prod":false,"is_daily":false,"chose_seed":false,"campfire_upgraded":3,"win_rate":0,"timestamp":1548083898,"path_taken":["M","M","$","M","M","R","E","R","T","M","R","?","R","M","R","BOSS"],"build_version":"2019-01-17v2","purchased_purges":0,"victory":false,"max_hp_per_floor":[80,80,80,80,80,80,80,80,80,80,80,80,80,80,80,80],"card_choices":[{"not_picked":["Shockwave","Seeing Red"],"picked":"Wild Strike","floor":1},{"not_picked":["Cleave","Perfected Strike"],"picked":"Flame Barrier","floor":2},{"not_picked":["Wild Strike","Warcry"],"picked":"Whirlwind","floor":4},{"not_picked":["Perfected Strike","Infernal Blade","Power Through"],"picked":"SKIP","floor":5},{"not_picked":["Headbutt","Armaments"],"picked":"True Grit","floor":7},{"not_picked":["Rage","Warcry"],"picked":"Entrench","floor":10},{"not_picked":["Thunderclap","Dropkick"],"picked":"Shrug It Off","floor":12},{"not_picked":["Heavy Blade","Corruption"],"picked":"Reaper","floor":14}],"player_experience":108133,"relics_obtained":[{"floor":7,"key":"Pen Nib"},{"floor":9,"key":"Blood Vial"},{"floor":12,"key":"Odd Mushroom"}],"event_choices":[{"damage_healed":0,"gold_gain":0,"player_choice":"Fought Mushrooms","damage_taken":0,"max_hp_gain":0,"max_hp_loss":0,"event_name":"Mushrooms","floor":12,"gold_loss":0}],"is_beta":false,"boss_relics":[],"items_purged_floors":[],"is_endless":false,"potions_floor_spawned":[2,7,12,14],"killed_by":"Slime Boss","ascension_level":0}