{"gold_per_floor":[110,110,123,48,62,62,91,91,142,169,169,180,190,218,218,320,320,320,419,439,439,449,449,477,477,545,580,580,598,126,140,140,243,243,255,271,20,34,54,79,79,91,118,445,53,63,77,77],"floor_reached":48,"playtime":4358,"items_purged":["Strike_B","Strike_B"],"score":684,"play_id":"160cfb95-5af3-4a26-9846-702721485f2c","local_time":"20190128152419","is_ascension_mode":true,"campfire_choices":[{"data":"Go for the Eyes","floor":6,"key":"SMITH"},{"floor":8,"key":"REST"},{"data":"Loop","floor":15,"key":"SMITH"},{"data":"Redo","floor":23,"key":"SMITH"},{"data":"Streamline","floor":25,"key":"SMITH"},{"floor":28,"key":"REST"},{"data":"Seek","floor":32,"key":"SMITH"},{"floor":41,"key":"REST"}],"neow_cost":"NONE","seed_source_timestamp":1262486116567596,"circlet_count":0,"master_deck":["Strike_B","Strike_B+1","Defend_B","Defend_B","Defend_B","Defend_B","Zap","Dualcast","Go for the Eyes+1","Glacier","Core Surge","Leap","Darkness","Electrodynamics+1","Cold Snap+1","Loop+1","Melter","Seek+1","Streamline+1","Redo+1","BootSequence","Darkness","Cold Snap+1","Consume","Electrodynamics","Barricade","Redo+1","Defragment+1","Self Repair","Glacier","Bullet Time","Secret Weapon","Redo+1","Defragment","Conserve Battery+1","PiercingWail+1"],"relics":["Cracked Core","Regal Pillow","Boot","Blood Vial","Bronze Scales","Orichalcum","Philosopher\u0027s Stone","Gremlin Horn","Shuriken","Molten Egg 2","PrismaticShard","Inserter","Whetstone","PreservedInsect","Old Coin","Toxic Egg 2"],"potions_floor_usage":[7,10,16,18,24,27,27,33,39,44,47,48,48,48],"damage_taken":[{"damage":2,"enemies":"2 Louse","floor":1,"turns":4},{"damage":5,"enemies":"Small Slimes","floor":3,"turns":3},{"damage":0,"enemies":"Cultist","floor":5,"turns":3},{"damage":10,"enemies":"Lagavulin","floor":7,"turns":11},{"damage":6,"enemies":"Gremlin Nob","floor":10,"turns":4},{"damage":12,"enemies":"Gremlin Gang","floor":12,"turns":3},{"damage":2,"enemies":"Looter","floor":13,"turns":3},{"damage":9,"enemies":"3 Sentries","floor":14,"turns":4},{"damage":0,"enemies":"Slime Boss","floor":16,"turns":5},{"damage":0,"enemies":"2 Thieves","floor":18,"turns":1},{"damage":0,"enemies":"Spheric Guardian","floor":20,"turns":3},{"damage":8,"enemies":"Cultist and Chosen","floor":22,"turns":3},{"damage":24,"enemies":"Book of Stabbing","floor":24,"turns":4},{"damage":11,"enemies":"Slavers","floor":27,"turns":2},{"damage":0,"enemies":"3 Cultists","floor":29,"turns":3},{"damage":6,"enemies":"Snecko","floor":31,"turns":4},{"damage":61,"enemies":"Automaton","floor":33,"turns":7},{"damage":12,"enemies":"Orb Walker","floor":35,"turns":5},{"damage":2,"enemies":"3 Shapes","floor":36,"turns":3},{"damage":24,"enemies":"Writhing Mass","floor":38,"turns":5},{"damage":15,"enemies":"Spire Growth","floor":39,"turns":7},{"damage":38,"enemies":"Reptomancer","floor":40,"turns":5},{"damage":0,"enemies":"Sphere and 2 Shapes","floor":42,"turns":3},{"damage":42,"enemies":"Giant Head","floor":44,"turns":7},{"damage":29,"enemies":"Maw","floor":46,"turns":9},{"damage":15,"enemies":"Writhing Mass","floor":47,"turns":5},{"damage":27,"enemies":"Reptomancer","floor":48,"turns":2}],"seed_played":"-863330616176584703","potions_obtained":[{"floor":1,"key":"Weak Potion"},{"floor":5,"key":"SmokeBomb"},{"floor":7,"key":"FearPotion"},{"floor":13,"key":"SpeedPotion"},{"floor":14,"key":"AttackPotion"},{"floor":16,"key":"Block Potion"},{"floor":20,"key":"Poison Potion"},{"floor":21,"key":"PowerPotion"},{"floor":21,"key":"Dexterity Potion"},{"floor":21,"key":"Fire Potion"},{"floor":22,"key":"LiquidBronze"},{"floor":29,"key":"FocusPotion"},{"floor":33,"key":"Regen Potion"},{"floor":35,"key":"FearPotion"},{"floor":40,"key":"Energy Potion"},{"floor":42,"key":"PowerPotion"},{"floor":44,"key":"EntropicBrew"}],"is_trial":false,"path_per_floor":["M","?","M","$","M","R","E","R","T","E","?","M","M","E","R","B",null,"M","?","M","?","M","R","E","R","T","E","R","M","$","M","R","B",null,"M","M","$","M","M","E","R","M","T","E","$","M","M","E"],"character_chosen":"DEFECT","items_purchased":["Core Surge","Consume","Electrodynamics","PrismaticShard","Self Repair","Glacier","Toxic Egg 2","Redo+1","Defragment","Conserve Battery+1"],"campfire_rested":3,"item_purchase_floors":[4,30,30,30,37,37,45,45,45,45],"current_hp_per_floor":[80,68,63,63,63,63,53,82,82,76,76,66,66,59,59,61,82,82,82,82,82,74,74,52,52,52,43,82,82,82,76,76,17,82,70,70,70,48,57,28,67,69,69,36,36,16,3,0],"gold":77,"neow_bonus":"TEN_PERCENT_HP_BONUS","is_prod":false,"is_daily":false,"chose_seed":false,"campfire_upgraded":5,"win_rate":0,"timestamp":1548707059,"path_taken":["M","?","M","$","M","R","E","R","T","E","?","M","M","E","R","BOSS","M","?","M","?","?","R","E","R","T","E","R","M","$","M","R","BOSS","M","M","$","M","M","E","R","M","T","E","$","M","M","E"],"build_version":"2019-01-23","purchased_purges":2,"victory":false,"max_hp_per_floor":[82,82,82,82,82,82,82,82,82,82,82,82,82,82,82,82,82,82,82,82,82,82,82,82,82,82,82,82,82,82,82,82,82,82,82,82,82,82,82,82,82,82,82,82,82,82,82,82],"card_choices":[{"not_picked":["Rip and Tear","Scrape"],"picked":"Go for the Eyes","floor":1},{"not_picked":["Streamline","Leap"],"picked":"Glacier","floor":3},{"not_picked":["Beam Cell","BootSequence"],"picked":"Leap","floor":5},{"not_picked":["Redo","Fission"],"picked":"Darkness","floor":7},{"not_picked":["Beam Cell","Coolheaded"],"picked":"Electrodynamics","floor":10},{"not_picked":["Coolheaded","Rebound"],"picked":"Cold Snap","floor":12},{"not_picked":["Reprogram","Cold Snap"],"picked":"Loop","floor":13},{"not_picked":["Reprogram","Force Field"],"picked":"Melter","floor":14},{"not_picked":["Rainbow","All For One"],"picked":"Seek","floor":16},{"not_picked":["Rip and Tear","BootSequence"],"picked":"Streamline","floor":20},{"not_picked":["Steam","Leap"],"picked":"Redo","floor":22},{"not_picked":["Go for the Eyes","Sweeping Beam"],"picked":"BootSequence","floor":24},{"not_picked":["Force Field","Sweeping Beam+1"],"picked":"Darkness","floor":27},{"not_picked":["Double Energy+1","Undo+1"],"picked":"Cold Snap+1","floor":29},{"not_picked":["Streamline+1","Slice+1","Blade Dance"],"picked":"SKIP","floor":31},{"not_picked":["Limit Break","Impervious"],"picked":"Barricade","floor":33},{"not_picked":["Coolheaded","Turbo+1"],"picked":"Redo+1","floor":35},{"not_picked":["Redo+1","Bloodletting+1"],"picked":"Defragment+1","floor":36},{"not_picked":["Accuracy+1","Gash+1","Clothesline+1"],"picked":"SKIP","floor":38},{"not_picked":["Reckless Charge+1","Choke+1","Dagger Throw+1"],"picked":"SKIP","floor":39},{"not_picked":["Sucker Punch+1","Scrape+1","Blind"],"picked":"SKIP","floor":40},{"not_picked":["Bane+1","Redo+1"],"picked":"Bullet Time","floor":42},{"not_picked":["Gash+1","Stack+1"],"picked":"Secret Weapon","floor":44},{"not_picked":["Perfected Strike+1","Gash+1","Reckless Charge+1"],"picked":"SKIP","floor":46},{"not_picked":["Pommel Strike+1","Genetic Algorithm+1"],"picked":"PiercingWail+1","floor":47}],"player_experience":161244,"relics_obtained":[{"floor":7,"key":"Boot"},{"floor":9,"key":"Blood Vial"},{"floor":10,"key":"Bronze Scales"},{"floor":14,"key":"Orichalcum"},{"floor":24,"key":"Gremlin Horn"},{"floor":26,"key":"Shuriken"},{"floor":27,"key":"Molten Egg 2"},{"floor":40,"key":"Whetstone"},{"floor":43,"key":"PreservedInsect"},{"floor":44,"key":"Old Coin"}],"event_choices":[{"damage_healed":0,"gold_gain":0,"player_choice":"Success","damage_taken":12,"relics_obtained":["Regal Pillow"],"max_hp_gain":0,"max_hp_loss":0,"event_name":"Scrap Ooze","floor":2,"gold_loss":0},{"damage_healed":0,"gold_gain":0,"player_choice":"Grow","damage_taken":0,"max_hp_gain":0,"max_hp_loss":0,"event_name":"Living Wall","floor":11,"gold_loss":0,"cards_upgraded":["Electrodynamics"]},{"damage_healed":0,"gold_gain":99,"player_choice":"Stole From Cult","damage_taken":0,"max_hp_gain":0,"max_hp_loss":0,"event_name":"Nest","floor":19,"gold_loss":0},{"damage_healed":0,"gold_gain":0,"player_choice":"Got Potions","damage_taken":0,"max_hp_gain":0,"max_hp_loss":0,"event_name":"Lab","floor":21,"gold_loss":0}],"is_beta":false,"boss_relics":[{"not_picked":["Ectoplasm","Lizard Tail"],"picked":"Philosopher\u0027s Stone"},{"not_picked":["Runic Pyramid","Eternal Feather"],"picked":"Inserter"}],"items_purged_floors":[30,37],"is_endless":false,"potions_floor_spawned":[1,5,7,13,14,16,20,22,29,33,35,40,42,44],"killed_by":"Reptomancer","ascension_level":1}