{"gold_per_floor":[110,285,299,299,318,318,348,348,394,394,414,414,442,453,453,555,555,566,566,491,507,477,506,506,534,534,560,560,75,104,122,122,219,219,230,1229,1229,1241,992,1027,236,261,308,337,337,337,355,404,404,404],"floor_reached":50,"playtime":3295,"items_purged":["Strike_R","Doubt","Normality"],"score":786,"play_id":"b67fb524-82ab-419e-93c4-6a328cee6579","local_time":"20190114223840","is_ascension_mode":true,"campfire_choices":[{"data":"Bloodletting","floor":6,"key":"SMITH"},{"data":"Bash","floor":8,"key":"SMITH"},{"data":"Spot Weakness","floor":10,"key":"SMITH"},{"floor":15,"key":"REST"},{"data":"Rupture","floor":24,"key":"SMITH"},{"floor":32,"key":"REST"},{"data":"Sword Boomerang","floor":46,"key":"SMITH"},{"floor":49,"key":"REST"}],"neow_cost":"NONE","seed_source_timestamp":518110447596877,"circlet_count":0,"master_deck":["Strike_R","Strike_R","Defend_R","Defend_R","Defend_R","Bash+1","Carnage","Spot Weakness+1","Bloodletting+1","Sword Boomerang+1","Uppercut+1","Feed","Reaper","Rupture+1","Heavy Blade+1","Fire Breathing+1","Inflame","Brutality","Blood for Blood","Normality","Combust","Pummel+1","Whirlwind"],"relics":["Burning Blood","Bag of Preparation","Orichalcum","Anchor","Juzu Bracelet","Art of War","Eternal Feather","Pen Nib","Letter Opener","Ornamental Fan","Blood Vial","Ancient Tea Set","Potion Belt","Happy Flower","Empty Cage","Vajra","Centennial Puzzle","Mummified Hand","Membership Card","Bird Faced Urn","Gremlin Horn","Red Skull","Question Card","Ginger"],"potions_floor_usage":[7,13,13,18,23,25,30,30,33,33,42,44,47,50,50,50],"damage_taken":[{"damage":8,"enemies":"Small Slimes","floor":1,"turns":4},{"damage":8,"enemies":"2 Louse","floor":3,"turns":3},{"damage":5,"enemies":"Cultist","floor":5,"turns":4},{"damage":24,"enemies":"Gremlin Nob","floor":7,"turns":4},{"damage":3,"enemies":"Looter","floor":11,"turns":2},{"damage":20,"enemies":"Lagavulin","floor":13,"turns":3},{"damage":10,"enemies":"Lots of Slimes","floor":14,"turns":4},{"damage":44,"enemies":"The Guardian","floor":16,"turns":10},{"damage":11,"enemies":"Chosen","floor":18,"turns":6},{"damage":24,"enemies":"Shell Parasite","floor":21,"turns":6},{"damage":15,"enemies":"Book of Stabbing","floor":23,"turns":3},{"damage":6,"enemies":"Gremlin Leader","floor":25,"turns":5},{"damage":59,"enemies":"Book of Stabbing","floor":27,"turns":5},{"damage":25,"enemies":"Gremlin Leader","floor":30,"turns":5},{"damage":13,"enemies":"Cultist and Chosen","floor":31,"turns":5},{"damage":73,"enemies":"Collector","floor":33,"turns":11},{"damage":13,"enemies":"3 Shapes","floor":35,"turns":5},{"damage":14,"enemies":"Orb Walker","floor":38,"turns":3},{"damage":42,"enemies":"Giant Head","floor":40,"turns":6},{"damage":34,"enemies":"Nemesis","floor":42,"turns":5},{"damage":45,"enemies":"Giant Head","floor":44,"turns":6},{"damage":18,"enemies":"Jaw Worm Horde","floor":47,"turns":3},{"damage":47,"enemies":"2 Orb Walkers","floor":48,"turns":4},{"damage":100,"enemies":"Awakened One","floor":50,"turns":7}],"seed_played":"188121757183145403","potions_obtained":[{"floor":1,"key":"Weak Potion"},{"floor":7,"key":"Fire Potion"},{"floor":11,"key":"Poison Potion"},{"floor":14,"key":"AttackPotion"},{"floor":18,"key":"Energy Potion"},{"floor":22,"key":"FairyPotion"},{"floor":22,"key":"Fire Potion"},{"floor":23,"key":"GamblersBrew"},{"floor":30,"key":"SteroidPotion"},{"floor":31,"key":"PowerPotion"},{"floor":33,"key":"Strength Potion"},{"floor":35,"key":"Swift Potion"},{"floor":42,"key":"Weak Potion"},{"floor":47,"key":"Explosive Potion"},{"floor":48,"key":"AttackPotion"}],"is_trial":false,"path_per_floor":["M","?","M","?","M","R","E","R","T","R","M","?","E","M","R","B",null,"M","?","?","M","?","E","R","E","T","E","?","$","E","M","R","B",null,"M","?","?","M","$","E","$","E","T","E","?","R","M","?","R","B"],"character_chosen":"IRONCLAD","items_purchased":["Inflame","Ancient Tea Set","SkillPotion","Potion Belt","Vajra","Mummified Hand","Membership Card","Bird Faced Urn","Combust","Block Potion"],"campfire_rested":3,"item_purchase_floors":[29,29,29,29,39,41,41,41,41,41],"current_hp_per_floor":[86,86,84,72,73,73,55,55,55,55,58,58,44,40,66,28,88,86,86,86,76,76,67,79,91,91,38,20,20,15,28,68,15,96,96,96,96,88,88,64,64,51,51,43,87,87,77,49,88,0],"gold":404,"neow_bonus":"TEN_PERCENT_HP_BONUS","is_prod":false,"is_daily":false,"chose_seed":false,"campfire_upgraded":5,"win_rate":0,"timestamp":1547523520,"path_taken":["M","?","M","?","M","R","E","R","T","R","M","?","E","M","R","BOSS","M","?","?","M","?","E","R","E","T","E","?","$","E","M","R","BOSS","M","?","?","M","$","E","$","E","T","E","?","R","M","?","R","BOSS"],"build_version":"2019-01-10","purchased_purges":3,"victory":false,"max_hp_per_floor":[88,88,88,88,88,88,88,88,88,88,88,88,88,88,88,88,88,91,91,91,91,91,91,91,91,91,91,96,96,96,96,96,96,96,96,96,96,96,96,96,96,99,99,99,87,87,87,90,90,93],"card_choices":[{"not_picked":["Havoc","Clash"],"picked":"Carnage","floor":1},{"not_picked":["Disarm","Entrench"],"picked":"Spot Weakness","floor":3},{"not_picked":["Sword Boomerang","Clash"],"picked":"Bloodletting","floor":5},{"not_picked":["Corruption","Anger","Power Through"],"picked":"SKIP","floor":7},{"not_picked":["Pommel Strike","Rage"],"picked":"Sword Boomerang","floor":11},{"not_picked":["Body Slam","Heavy Blade"],"picked":"Uppercut","floor":13},{"not_picked":["Rampage","Thunderclap"],"picked":"Feed","floor":14},{"not_picked":["Juggernaut","Double Tap"],"picked":"Reaper","floor":16},{"not_picked":["Infernal Blade","Flame Barrier+1"],"picked":"Rupture","floor":18},{"not_picked":["Thunderclap","Anger"],"picked":"Heavy Blade+1","floor":21},{"not_picked":["Battle Trance","Headbutt","Corruption"],"picked":"SKIP","floor":23},{"not_picked":["Clothesline","Limit Break"],"picked":"Fire Breathing+1","floor":25},{"not_picked":["Perfected Strike","Body Slam","Entrench+1"],"picked":"SKIP","floor":27},{"not_picked":["Rampage","Entrench","Bludgeon"],"picked":"SKIP","floor":30},{"not_picked":["Thunderclap","Wild Strike","Corruption"],"picked":"SKIP","floor":31},{"not_picked":["Barricade","Immolate"],"picked":"Brutality","floor":33},{"not_picked":["Clothesline+1","Rampage"],"picked":"Blood for Blood","floor":35},{"not_picked":["Pommel Strike+1","Clash","Shrug It Off+1"],"picked":"SKIP","floor":38},{"not_picked":["Pommel Strike+1","Immolate","Entrench+1"],"picked":"SKIP","floor":40},{"not_picked":["Dropkick","Body Slam"],"picked":"Pummel+1","floor":42},{"not_picked":["Headbutt","Double Tap","Uppercut"],"picked":"SKIP","floor":44},{"not_picked":["Flex","Havoc","Body Slam+1"],"picked":"Whirlwind","floor":47}],"player_experience":223792,"relics_obtained":[{"floor":7,"key":"Orichalcum"},{"floor":9,"key":"Anchor"},{"floor":13,"key":"Art of War"},{"floor":23,"key":"Pen Nib"},{"floor":25,"key":"Letter Opener"},{"floor":26,"key":"Ornamental Fan"},{"floor":27,"key":"Blood Vial"},{"floor":30,"key":"Happy Flower"},{"floor":40,"key":"Centennial Puzzle"},{"floor":42,"key":"Gremlin Horn"},{"floor":43,"key":"Red Skull"},{"floor":44,"key":"Question Card"},{"floor":48,"key":"Ginger"}],"event_choices":[{"damage_healed":0,"gold_gain":175,"player_choice":"AGREE","damage_taken":0,"max_hp_gain":0,"max_hp_loss":0,"event_name":"Liars Game","floor":2,"gold_loss":0,"cards_obtained":["Doubt"]},{"damage_healed":0,"gold_gain":0,"player_choice":"Success","damage_taken":12,"relics_obtained":["Bag of Preparation"],"max_hp_gain":0,"max_hp_loss":0,"event_name":"Scrap Ooze","floor":4,"gold_loss":0},{"damage_healed":0,"gold_gain":0,"player_choice":"Box","damage_taken":0,"relics_obtained":["Juzu Bracelet"],"max_hp_gain":0,"max_hp_loss":0,"event_name":"Big Fish","floor":12,"gold_loss":0,"cards_obtained":["Regret"]},{"damage_healed":0,"gold_gain":0,"player_choice":"Forge","damage_taken":0,"max_hp_gain":0,"max_hp_loss":0,"event_name":"Accursed Blacksmith","floor":19,"gold_loss":0,"cards_upgraded":["Uppercut"]},{"cards_removed":["Regret"],"damage_healed":0,"gold_gain":0,"player_choice":"Gave Gold","damage_taken":0,"max_hp_gain":0,"max_hp_loss":0,"event_name":"Beggar","floor":20,"gold_loss":75},{"damage_healed":0,"gold_gain":0,"player_choice":"Bought 2 Potions","damage_taken":0,"max_hp_gain":0,"max_hp_loss":0,"event_name":"The Woman in Blue","floor":22,"gold_loss":0},{"damage_healed":0,"gold_gain":0,"player_choice":"Shed Blood","damage_taken":23,"max_hp_gain":5,"max_hp_loss":0,"event_name":"Forgotten Altar","floor":28,"gold_loss":0},{"damage_healed":0,"gold_gain":999,"player_choice":"Gold","damage_taken":0,"max_hp_gain":0,"max_hp_loss":0,"event_name":"MindBloom","floor":36,"gold_loss":0,"cards_obtained":["Normality","Normality"]},{"cards_removed":["Defend_R"],"damage_healed":0,"gold_gain":0,"player_choice":"Removed Skill","damage_taken":0,"max_hp_gain":0,"max_hp_loss":0,"event_name":"Falling","floor":37,"gold_loss":0},{"damage_healed":87,"gold_gain":0,"player_choice":"Heal","damage_taken":0,"max_hp_gain":0,"max_hp_loss":12,"event_name":"The Moai Head","floor":45,"gold_loss":0},{"damage_healed":0,"gold_gain":0,"player_choice":"Fight","damage_taken":0,"max_hp_gain":0,"max_hp_loss":0,"event_name":"Mysterious Sphere","floor":48,"gold_loss":0}],"is_beta":false,"boss_relics":[{"not_picked":["Tiny House","Astrolabe"],"picked":"Eternal Feather"},{"not_picked":["Black Star","Sozu"],"picked":"Empty Cage"}],"items_purged_floors":[29,39,41],"is_endless":false,"potions_floor_spawned":[1,7,11,14,18,23,30,31,33,35,42,47,48],"killed_by":"Awakened One","ascension_level":3}