{"gold_per_floor":[359,378,14,14,14,45,45,58,58,73,73,142,155,166,166,268,268,288,305,318,368,368,368,402,421,421,421,436,436,453,18,18,18],"floor_reached":33,"playtime":1822,"items_purged":["Strike_B"],"score":269,"play_id":"c4079302-2f27-494f-8a43-5b60ade32952","local_time":"20180927181349","is_ascension_mode":false,"campfire_choices":[{"floor":7,"key":"REST"},{"floor":11,"key":"REST"},{"floor":15,"key":"REST"},{"floor":23,"key":"REST"},{"floor":29,"key":"REST"},{"floor":32,"key":"REST"}],"neow_cost":"TEN_PERCENT_HP_LOSS","seed_source_timestamp":1186815206256824,"circlet_count":0,"master_deck":["Strike_B","Strike_B+1","Strike_B+1","Defend_B","Defend_B","Defend_B+1","Defend_B","Zap","Dualcast+1","Streamline","Sweeping Beam","Beam Cell","Melter","Consume","Chaos","Rebound","Meteor Strike","Conserve Battery+1","Melter+1","Hologram+1","White Noise+1","Redo+1"],"relics":["Cracked Core","Anchor","HandDrill","Shuriken","Pen Nib","War Paint","Cursed Key","MutagenicStrength","Girya","Nloth\u0027s Gift","Whetstone","Oddly Smooth Stone"],"potions_floor_usage":[6,13,18,19,33,33],"damage_taken":[{"damage":8,"enemies":"Small Slimes","floor":1,"turns":2},{"damage":12,"enemies":"2 Louse","floor":2,"turns":3},{"damage":26,"enemies":"Lagavulin","floor":6,"turns":5},{"damage":2,"enemies":"Jaw Worm","floor":8,"turns":3},{"damage":3,"enemies":"3 Louse","floor":10,"turns":3},{"damage":3,"enemies":"Blue Slaver","floor":13,"turns":3},{"damage":2,"enemies":"Exordium Thugs","floor":14,"turns":4},{"damage":46,"enemies":"Hexaghost","floor":16,"turns":8},{"damage":25,"enemies":"2 Thieves","floor":18,"turns":3},{"damage":0,"enemies":"Chosen","floor":19,"turns":3},{"damage":15,"enemies":"Snake Plant","floor":20,"turns":4},{"damage":16,"enemies":"Gremlin Leader","floor":24,"turns":7},{"damage":0,"enemies":"Cultist and Chosen","floor":25,"turns":4},{"damage":10,"enemies":"Centurion and Healer","floor":28,"turns":4},{"damage":3,"enemies":"Shelled Parasite and Fungi","floor":30,"turns":3},{"damage":60,"enemies":"Champ","floor":33,"turns":8}],"seed_played":"2895744423506235281","potions_obtained":[{"floor":2,"key":"FearPotion"},{"floor":10,"key":"EssenceOfSteel"},{"floor":13,"key":"Explosive Potion"},{"floor":18,"key":"SkillPotion"},{"floor":28,"key":"Weak Potion"}],"is_trial":false,"path_per_floor":["M","M","$","?","?","E","R","M","T","M","R","T","M","M","R","B",null,"M","M","M","?","?","R","E","M","T","?","M","R","M","$","R"],"character_chosen":"DEFECT","items_purchased":["Anchor","HandDrill","Whetstone","Oddly Smooth Stone","Poison Potion"],"campfire_rested":6,"item_purchase_floors":[3,3,31,31,31],"current_hp_per_floor":[60,48,48,41,41,15,35,33,33,30,50,50,47,45,65,19,68,43,43,28,28,28,48,32,32,32,32,22,42,39,39,59,0],"gold":18,"neow_bonus":"TWO_FIFTY_GOLD","is_prod":false,"is_daily":false,"chose_seed":false,"campfire_upgraded":0,"win_rate":0.0,"timestamp":1538086429,"path_taken":["M","M","$","?","?","E","R","M","T","M","R","?","?","M","R","BOSS","M","M","M","?","?","R","E","M","T","?","?","R","M","$","R","BOSS"],"build_version":"2018-09-20","purchased_purges":1,"victory":false,"max_hp_per_floor":[68,68,68,68,68,68,68,68,68,68,68,68,68,68,68,68,68,68,68,68,68,68,68,68,68,68,68,68,68,68,68,68,68],"card_choices":[{"not_picked":["Hello World","Fusion"],"picked":"Streamline","floor":1},{"not_picked":["Reinforced Body","Rip and Tear"],"picked":"Sweeping Beam","floor":2},{"not_picked":["Sweeping Beam","Double Energy"],"picked":"Beam Cell","floor":6},{"not_picked":["Redo","Scrape"],"picked":"Melter","floor":8},{"not_picked":["Aggregate","Cold Snap"],"picked":"Consume","floor":10},{"not_picked":["Double Energy","Streamline"],"picked":"Chaos","floor":13},{"not_picked":["Streamline","Reprogram"],"picked":"Rebound","floor":14},{"not_picked":["Biased Cognition","Amplify"],"picked":"Meteor Strike","floor":16},{"not_picked":["Capacitor","Heatsinks"],"picked":"Conserve Battery+1","floor":18},{"not_picked":["Stack","Rip and Tear"],"picked":"Melter+1","floor":19},{"not_picked":["Sunder","Steam","Reprogram"],"picked":"SKIP","floor":20},{"not_picked":["Chaos","Beam Cell"],"picked":"Hologram+1","floor":24},{"not_picked":["Consume","Tempest+1","Beam Cell"],"picked":"SKIP","floor":25},{"not_picked":["Blizzard","Amplify"],"picked":"White Noise+1","floor":28},{"not_picked":["Compile Driver","Lockon+1"],"picked":"Redo+1","floor":30}],"player_experience":92560,"relics_obtained":[{"floor":6,"key":"Pen Nib"},{"floor":9,"key":"War Paint"},{"floor":12,"key":"Letter Opener"},{"floor":24,"key":"Girya"}],"event_choices":[{"event_name":"Scrap Ooze","player_choice":"success","floor":4,"damage_taken":7},{"event_name":"Golden Idol","player_choice":"Ignored","floor":5,"damage_taken":0},{"event_name":"The Joust","player_choice":"Bet on Murderer","floor":21,"damage_taken":0},{"event_name":"Drug Dealer","player_choice":"Inject Mutagens","floor":22,"damage_taken":0},{"event_name":"N\u0027loth","player_choice":"Traded a Letter Opener","floor":27,"damage_taken":0}],"is_beta":false,"boss_relics":[{"not_picked":["White Beast Statue","Orrery"],"picked":"Cursed Key"}],"items_purged_floors":[31],"is_endless":false,"potions_floor_spawned":[2,10,13,18,28],"killed_by":"Champ","ascension_level":0}