{"gold_per_floor":[13,27,46,58,78,78,78,78,159,159,169,204,204,220,220,315,315,328,328,243,258,27,62,62,75,75,89,89,109,34,34,34,136,136,151,51,69,86,105,120,149,149,149,149,149,163,178,19,19,19],"floor_reached":51,"playtime":6982,"items_purged":["Defend_G","Defend_G","Corpse Explosion"],"score":814,"play_id":"052e4a84-5e28-4d03-8ab6-557dcce0c4ed","local_time":"20181023003840","is_ascension_mode":true,"campfire_choices":[{"data":"Neutralize","floor":6.0,"key":"SMITH"},{"data":"Cloak And Dagger","floor":8.0,"key":"SMITH"},{"floor":13.0,"key":"REST"},{"data":"Footwork","floor":15.0,"key":"SMITH"},{"data":"Discovery","floor":24.0,"key":"SMITH"},{"data":"Noxious Fumes","floor":28.0,"key":"SMITH"},{"data":"Choke","floor":32.0,"key":"SMITH"},{"floor":42,"key":"REST"},{"floor":44,"key":"REST"},{"data":"Cloak And Dagger","floor":49,"key":"SMITH"}],"neow_cost":"NO_GOLD","seed_source_timestamp":0,"circlet_count":0,"master_deck":["Defend_G","Defend_G","Strike_G+1","Strike_G+1","Survivor","Neutralize+1","Choke+1","All Out Attack","Cloak And Dagger+1","Tools of the Trade","Leg Sweep","Footwork+1","Backstab","Corpse Explosion","Leg Sweep","Dagger Spray+1","Discovery+1","Backflip","Backflip+1","Noxious Fumes+1","A Thousand Cuts","PiercingWail","Dodge and Roll+1","Cloak And Dagger+1","Escape Plan+1","Madness","Madness","Terror","Predator+1","Blur"],"special_seed":0,"relics":["Ring of the Snake","Pantograph","Pocketwatch","Whetstone","HoveringKite","Shuriken","Bronze Scales","Regal Pillow","Singing Bowl","Sozu","Mummified Hand","Prayer Wheel"],"potions_floor_usage":[39],"damage_taken":[{"damage":0.0,"enemies":"2 Louse","floor":1.0,"turns":2.0},{"damage":0.0,"enemies":"Cultist","floor":2.0,"turns":4.0},{"damage":0.0,"enemies":"Small Slimes","floor":3.0,"turns":2.0},{"damage":1.0,"enemies":"2 Fungi Beasts","floor":4.0,"turns":3.0},{"damage":6.0,"enemies":"Lots of Slimes","floor":5.0,"turns":3.0},{"damage":0.0,"enemies":"3 Louse","floor":11.0,"turns":2.0},{"damage":2.0,"enemies":"Gremlin Nob","floor":12.0,"turns":4.0},{"damage":1.0,"enemies":"Large Slime","floor":14.0,"turns":5.0},{"damage":1.0,"enemies":"The Guardian","floor":16.0,"turns":13.0},{"damage":9.0,"enemies":"Shell Parasite","floor":18.0,"turns":7.0},{"damage":6.0,"enemies":"Spheric Guardian","floor":21.0,"turns":6.0},{"damage":3.0,"enemies":"Slavers","floor":23.0,"turns":3.0},{"damage":0.0,"enemies":"3 Cultists","floor":25.0,"turns":2.0},{"damage":2.0,"enemies":"Cultist and Chosen","floor":27.0,"turns":4.0},{"damage":18.0,"enemies":"Sentry and Sphere","floor":29.0,"turns":3.0},{"damage":5.0,"enemies":"Automaton","floor":33.0,"turns":10.0},{"damage":3.0,"enemies":"3 Shapes","floor":35.0,"turns":5.0},{"damage":9.0,"enemies":"Orb Walker","floor":37.0,"turns":4.0},{"damage":10.0,"enemies":"Sphere and 2 Shapes","floor":38.0,"turns":4.0},{"damage":23,"enemies":"Transient","floor":39,"turns":5},{"damage":0,"enemies":"3 Darklings","floor":40,"turns":2},{"damage":28,"enemies":"Giant Head","floor":41,"turns":8},{"damage":8,"enemies":"Maw","floor":46,"turns":8},{"damage":0,"enemies":"4 Shapes","floor":47,"turns":4},{"damage":70,"enemies":"Awakened One","floor":50,"turns":13}],"seed_played":"8603268989301674471","potions_obtained":[{"floor":2.0,"key":"Strength Potion"},{"floor":3.0,"key":"EssenceOfSteel"},{"floor":5.0,"key":"SkillPotion"},{"floor":11.0,"key":"Block Potion"},{"floor":16.0,"key":"SmokeBomb"},{"floor":21.0,"key":"GhostInAJar"},{"floor":25.0,"key":"Fire Potion"},{"floor":29.0,"key":"GhostInAJar"}],"is_trial":false,"path_per_floor":["M","M","M","M","M","R","?","R","T","?","M","E","R","M","R","B",null,"M","?","?","M","$","E","R","M","T","M","R","M","$","?","R","B",null,"M","$","M","M","M","M","E","R","T","R","?","M","M","$","R","B"],"character_chosen":"THE_SILENT","items_purchased":["Bronze Scales","Discovery","Blur"],"campfire_rested":3,"item_purchase_floors":[22,22,48],"current_hp_per_floor":[70,70,70,69,63,63,56,56,56,44,44,42,63,62,62,69,70,61,61,61,55,55,52,52,52,52,50,50,34,34,58,58,67,72,69,69,62,54,31,31,3,40,40,76,66,60,62,62,62,10],"gold":19,"neow_bonus":"TRANSFORM_TWO_CARDS","is_prod":false,"is_daily":false,"chose_seed":false,"campfire_upgraded":7,"win_rate":0,"timestamp":1540269520,"path_taken":["M","M","M","M","M","R","?","R","T","?","M","E","R","M","R","BOSS","M","?","?","M","$","E","R","M","T","?","R","M","$","?","R","BOSS","M","$","M","M","?","M","E","R","T","R","?","M","?","$","R","BOSS"],"build_version":"2018-10-18","purchased_purges":3,"victory":true,"max_hp_per_floor":[70,70,70,70,70,70,70,70,70,70,70,70,70,70,70,70,70,70,70,70,70,70,70,70,70,70,70,70,72,72,72,72,72,72,72,72,74,76,76,76,76,76,76,76,76,78,80,80,80,80],"card_choices":[{"not_picked":["Deadly Poison","Poisoned Stab"],"picked":"Cloak And Dagger","floor":1.0},{"not_picked":["Unload","Prepared","Deadly Poison"],"picked":"SKIP","floor":2.0},{"not_picked":["Poisoned Stab","Dagger Throw"],"picked":"Tools of the Trade","floor":3.0},{"not_picked":["Deflect","Acrobatics","Bane"],"picked":"SKIP","floor":4.0},{"not_picked":["Distraction","Prepared","Poisoned Stab"],"picked":"SKIP","floor":5.0},{"not_picked":["Sucker Punch","Bane"],"picked":"Leg Sweep","floor":11.0},{"not_picked":["Escape Plan","Dagger Spray"],"picked":"Footwork","floor":12.0},{"not_picked":["Deadly Poison","Tools of the Trade"],"picked":"Backstab","floor":14.0},{"not_picked":["Storm of Steel","Glass Knife"],"picked":"Corpse Explosion","floor":16.0},{"not_picked":["Dagger Spray","Caltrops","Riddle With Holes"],"picked":"SKIP","floor":18.0},{"not_picked":["Eviscerate","Acrobatics"],"picked":"Dagger Spray+1","floor":21.0},{"not_picked":["Storm of Steel","Catalyst+1"],"picked":"Backflip","floor":23.0},{"not_picked":["Deflect","Expertise"],"picked":"Backflip+1","floor":25.0},{"not_picked":["Acrobatics+1","Heel Hook"],"picked":"Noxious Fumes","floor":27.0},{"not_picked":["Acrobatics+1","Backstab","Sucker Punch+1"],"picked":"Singing Bowl","floor":29.0},{"not_picked":["Doppelganger","Phantasmal Killer"],"picked":"A Thousand Cuts","floor":33.0},{"not_picked":["Dagger Spray","Infinite Blades+1"],"picked":"PiercingWail","floor":35.0},{"not_picked":["Acrobatics","PiercingWail","Finisher+1"],"picked":"Singing Bowl","floor":37.0},{"not_picked":["Poisoned Stab","Flying Knee","Riddle With Holes"],"picked":"Singing Bowl","floor":38},{"not_picked":["Backstab","Prepared+1"],"picked":"Dodge and Roll+1","floor":39},{"not_picked":["Bane","Acrobatics"],"picked":"Cloak And Dagger","floor":40},{"not_picked":["Slice","Quick Slash"],"picked":"Escape Plan+1","floor":41},{"not_picked":["Deflect+1","PiercingWail","Finisher"],"picked":"Singing Bowl","floor":46},{"not_picked":["Crippling Poison","Well Laid Plans"],"picked":"Terror","floor":46},{"not_picked":["Outmaneuver+1","All Out Attack+1"],"picked":"Predator+1","floor":47},{"not_picked":["Dagger Spray+1","Quick Slash+1","Skewer+1"],"picked":"Singing Bowl","floor":47}],"player_experience":364600,"relics_obtained":[{"floor":9.0,"key":"Pantograph"},{"floor":12.0,"key":"Whetstone"},{"floor":23.0,"key":"Regal Pillow"},{"floor":26.0,"key":"Singing Bowl"},{"floor":41,"key":"Mummified Hand"},{"floor":43,"key":"Prayer Wheel"}],"event_choices":[{"damage_healed":0.0,"max_hp_gain":0.0,"max_hp_loss":0.0,"gold_gain":0.0,"event_name":"Wheel of Change","player_choice":"Damaged","floor":7.0,"gold_loss":0.0,"damage_taken":7.0},{"damage_healed":0.0,"max_hp_gain":0.0,"max_hp_loss":0.0,"gold_gain":0.0,"event_name":"Scrap Ooze","player_choice":"Success","floor":10.0,"gold_loss":0.0,"damage_taken":12.0,"relics_obtained":["Pocketwatch"]},{"damage_healed":0.0,"max_hp_gain":0.0,"max_hp_loss":0.0,"gold_gain":0.0,"cards_transformed":["Strike_G","Defend_G"],"event_name":"Drug Dealer","player_choice":"Became Test Subject","floor":19.0,"gold_loss":0.0,"damage_taken":0.0,"cards_obtained":["Corpse Explosion","Leg Sweep"]},{"damage_healed":0.0,"max_hp_gain":0.0,"max_hp_loss":0.0,"gold_gain":0.0,"event_name":"Addict","player_choice":"Obtained Relic","floor":20.0,"gold_loss":85.0,"damage_taken":0.0,"relics_obtained":["Shuriken"]},{"damage_healed":24.0,"max_hp_gain":0.0,"max_hp_loss":0.0,"gold_gain":0.0,"event_name":"The Library","player_choice":"Heal","floor":31.0,"gold_loss":0.0,"damage_taken":0.0},{"damage_healed":0,"gold_gain":0,"player_choice":"Embrace Madness","damage_taken":10,"max_hp_gain":0,"max_hp_loss":0,"event_name":"Winding Halls","floor":45,"gold_loss":0,"cards_obtained":["Madness","Madness"]}],"is_beta":false,"boss_relics":[{"not_picked":["Philosopher\u0027s Stone","Tiny House"],"picked":"HoveringKite"},{"not_picked":["White Beast Statue","Ring of the Serpent"],"picked":"Sozu"}],"items_purged_floors":[30,36,48],"is_endless":false,"potions_floor_spawned":[2,3,5,11,16,21,25,29,37,38,39,46],"ascension_level":4}