{"path_per_floor":["M","$","M","M","?","E","R","M","T","R","M","M","R","?","R","B",null,"M","?","M","$","M"],"character_chosen":"DEFECT","items_purchased":["Loop","Static Discharge"],"gold_per_floor":[111,42,57,68,68,96,96,114,114,114,124,139,139,139,139,241,241,254,254,273,120,133,133],"floor_reached":23,"campfire_rested":1,"playtime":1309,"item_purchase_floors":[2,21],"current_hp_per_floor":[67,67,66,65,58,17,17,17,17,17,9,5,5,5,28,9,78,60,60,36,36,36,0],"items_purged":["Strike_B"],"gold":133,"score":193,"play_id":"a8cf8af9-f960-4c0e-a93d-8f3f2299ab27","local_time":"20180601115213","is_prod":false,"is_daily":false,"chose_seed":false,"is_ascension_mode":false,"campfire_upgraded":3,"win_rate":0,"timestamp":1527821533,"campfire_choices":[{"data":"Loop","floor":7,"key":"SMITH"},{"data":"Zap","floor":10,"key":"SMITH"},{"data":"Dualcast","floor":13,"key":"SMITH"},{"floor":15,"key":"REST"}],"path_taken":["M","$","M","M","?","E","R","M","T","R","?","M","R","?","R","BOSS","M","?","M","$","M","E"],"build_version":"2018-05-30v2","seed_source_timestamp":6684352869387,"purchased_purges":1,"victory":false,"master_deck":["Strike_B","Defend_B","Defend_B","Defend_B","Zap+1","Dualcast+1","Auto Shields","Loop+1","BootSequence","Turbo","Ball Lightning","Aggregate","Cold Snap","Redo+1","Electrodynamics+1","Beam Cell+1","Rebound+1","Static Discharge","Redo+1"],"max_hp_per_floor":[68,68,68,68,68,78,78,78,78,78,78,78,78,78,78,78,78,78,78,78,78,78,78],"relics":["Cracked Core","Pear","Matryoshka","Snecko Eye"],"card_choices":[{"not_picked":["Leap","Compile Driver"],"picked":"Auto Shields","floor":1},{"not_picked":["Conserve Battery","Hello World"],"picked":"BootSequence","floor":3},{"not_picked":["Rip and Tear","Auto Shields"],"picked":"Turbo","floor":4},{"not_picked":["Cold Snap","Rebound"],"picked":"Ball Lightning","floor":6},{"not_picked":["Sweeping Beam","Leap"],"picked":"Aggregate","floor":8},{"not_picked":["Multi-Cast","Rebound"],"picked":"Cold Snap","floor":11},{"not_picked":["Steam Power","Gash"],"picked":"Redo","floor":12},{"not_picked":["Hyperbeam","Multi-Cast"],"picked":"Electrodynamics","floor":16},{"not_picked":["Redo","Recycle"],"picked":"Beam Cell+1","floor":18},{"not_picked":["Go for the Eyes","Sweeping Beam"],"picked":"Rebound+1","floor":20},{"not_picked":["Steam+1","Turbo"],"picked":"Redo+1","floor":22}],"player_experience":221322,"potions_floor_usage":[6,22],"damage_taken":[{"damage":1,"enemies":"Jaw Worm","floor":1,"turns":3},{"damage":1,"enemies":"2 Louse","floor":3,"turns":3},{"damage":1,"enemies":"Cultist","floor":4,"turns":3},{"damage":51,"enemies":"Gremlin Nob","floor":6,"turns":5},{"damage":0,"enemies":"2 Fungi Beasts","floor":8,"turns":3},{"damage":8,"enemies":"Red Slaver","floor":11,"turns":3},{"damage":4,"enemies":"Exordium Wildlife","floor":12,"turns":4},{"damage":19,"enemies":"The Guardian","floor":16,"turns":11},{"damage":18,"enemies":"2 Thieves","floor":18,"turns":3},{"damage":24,"enemies":"Shell Parasite","floor":20,"turns":5},{"damage":0,"enemies":"Sentry and Sphere","floor":22,"turns":3},{"damage":37,"enemies":"Book of Stabbing","floor":23,"turns":4}],"relics_obtained":[{"floor":6,"key":"Pear"},{"floor":9,"key":"Matryoshka"}],"event_choices":[{"event_name":"Golden Wing","player_choice":"Card Removal","floor":5,"damage_taken":0},{"event_name":"Living Wall","player_choice":"Grow","floor":14,"damage_taken":0},{"event_name":"Upgrade Shrine","player_choice":"Upgraded","floor":19,"damage_taken":0}],"boss_relics":[{"not_picked":["Tiny House","Runic Pyramid"],"picked":"Snecko Eye"}],"items_purged_floors":[21],"potions_floor_spawned":[3,12,16,22],"seed_played":"7172419645315988967","killed_by":"Book of Stabbing","ascension_level":0,"potions_obtained":[{"floor":3,"key":"Swift Potion"},{"floor":12,"key":"Explosive Potion"},{"floor":16,"key":"Energy Potion"},{"floor":22,"key":"AttackPotion"}],"is_trial":false}