{"path_per_floor":["M","M","?","$","?","R","E","R","T","R","?","M","?","M","R"],"character_chosen":"DEFECT","items_purchased":[],"gold_per_floor":[116,128,78,3,3,3,32,32,83,83,183,196,196,214,214,214],"floor_reached":16,"campfire_rested":1,"playtime":656,"item_purchase_floors":[],"current_hp_per_floor":[68,68,68,68,56,56,24,24,24,24,24,23,16,11,31,0],"items_purged":["Strike_B"],"gold":214,"score":98,"play_id":"01aeb7ae-d309-40d0-9631-7fc59bad74f4","local_time":"20180618175044","is_prod":false,"is_daily":false,"chose_seed":false,"is_ascension_mode":false,"campfire_upgraded":3,"win_rate":0,"timestamp":1529311844,"campfire_choices":[{"data":"Consume","floor":6,"key":"SMITH"},{"data":"Dualcast","floor":8,"key":"SMITH"},{"data":"Zap","floor":10,"key":"SMITH"},{"floor":15,"key":"REST"}],"path_taken":["M","M","?","$","?","R","E","R","T","R","?","M","?","M","R","BOSS"],"build_version":"2018-06-14v2","seed_source_timestamp":68361431562231,"purchased_purges":1,"victory":false,"master_deck":["Strike_B","Defend_B","Defend_B","Defend_B","Defend_B","Zap+1","Dualcast+1","Seek","Consume+1","Compile Driver","White Noise","White Noise","Coolheaded"],"max_hp_per_floor":[68,68,68,68,68,68,68,68,68,68,68,68,68,68,68,68],"relics":["Cracked Core","Turnip","Gambling Chip","Juzu Bracelet"],"card_choices":[{"not_picked":["Core Surge","Rainbow"],"picked":"Seek","floor":0},{"not_picked":["Sweeping Beam","Streamline"],"picked":"Consume","floor":1},{"not_picked":["Streamline","Leap"],"picked":"Compile Driver","floor":2},{"not_picked":["Darkness","Coolheaded"],"picked":"White Noise","floor":7},{"not_picked":["Cold Snap","Force Field"],"picked":"White Noise","floor":12},{"not_picked":["Steam","Beam Cell"],"picked":"Coolheaded","floor":14}],"player_experience":253685,"potions_floor_usage":[],"damage_taken":[{"damage":0,"enemies":"2 Louse","floor":1,"turns":2},{"damage":0,"enemies":"Small Slimes","floor":2,"turns":3},{"damage":32,"enemies":"3 Sentries","floor":7,"turns":6},{"damage":1,"enemies":"Jaw Worm","floor":12,"turns":3},{"damage":12,"enemies":"Large Slime","floor":14,"turns":5},{"damage":40,"enemies":"Slime Boss","floor":16,"turns":7}],"relics_obtained":[{"floor":7,"key":"Gambling Chip"},{"floor":9,"key":"Juzu Bracelet"}],"event_choices":[{"event_name":"The Cleric","player_choice":"Card Removal","floor":3,"damage_taken":0},{"event_name":"Scrap Ooze","player_choice":"success","floor":5,"damage_taken":12},{"event_name":"Golden Shrine","player_choice":"Pray","floor":11,"damage_taken":0},{"event_name":"Golden Wing","player_choice":"Card Removal","floor":13,"damage_taken":0}],"boss_relics":[],"items_purged_floors":[4],"is_endless":true,"potions_floor_spawned":[12],"seed_played":"-3132233437818735082","killed_by":"Slime Boss","ascension_level":0,"potions_obtained":[{"floor":12,"key":"Regen Potion"}],"is_trial":false}