{"gold_per_floor":[113,113,113,38,57,57,95,95,174,195,195,231,181,200,200,331,331,356,356,101,114,114,114,157,157,180,205,205,205,228,60,60,185,185,204,268,41,41,57,57,72,86,156,6,20,33,53,76,76,76],"floor_reached":51,"playtime":4155,"items_purged":["Calculated Gamble","Writhe","Dagger Throw","Clumsy"],"score":802,"play_id":"954cca6c-f6e7-4006-a8c8-4ce5a4c9428b","local_time":"20180703230402","daily_mods":["Draft"],"is_ascension_mode":false,"campfire_choices":[{"data":"Choke","floor":6.0,"key":"SMITH"},{"data":"Reflex","floor":8.0,"key":"SMITH"},{"data":"Cloak And Dagger","floor":11.0,"key":"SMITH"},{"floor":15.0,"key":"REST"},{"data":"Adrenaline","floor":23.0,"key":"SMITH"},{"data":"Apotheosis","floor":25.0,"key":"SMITH"},{"data":"Accuracy","floor":32.0,"key":"SMITH"},{"data":"Accuracy","floor":40,"key":"SMITH"},{"data":"Infinite Blades","floor":49,"key":"SMITH"}],"neow_cost":"","seed_source_timestamp":0,"circlet_count":0,"master_deck":["Infinite Blades+1","Infinite Blades","PiercingWail","Deflect","Prepared","Dagger Spray","PiercingWail","Prepared","Deflect","Calculated Gamble","Flying Knee","Outmaneuver","Choke+1","Reflex+1","Dagger Spray","Cloak And Dagger+1","Phantasmal Killer","Acrobatics","Adrenaline+1","Deflect+1","Ghostly","Ghostly","Ghostly","Ghostly","Ghostly","Apotheosis+1","Well Laid Plans","Cloak And Dagger","Caltrops","Wraith Form v2","Dagger Spray","Accuracy+1","Wraith Form v2","Flying Knee","Deflect","Wraith Form v2","Flying Knee","Dodge and Roll+1","Flying Knee","After Image+1","Backflip","Accuracy+1","Venomology","Tactician"],"special_seed":0,"relics":["Ring of the Snake","Golden Idol","Bag of Preparation","Paper Crane","Ice Cream","Cursed Key","Du-Vu Doll","Omamori","Enchiridion","Girya","Orrery","Gambling Chip","Mercury Hourglass"],"potions_floor_usage":[50],"damage_taken":[{"damage":0.0,"enemies":"2 Louse","floor":1.0,"turns":2.0},{"damage":6.0,"enemies":"Cultist","floor":5.0,"turns":3.0},{"damage":12.0,"enemies":"Lagavulin","floor":7.0,"turns":4.0},{"damage":3.0,"enemies":"Jaw Worm","floor":10.0,"turns":3.0},{"damage":2.0,"enemies":"3 Sentries","floor":12.0,"turns":4.0},{"damage":5.0,"enemies":"Exordium Wildlife","floor":14.0,"turns":4.0},{"damage":52.0,"enemies":"The Guardian","floor":16.0,"turns":9.0},{"damage":4.0,"enemies":"2 Thieves","floor":18.0,"turns":3.0},{"damage":5.0,"enemies":"3 Byrds","floor":21.0,"turns":4.0},{"damage":0.0,"enemies":"Gremlin Leader","floor":24.0,"turns":6.0},{"damage":1.0,"enemies":"Centurion and Healer","floor":27.0,"turns":6.0},{"damage":0.0,"enemies":"Sentry and Sphere","floor":30.0,"turns":4.0},{"damage":4.0,"enemies":"Collector","floor":33.0,"turns":7.0},{"damage":0,"enemies":"3 Darklings","floor":35,"turns":5},{"damage":1,"floor":36,"turns":5},{"damage":3,"enemies":"Flame Bruiser 1 Orb","floor":39,"turns":6},{"damage":4,"enemies":"4 Shapes","floor":41,"turns":6},{"damage":0,"enemies":"Transient","floor":42,"turns":5},{"damage":0,"enemies":"Spire Growth","floor":45,"turns":6},{"damage":0,"enemies":"Flame Bruiser 2 Orb","floor":46,"turns":6},{"damage":0,"enemies":"Transient","floor":47,"turns":5},{"damage":0,"enemies":"4 Shapes","floor":48,"turns":6},{"damage":0,"enemies":"Awakened One","floor":50,"turns":11}],"seed_played":"-6328696716736469145","potions_obtained":[{"floor":1.0,"key":"Fire Potion"},{"floor":7.0,"key":"SteroidPotion"},{"floor":10.0,"key":"FairyPotion"},{"floor":14.0,"key":"SkillPotion"},{"floor":21.0,"key":"Regen Potion"},{"floor":22.0,"key":"Dexterity Potion"},{"floor":22.0,"key":"PowerPotion"},{"floor":27.0,"key":"Fire Potion"},{"floor":45,"key":"GhostInAJar"}],"is_trial":true,"path_per_floor":["M","?","?","$","M","R","E","R","T","M","R","E","?","M","R","B",null,"M","?","$","M","?","R","E","R","T","M","?","?","M","$","R","B",null,"M","?","$","?","M","R","M","M","T","$","M","M","M","M","R","B"],"character_chosen":"THE_SILENT","items_purchased":["Apotheosis","Well Laid Plans","Accuracy","Backflip","GhostInAJar"],"campfire_rested":1,"item_purchase_floors":[],"current_hp_per_floor":[70,70,53,53,47,47,35,35,35,32,32,30,30,25,46,7,70,66,35,35,30,30,30,30,30,30,29,13,13,13,13,13,9,35,35,34,34,34,31,31,27,27,27,27,27,27,27,27,27,27],"gold":76,"neow_bonus":"","is_prod":false,"is_daily":false,"chose_seed":false,"campfire_upgraded":8,"win_rate":0,"timestamp":1530626642,"path_taken":["M","?","?","$","M","R","E","R","T","?","R","E","?","M","R","BOSS","M","?","$","M","?","R","E","R","T","M","?","?","M","$","R","BOSS","M","?","$","?","M","R","M","M","T","$","M","M","M","M","R","BOSS"],"build_version":"2018-07-02","purchased_purges":4,"victory":true,"max_hp_per_floor":[70,70,70,70,70,70,70,70,70,70,70,70,70,70,70,70,70,70,35,35,35,35,35,35,35,35,35,35,35,35,35,35,35,35,35,35,35,35,35,35,35,35,35,35,35,35,35,35,35,35],"card_choices":[{"not_picked":["Flechettes","Setup"],"picked":"Infinite Blades","floor":0.0},{"not_picked":["Sucker Punch","Riddle With Holes"],"picked":"Infinite Blades","floor":0.0},{"not_picked":["Flying Knee","Deadly Poison"],"picked":"PiercingWail","floor":0.0},{"not_picked":["Riddle With Holes","Slice"],"picked":"Quick Slash","floor":0.0},{"not_picked":["Finisher","Eviscerate"],"picked":"Deflect","floor":0.0},{"not_picked":["Bane","Deflect"],"picked":"Prepared","floor":0.0},{"not_picked":["Slice","Masterful Stab"],"picked":"Dagger Spray","floor":0.0},{"not_picked":["Prepared","Finisher"],"picked":"Calculated Gamble","floor":0.0},{"not_picked":["Eviscerate","Quick Slash"],"picked":"PiercingWail","floor":0.0},{"not_picked":["Bane","Sucker Punch"],"picked":"Prepared","floor":0.0},{"not_picked":["Dagger Throw","Sucker Punch"],"picked":"Deflect","floor":0.0},{"not_picked":["Poisoned Stab","Endless Agony"],"picked":"Calculated Gamble","floor":0.0},{"not_picked":["Underhanded Strike","Acrobatics"],"picked":"Flying Knee","floor":0.0},{"not_picked":["Quick Slash","Footwork"],"picked":"Outmaneuver","floor":0.0},{"not_picked":["Bane","Predator"],"picked":"Dagger Throw","floor":0.0},{"not_picked":["Slice","Poisoned Stab"],"picked":"Choke","floor":1.0},{"not_picked":["Terror","Prepared"],"picked":"Reflex","floor":5.0},{"not_picked":["PiercingWail","Poisoned Stab"],"picked":"Dagger Spray","floor":7.0},{"not_picked":["PiercingWail","Infinite Blades"],"picked":"Cloak And Dagger","floor":10.0},{"not_picked":["Prepared","Flying Knee"],"picked":"Phantasmal Killer","floor":12.0},{"not_picked":["Underhanded Strike","Slice"],"picked":"Acrobatics","floor":14.0},{"not_picked":["Doppelganger","Phantasmal Killer"],"picked":"Adrenaline","floor":16.0},{"not_picked":["Poisoned Stab","Outmaneuver"],"picked":"Deflect+1","floor":18.0},{"not_picked":["Quick Slash+1","Outmaneuver"],"picked":"Cloak And Dagger","floor":21.0},{"not_picked":["Malaise","Prepared"],"picked":"Caltrops","floor":24.0},{"not_picked":["Eviscerate","Dagger Spray"],"picked":"Wraith Form v2","floor":27.0},{"not_picked":["Deflect","Quick Slash"],"picked":"Dagger Spray","floor":30.0},{"not_picked":["Tools of the Trade","Tactician"],"picked":"Wraith Form v2","floor":33.0},{"not_picked":["Riddle With Holes","Sucker Punch+1"],"picked":"Flying Knee","floor":34},{"not_picked":["Underhanded Strike","Quick Slash"],"picked":"Deflect","floor":34},{"not_picked":["Backflip","Malaise+1"],"picked":"Wraith Form v2","floor":34},{"not_picked":["Underhanded Strike","Eviscerate"],"picked":"Flying Knee","floor":34},{"not_picked":["All Out Attack","Dagger Throw+1"],"picked":"Dodge and Roll+1","floor":34},{"not_picked":["Quick Slash+1","Dodge and Roll+1"],"picked":"Flying Knee","floor":35},{"not_picked":["Underhanded Strike","Deflect"],"picked":"After Image","floor":36},{"not_picked":["Poisoned Stab+1","Bane+1"],"picked":"Accuracy","floor":39},{"not_picked":["Bane","Endless Agony","Slice"],"picked":"SKIP","floor":41},{"not_picked":["Flying Knee","Eviscerate","Deadly Poison"],"picked":"SKIP","floor":42},{"not_picked":["Flying Knee","Poisoned Stab"],"picked":"Venomology","floor":45},{"not_picked":["Bane+1","Backflip"],"picked":"Tactician","floor":46},{"not_picked":["Dagger Throw","Dodge and Roll+1","Bane"],"picked":"SKIP","floor":47},{"not_picked":["Bouncing Flask","All Out Attack","Poisoned Stab"],"picked":"SKIP","floor":48}],"player_experience":266224,"relics_obtained":[{"floor":7.0,"key":"Bag of Preparation"},{"floor":9.0,"key":"Paper Crane"},{"floor":12.0,"key":"Ice Cream"},{"floor":24.0,"key":"Du-Vu Doll"},{"floor":26.0,"key":"Omamori"},{"floor":28.0,"key":"Enchiridion"},{"floor":36,"key":"Gambling Chip"},{"floor":43,"key":"Mercury Hourglass"}],"event_choices":[{"event_name":"Wheel of Change","player_choice":"Full Heal","floor":2.0,"damage_taken":0.0},{"event_name":"Golden Idol","player_choice":"Take Damage","floor":3.0,"damage_taken":0.0},{"event_name":"The Cleric","player_choice":"Card Removal","floor":13.0,"damage_taken":0.0},{"event_name":"Ghosts","player_choice":"Became a Ghost","floor":19.0,"damage_taken":0.0},{"event_name":"The Lab","player_choice":"Got Potions","floor":22.0,"damage_taken":0.0},{"event_name":"Cursed Tome","player_choice":"Obtained Book","floor":28.0,"damage_taken":0.0},{"event_name":"The Mausoleum","player_choice":"Yes","floor":29.0,"damage_taken":0.0},{"event_name":"Mysterious Sphere","player_choice":"Fight","floor":36,"damage_taken":0},{"event_name":"Accursed Blacksmith","player_choice":"Forge","floor":38,"damage_taken":0}],"boss_relics":[{"not_picked":["White Beast Statue","Astrolabe"],"picked":"Cursed Key"},{"not_picked":["Velvet Choker","Calling Bell"],"picked":"Orrery"}],"items_purged_floors":[],"is_endless":false,"potions_floor_spawned":[1,7,10,14,21,27,33,39,45,47],"ascension_level":0}