{"path_per_floor":["M","M","M","?","M","R","M","?","T","?","R","M","$","M","R","B"],"character_chosen":"DEFECT","items_purchased":[],"gold_per_floor":[113,133,146,146,166,166,186,186,211,211,211,230,155,172,172,270,270],"floor_reached":17,"campfire_rested":0,"playtime":987,"item_purchase_floors":[],"current_hp_per_floor":[75,74,74,74,67,67,53,53,53,38,38,38,38,25,25,18,75],"items_purged":["Strike_B"],"gold":270,"score":149,"play_id":"4f448212-9d20-4e39-812c-c7b8a9b6c9ed","local_time":"20180530173438","is_prod":false,"is_daily":false,"chose_seed":false,"is_ascension_mode":false,"campfire_upgraded":3,"win_rate":0,"timestamp":1527669278,"campfire_choices":[{"data":"Blizzard","floor":6.0,"key":"SMITH"},{"data":"Consume","floor":11.0,"key":"SMITH"},{"data":"Dualcast","floor":15.0,"key":"SMITH"}],"path_taken":["M","M","M","?","M","R","?","?","T","?","R","?","$","M","R","BOSS"],"build_version":"2018-05-29","seed_source_timestamp":67763287873638,"purchased_purges":1,"victory":false,"master_deck":["Strike_B","Strike_B","Defend_B","Defend_B","Defend_B","Defend_B","Zap+1","Dualcast+1","Clumsy","Sweeping Beam","Hello World+1","Blizzard+1","Consume+1","Go for the Eyes","Redo","Double Energy","Fission","Doubt","Writhe","Parasite"],"max_hp_per_floor":[75,75,75,75,75,75,75,75,75,75,75,75,75,75,75,75,75],"relics":["Cracked Core","Turnip","Pen Nib","Oddly Smooth Stone","Calling Bell","Singing Bowl","Mercury Hourglass","Unceasing Top"],"card_choices":[{"not_picked":["Genetic Algorithm","Hologram"],"picked":"Sweeping Beam","floor":1.0},{"not_picked":["Beam Cell","Rebound"],"picked":"Hello World","floor":2.0},{"not_picked":["Reinforced Body","Melter"],"picked":"Blizzard","floor":3.0},{"not_picked":["Static Discharge","Capacitor"],"picked":"Consume","floor":5.0},{"not_picked":["Meteor Strike","Fusion"],"picked":"Go for the Eyes","floor":7.0},{"not_picked":["Blizzard","Stack"],"picked":"Redo","floor":12.0},{"not_picked":["Rebound","Beam Cell"],"picked":"Double Energy","floor":14.0},{"not_picked":["Multi-Cast","Biased Cognition"],"picked":"Fission","floor":16.0}],"player_experience":207132,"potions_floor_usage":[],"damage_taken":[{"damage":0.0,"enemies":"2 Louse","floor":1.0,"turns":2.0},{"damage":1.0,"enemies":"Cultist","floor":2.0,"turns":4.0},{"damage":0.0,"enemies":"Small Slimes","floor":3.0,"turns":2.0},{"damage":7.0,"enemies":"Looter","floor":5.0,"turns":4.0},{"damage":14.0,"enemies":"Blue Slaver","floor":7.0,"turns":3.0},{"damage":0.0,"enemies":"Large Slime","floor":12.0,"turns":4.0},{"damage":13.0,"enemies":"2 Fungi Beasts","floor":14.0,"turns":3.0},{"damage":7.0,"enemies":"Slime Boss","floor":16.0,"turns":9.0}],"relics_obtained":[{"floor":9.0,"key":"Oddly Smooth Stone"},{"floor":17,"key":"Singing Bowl"},{"floor":17,"key":"Mercury Hourglass"},{"floor":17,"key":"Unceasing Top"}],"event_choices":[{"event_name":"Purifier","player_choice":"One Purge","floor":4.0,"damage_taken":0.0},{"event_name":"Dead Adventurer","player_choice":"Searched \u00272\u0027 times","floor":8.0,"damage_taken":0.0},{"event_name":"Shining Light","player_choice":"Entered Light","floor":10.0,"damage_taken":0.0}],"boss_relics":[{"not_picked":["Runic Dome","Eternal Feather"],"picked":"Calling Bell"}],"items_purged_floors":[],"potions_floor_spawned":[1,2,14,16],"seed_played":"3472827742594266058","ascension_level":0,"potions_obtained":[{"floor":1.0,"key":"FocusPotion"},{"floor":2.0,"key":"Energy Potion"},{"floor":14.0,"key":"Fire Potion"},{"floor":16.0,"key":"Weak Potion"}],"is_trial":false}