{"gold_per_floor":[113,113,128,128,203,232,232,251,275,290,307,307],"floor_reached":12,"playtime":191,"items_purged":[],"score":168,"play_id":"b426cc63-8107-4008-a327-01875a8fd0eb","local_time":"20181227212928","is_ascension_mode":true,"campfire_choices":[{"data":"Zap","floor":7,"key":"SMITH"}],"neow_cost":"NONE","seed_source_timestamp":13785315828742,"circlet_count":0,"master_deck":["AscendersBane","Strike_B","Strike_B","Strike_B","Strike_B","Defend_B","Defend_B","Defend_B","Defend_B","Zap+1","Dualcast","Streamline+1","Gash","Coolheaded","Cold Snap","Conserve Battery"],"relics":["Cracked Core","NeowsBlessing","Ancient Tea Set","Happy Flower"],"potions_floor_usage":[],"damage_taken":[{"damage":0,"enemies":"Small Slimes","floor":1,"turns":1},{"damage":0,"enemies":"2 Louse","floor":3,"turns":1},{"damage":0,"enemies":"Lagavulin","floor":6,"turns":1},{"damage":1,"enemies":"Cultist","floor":8,"turns":3},{"damage":8,"enemies":"Looter","floor":10,"turns":3},{"damage":17,"enemies":"Exordium Wildlife","floor":11,"turns":4},{"damage":16,"enemies":"Large Slime","floor":12,"turns":2}],"seed_played":"-5200800941459554162","potions_obtained":[{"floor":6,"key":"FairyPotion"},{"floor":8,"key":"SkillPotion"},{"floor":10,"key":"EssenceOfSteel"}],"is_trial":false,"path_per_floor":["M","?","M","$","?","E","R","M","T","M","M","M"],"character_chosen":"DEFECT","items_purchased":[],"campfire_rested":0,"item_purchase_floors":[],"current_hp_per_floor":[68,68,68,68,57,57,57,56,56,48,31,15],"gold":307,"neow_bonus":"THREE_ENEMY_KILL","is_prod":false,"is_daily":false,"chose_seed":false,"campfire_upgraded":1,"win_rate":0,"timestamp":1545964168,"path_taken":["M","?","M","$","?","E","R","M","T","M","M","M"],"build_version":"2018-12-20","purchased_purges":0,"victory":false,"max_hp_per_floor":[75,75,75,75,75,75,75,75,75,75,75,75],"card_choices":[{"not_picked":["Stack","Self Repair"],"picked":"Streamline","floor":1},{"not_picked":["Go for the Eyes","Redo"],"picked":"Gash","floor":3},{"not_picked":["Leap","Redo","Blizzard"],"picked":"SKIP","floor":6},{"not_picked":["Conserve Battery","Doom and Gloom"],"picked":"Coolheaded","floor":8},{"not_picked":["Capacitor","Hologram"],"picked":"Cold Snap","floor":10},{"not_picked":["Cold Snap","Consume"],"picked":"Conserve Battery","floor":11}],"player_experience":415474,"relics_obtained":[{"floor":6,"key":"Ancient Tea Set"},{"floor":9,"key":"Happy Flower"}],"event_choices":[{"damage_healed":0,"gold_gain":0,"player_choice":"Grow","damage_taken":0,"max_hp_gain":0,"max_hp_loss":0,"event_name":"Living Wall","floor":2,"gold_loss":0,"cards_upgraded":["Streamline"]},{"damage_healed":0,"gold_gain":75,"player_choice":"Gather Gold","damage_taken":11,"max_hp_gain":0,"max_hp_loss":0,"event_name":"World of Goop","floor":5,"gold_loss":0}],"is_beta":false,"boss_relics":[],"items_purged_floors":[],"is_endless":false,"potions_floor_spawned":[6,8,10],"killed_by":"Large Slime","ascension_level":12}