{"gold_per_floor":[112,128,53,53,53,86,86,107,130,160,60,95,18,32,32,135,135,146,21,31,31,43,43,63,63],"floor_reached":25,"playtime":1111,"items_purged":["Strike_G","Regret","Eviscerate"],"score":209,"play_id":"7eebd32a-5340-48c0-aed6-8307740380d3","local_time":"20181212224600","is_ascension_mode":false,"campfire_choices":[{"data":"Flechettes","floor":7,"key":"SMITH"},{"floor":15,"key":"REST"},{"data":"Catalyst","floor":23,"key":"SMITH"}],"neow_cost":"NONE","seed_source_timestamp":1149904140414160,"circlet_count":0,"master_deck":["Survivor","Neutralize","Flechettes+1","Catalyst+1","Poisoned Stab","Deadly Poison+1","Leg Sweep+1","Setup+1","Night Terror+1","Endless Agony","Dagger Spray","Endless Agony","Footwork+1","Deflect+1","Bouncing Flask+1","Endless Agony","Blade Dance+1","Noxious Fumes+1","Bouncing Flask+1","Noxious Fumes+1"],"relics":["Runic Pyramid","Frozen Egg 2","Toxic Egg 2","Odd Mushroom","Ornamental Fan","Happy Flower","Pandora\u0027s Box"],"potions_floor_usage":[6,12,25],"damage_taken":[{"damage":1,"enemies":"Cultist","floor":1,"turns":4},{"damage":2,"enemies":"Small Slimes","floor":2,"turns":3},{"damage":32,"enemies":"Gremlin Nob","floor":6,"turns":5},{"damage":19,"enemies":"The Mushroom Lair","floor":8,"turns":5},{"damage":6,"enemies":"3 Sentries","floor":12,"turns":10},{"damage":0,"enemies":"Jaw Worm","floor":14,"turns":3},{"damage":7,"enemies":"Hexaghost","floor":16,"turns":9},{"damage":0,"enemies":"Spheric Guardian","floor":18,"turns":3},{"damage":26,"enemies":"3 Byrds","floor":20,"turns":4},{"damage":10,"enemies":"Shelled Parasite and Fungi","floor":22,"turns":5},{"damage":6,"enemies":"Cultist and Chosen","floor":24,"turns":4},{"damage":36,"enemies":"3 Cultists","floor":25,"turns":4}],"seed_played":"-3091135686748288394","potions_obtained":[{"floor":1,"key":"SkillPotion"},{"floor":2,"key":"Energy Potion"},{"floor":12,"key":"Strength Potion"},{"floor":16,"key":"PowerPotion"},{"floor":22,"key":"Ancient Potion"}],"is_trial":false,"path_per_floor":["M","M","$","?","$","E","R","?","T","?","$","E","$","M","R","B",null,"M","$","M","$","M","R","M","M"],"character_chosen":"THE_SILENT","items_purchased":["Leg Sweep+1"],"campfire_rested":1,"item_purchase_floors":[13],"current_hp_per_floor":[69,67,67,67,67,35,35,16,16,16,16,10,10,10,31,24,70,70,70,44,44,34,34,28,0],"gold":63,"neow_bonus":"BOSS_RELIC","is_prod":false,"is_daily":false,"chose_seed":false,"campfire_upgraded":2,"win_rate":0,"timestamp":1544622360,"path_taken":["M","M","$","?","$","E","R","?","T","?","?","E","$","M","R","BOSS","M","$","?","?","M","R","M","M"],"build_version":"2018-12-06","purchased_purges":3,"victory":false,"max_hp_per_floor":[70,70,70,70,70,70,70,70,70,70,70,70,70,70,70,70,70,70,70,70,70,70,70,70,70],"card_choices":[{"not_picked":["Heel Hook","Endless Agony"],"picked":"Flechettes","floor":1},{"not_picked":["Quick Slash","Crippling Poison"],"picked":"Catalyst","floor":2},{"not_picked":["Underhanded Strike","Terror"],"picked":"Poisoned Stab","floor":6},{"not_picked":["Eviscerate","Predator"],"picked":"Deadly Poison+1","floor":8},{"not_picked":["Predator","Bane","Acrobatics+1"],"picked":"SKIP","floor":12},{"not_picked":["Slice","Bane"],"picked":"Setup+1","floor":14},{"not_picked":["Storm of Steel+1","Tools of the Trade+1"],"picked":"Night Terror+1","floor":16},{"not_picked":["Dagger Throw+1","Bane","Endless Agony"],"picked":"SKIP","floor":18},{"not_picked":["Poisoned Stab","Choke+1"],"picked":"Noxious Fumes+1","floor":20},{"not_picked":["Prepared+1","Cloak And Dagger+1"],"picked":"Bouncing Flask+1","floor":22},{"not_picked":["Poisoned Stab","A Thousand Cuts+1"],"picked":"Noxious Fumes+1","floor":24}],"player_experience":627192,"relics_obtained":[{"floor":6,"key":"Toxic Egg 2"},{"floor":8,"key":"Odd Mushroom"},{"floor":12,"key":"Happy Flower"}],"event_choices":[{"damage_healed":0,"gold_gain":0,"player_choice":"Box","damage_taken":0,"relics_obtained":["Frozen Egg 2"],"max_hp_gain":0,"max_hp_loss":0,"event_name":"Big Fish","floor":4,"gold_loss":0,"cards_obtained":["Regret"]},{"damage_healed":0,"gold_gain":0,"player_choice":"Fought Mushrooms","damage_taken":0,"max_hp_gain":0,"max_hp_loss":0,"event_name":"Mushrooms","floor":8,"gold_loss":0},{"damage_healed":0,"gold_gain":30,"player_choice":"Searched \u00273\u0027 times","damage_taken":0,"relics_obtained":["Ornamental Fan"],"max_hp_gain":0,"max_hp_loss":0,"event_name":"Dead Adventurer","floor":10,"gold_loss":0}],"is_beta":false,"boss_relics":[{"not_picked":["Busted Crown","Tiny House"],"picked":"Pandora\u0027s Box"}],"items_purged_floors":[3,11,19],"is_endless":false,"potions_floor_spawned":[1,2,12,16,22,24],"killed_by":"3 Cultists","ascension_level":0}