{"path_per_floor":["M","?","M","M","M","R","M","M","T","R","M","R","?","M","R","B",null,"M","?","$","M"],"character_chosen":"DEFECT","items_purchased":["Self Repair"],"gold_per_floor":[13,113,125,138,151,151,170,183,183,183,201,201,201,221,221,326,326,337,337,249,268,268],"floor_reached":22,"campfire_rested":0,"playtime":1072,"item_purchase_floors":[20],"current_hp_per_floor":[75,75,74,75,62,62,60,52,52,52,62,62,47,42,42,9,75,57,43,43,40,0],"items_purged":["Strike_B"],"gold":268,"score":205,"play_id":"eb9ecece-aa02-448e-aa12-229b3aa225d3","local_time":"20180606125553","is_prod":false,"is_daily":false,"chose_seed":false,"is_ascension_mode":false,"campfire_upgraded":4,"win_rate":0,"timestamp":1528257353,"campfire_choices":[{"data":"Dualcast","floor":6,"key":"SMITH"},{"data":"Defragment","floor":10,"key":"SMITH"},{"data":"Creative AI","floor":12,"key":"SMITH"},{"data":"Zap","floor":15,"key":"SMITH"}],"path_taken":["M","?","M","M","M","R","M","M","T","R","M","R","?","M","R","BOSS","M","?","$","M","M"],"build_version":"2018-06-04v2","seed_source_timestamp":57060857363038,"purchased_purges":1,"victory":false,"master_deck":["Strike_B","Strike_B","Defend_B+1","Defend_B","Defend_B+1","Zap+1","Dualcast+1","Streamline","Self Repair","Self Repair","Storm","Defragment+1","Beam Cell","Creative AI+1","Reboot","Ball Lightning","Self Repair","Steam","Loop","Machine Learning","Self Repair","Self Repair","Steam"],"max_hp_per_floor":[75,75,75,75,75,75,75,75,75,75,75,75,75,75,75,75,75,75,80,80,80,80],"relics":["Cracked Core","Smiling Mask","Orrery"],"card_choices":[{"not_picked":["Conserve Battery","Hologram"],"picked":"Streamline","floor":1},{"not_picked":["Hologram","Redo"],"picked":"Self Repair","floor":3},{"not_picked":["Gash","Beam Cell"],"picked":"Self Repair","floor":4},{"not_picked":["Lockon","Gash"],"picked":"Storm","floor":5},{"not_picked":["Chill","Leap"],"picked":"Defragment","floor":7},{"not_picked":["Lockon","Scrape"],"picked":"Beam Cell","floor":8},{"not_picked":["Cold Snap","Leap"],"picked":"Creative AI","floor":11},{"not_picked":["Sunder","Hologram","Conserve Battery"],"picked":"SKIP","floor":14},{"not_picked":["Rainbow","Core Surge"],"picked":"Reboot","floor":16},{"not_picked":["Leap","Steam"],"picked":"Ball Lightning","floor":17},{"not_picked":["Gash","Blizzard"],"picked":"Self Repair","floor":17},{"not_picked":["Barrage","Heatsinks"],"picked":"Steam","floor":17},{"not_picked":["Ball Lightning","Streamline"],"picked":"Loop","floor":17},{"not_picked":["Beam Cell","Scrape"],"picked":"Machine Learning","floor":17},{"not_picked":["Coolheaded","Compile Driver"],"picked":"Self Repair","floor":18},{"not_picked":["Stack+1","Hologram"],"picked":"Steam","floor":21}],"player_experience":238546,"potions_floor_usage":[16,21,21],"damage_taken":[{"damage":0,"enemies":"Small Slimes","floor":1,"turns":2},{"damage":1,"enemies":"Cultist","floor":3,"turns":3},{"damage":0,"enemies":"2 Louse","floor":4,"turns":2},{"damage":20,"enemies":"Looter","floor":5,"turns":3},{"damage":16,"enemies":"Large Slime","floor":7,"turns":4},{"damage":22,"enemies":"3 Louse","floor":8,"turns":4},{"damage":4,"enemies":"Exordium Wildlife","floor":11,"turns":3},{"damage":12,"enemies":"Blue Slaver","floor":14,"turns":3},{"damage":40,"enemies":"Hexaghost","floor":16,"turns":8},{"damage":39,"enemies":"3 Byrds","floor":18,"turns":5},{"damage":38,"enemies":"2 Thieves","floor":21,"turns":5},{"damage":46,"enemies":"Sentry and Sphere","floor":22,"turns":5}],"relics_obtained":[{"floor":9,"key":"Smiling Mask"}],"event_choices":[{"event_name":"Wheel of Change","player_choice":"Gold","floor":2,"damage_taken":0},{"event_name":"Shining Light","player_choice":"Entered Light","floor":13,"damage_taken":0},{"event_name":"Forgotten Altar","player_choice":"Shed Blood","floor":19,"damage_taken":0}],"boss_relics":[{"not_picked":["Eternal Feather","Snecko Eye"],"picked":"Orrery"}],"items_purged_floors":[20],"potions_floor_spawned":[1,8,11,14,18],"seed_played":"1063620189491844800","killed_by":"Sentry and Sphere","ascension_level":0,"potions_obtained":[{"floor":1,"key":"Swift Potion"},{"floor":8,"key":"Poison Potion"},{"floor":11,"key":"SkillPotion"},{"floor":18,"key":"Poison Potion"}],"is_trial":false}