{"path_per_floor":["M","M","?","M","M","R","M","R","T","R","$","M","?","M","R","B",null,"M","M"],"character_chosen":"DEFECT","items_purchased":["Cables","Madness"],"gold_per_floor":[411,428,428,439,456,456,472,472,499,499,68,80,80,95,95,191,191,205,225,225],"floor_reached":20,"campfire_rested":1,"playtime":1093,"item_purchase_floors":[11,11],"current_hp_per_floor":[32,31,31,30,29,29,18,18,18,18,18,14,14,16,39,23,77,75,18,0],"items_purged":["Strike_B"],"gold":225,"score":168,"play_id":"28163195-7f83-4cd3-a2df-64125e1295f6","local_time":"20180606085143","is_prod":false,"is_daily":false,"chose_seed":false,"is_ascension_mode":false,"campfire_upgraded":3,"win_rate":0,"timestamp":1528242703,"campfire_choices":[{"data":"Loop","floor":6,"key":"SMITH"},{"data":"Dualcast","floor":8,"key":"SMITH"},{"data":"Zap","floor":10,"key":"SMITH"},{"floor":15,"key":"REST"}],"path_taken":["M","M","?","?","?","R","M","R","T","R","$","M","?","M","R","BOSS","M","M","?"],"build_version":"2018-06-04v2","seed_source_timestamp":42292104295967,"purchased_purges":1,"victory":false,"master_deck":["Strike_B","Strike_B","Defend_B","Defend_B","Defend_B","Defend_B","Zap+1","Dualcast+1","Loop+1","Static Discharge","Hello World","Ball Lightning","Glacier","Madness","Storm","Biased Cognition","Capacitor+1","Ball Lightning"],"max_hp_per_floor":[75,75,75,75,75,75,75,75,75,75,75,75,75,77,77,77,77,77,77,77],"relics":["Cracked Core","Old Coin","Singing Bowl","Cables","Philosopher\u0027s Stone"],"card_choices":[{"not_picked":["Genetic Algorithm","Compile Driver"],"picked":"Loop","floor":1},{"not_picked":["Reprogram","Double Energy"],"picked":"Static Discharge","floor":2},{"not_picked":["Compile Driver","Barrage"],"picked":"Hello World","floor":4},{"not_picked":["FTL","Recycle"],"picked":"Ball Lightning","floor":5},{"not_picked":["Beam Cell","Consume"],"picked":"Glacier","floor":7},{"not_picked":["Meteor Strike","Hologram"],"picked":"Storm","floor":12},{"not_picked":["Glacier","Conserve Battery","Compile Driver"],"picked":"Singing Bowl","floor":14},{"not_picked":["Multi-Cast","Rainbow"],"picked":"Biased Cognition","floor":16},{"not_picked":["Rebound","Glacier"],"picked":"Capacitor+1","floor":18},{"not_picked":["Compile Driver+1","Stack"],"picked":"Ball Lightning","floor":19}],"player_experience":233222,"potions_floor_usage":[5,5,12],"damage_taken":[{"damage":6,"enemies":"Jaw Worm","floor":1,"turns":4},{"damage":1,"enemies":"Cultist","floor":2,"turns":3},{"damage":1,"enemies":"2 Louse","floor":4,"turns":2},{"damage":1,"enemies":"Lots of Slimes","floor":5,"turns":3},{"damage":11,"enemies":"2 Fungi Beasts","floor":7,"turns":3},{"damage":4,"enemies":"3 Louse","floor":12,"turns":3},{"damage":0,"enemies":"Looter","floor":14,"turns":4},{"damage":16,"enemies":"Hexaghost","floor":16,"turns":11},{"damage":2,"enemies":"Chosen","floor":18,"turns":4},{"damage":57,"enemies":"3 Byrds","floor":19,"turns":4},{"damage":27,"floor":20,"turns":2}],"relics_obtained":[{"floor":9,"key":"Singing Bowl"}],"event_choices":[{"event_name":"Bonfire Elementals","player_choice":"BASIC","floor":3,"damage_taken":0},{"event_name":"Match and Keep!","player_choice":"0 cards matched","floor":13,"damage_taken":0},{"event_name":"Masked Bandits","player_choice":"Fought over 225 gold","floor":20,"damage_taken":0}],"boss_relics":[{"not_picked":["Calling Bell","Cursed Key"],"picked":"Philosopher\u0027s Stone"}],"items_purged_floors":[11],"potions_floor_spawned":[1,2,4,12],"seed_played":"-6913798276573933069","ascension_level":0,"potions_obtained":[{"floor":1,"key":"Block Potion"},{"floor":2,"key":"EssenceOfSteel"},{"floor":4,"key":"Fire Potion"},{"floor":12,"key":"Ancient Potion"}],"is_trial":false}