{"gold_per_floor":[117,67,79,91,108,108,127,127,154,188,211,223,246,273,285,396,408,432,444,456,487,499,511,535,564,600,629,163,178,178,40,40,144,144,158,158,173,186,186,215,0,0,26,53,69,69],"floor_reached":46,"playtime":4755,"items_purged":["Strike_B","Defend_B"],"score":792,"play_id":"3c18b2ea-cd08-4434-a794-66a792da85a9","local_time":"20181120035807","is_ascension_mode":true,"campfire_choices":[{"floor":6.0,"key":"REST"},{"floor":8.0,"key":"REST"},{"floor":15.0,"key":"REST"},{"floor":23.0,"key":"REST"},{"floor":32.0,"key":"REST"},{"floor":42.0,"key":"REST"}],"neow_cost":"NONE","seed_source_timestamp":0,"circlet_count":0,"master_deck":["AscendersBane","Strike_B","Defend_B","Defend_B","Zap","Dualcast","Loop","Ball Lightning","Defragment","Compile Driver","Conserve Battery","Consume","Ball Lightning","Defragment","Cold Snap","Buffer","Leap","Aggregate","Capacitor","Blind","Coolheaded+1","Coolheaded","Hologram","BootSequence","Self Repair","Flash of Steel","Biased Cognition","Cold Snap+1","Madness","Madness","Glacier+1","Finesse","Apotheosis","FTL+1","Chaos+1","Go for the Eyes+1"],"special_seed":0,"relics":["Fusion Hammer","Smiling Mask","MawBank","Nuclear Battery","Bag of Marbles","Regal Pillow","TheAbacus","Inserter","Ancient Tea Set","Red Mask","Boot","PreservedInsect"],"potions_floor_usage":[44,44,46],"damage_taken":[{"damage":8.0,"enemies":"Jaw Worm","floor":1.0,"turns":4.0},{"damage":0.0,"enemies":"Small Slimes","floor":3.0,"turns":4.0},{"damage":9.0,"enemies":"2 Louse","floor":4.0,"turns":3.0},{"damage":10.0,"enemies":"Large Slime","floor":5.0,"turns":5.0},{"damage":23.0,"enemies":"Exordium Thugs","floor":7.0,"turns":5.0},{"damage":30.0,"enemies":"Lagavulin","floor":10.0,"turns":5.0},{"damage":14.0,"enemies":"Blue Slaver","floor":11.0,"turns":4.0},{"damage":0.0,"enemies":"2 Fungi Beasts","floor":13.0,"turns":3.0},{"damage":0.0,"enemies":"3 Louse","floor":14.0,"turns":3.0},{"damage":23.0,"enemies":"Hexaghost","floor":16.0,"turns":9.0},{"damage":11.0,"enemies":"Shell Parasite","floor":18.0,"turns":5.0},{"damage":29.0,"enemies":"3 Byrds","floor":21.0,"turns":5.0},{"damage":11.0,"enemies":"Shelled Parasite and Fungi","floor":24.0,"turns":6.0},{"damage":1.0,"enemies":"Sentry and Sphere","floor":25.0,"turns":6.0},{"damage":9.0,"enemies":"Snake Plant","floor":27.0,"turns":7.0},{"damage":0.0,"enemies":"Cultist and Chosen","floor":29.0,"turns":8.0},{"damage":6.0,"enemies":"Champ","floor":33.0,"turns":12.0},{"damage":3.0,"enemies":"Orb Walker","floor":35.0,"turns":5.0},{"damage":18.0,"enemies":"3 Darklings","floor":37.0,"turns":7.0},{"damage":13.0,"enemies":"Spire Growth","floor":38.0,"turns":7.0},{"damage":14.0,"enemies":"Nemesis","floor":40.0,"turns":9.0},{"damage":0,"enemies":"Giant Head","floor":44,"turns":9},{"damage":19,"enemies":"Sphere and 2 Shapes","floor":45,"turns":7},{"damage":64,"enemies":"Reptomancer","floor":46,"turns":3}],"seed_played":"-5237911750537511189","potions_obtained":[{"floor":1.0,"key":"Ancient Potion"},{"floor":5.0,"key":"Swift Potion"},{"floor":7.0,"key":"Fire Potion"},{"floor":13.0,"key":"Explosive Potion"},{"floor":16.0,"key":"Strength Potion"},{"floor":18.0,"key":"Weak Potion"},{"floor":24.0,"key":"Fire Potion"},{"floor":29.0,"key":"Explosive Potion"},{"floor":33.0,"key":"Dexterity Potion"},{"floor":35.0,"key":"Strength Potion"},{"floor":38.0,"key":"Regen Potion"},{"floor":40.0,"key":"Swift Potion"},{"floor":45,"key":"EssenceOfSteel"}],"is_trial":false,"path_per_floor":["M","?","M","M","M","R","M","R","T","E","M","?","M","M","R","B",null,"M","?","?","M","?","R","M","M","T","M","$","M","?","$","R","B",null,"M","?","M","M","?","E","?","R","T","E","M","E"],"character_chosen":"DEFECT","items_purchased":["Regal Pillow","TheAbacus","EssenceOfSteel","Flash of Steel"],"campfire_rested":6,"item_purchase_floors":[28,28,28,31],"current_hp_per_floor":[60,60,60,51,41,63,40,62,62,32,18,18,18,18,40,17,61,50,50,36,7,7,29,18,17,17,8,8,8,33,33,70,71,74,71,62,51,45,40,48,48,75,75,75,63,0],"gold":69,"neow_bonus":"BOSS_RELIC","is_prod":false,"is_daily":false,"chose_seed":false,"campfire_upgraded":0,"win_rate":0,"timestamp":1542704287,"path_taken":["M","?","M","M","M","R","M","R","T","E","M","?","M","M","R","BOSS","M","?","?","?","?","R","M","M","T","M","$","M","?","$","R","BOSS","M","?","M","M","?","E","?","R","T","E","M","E"],"build_version":"2018-11-15","purchased_purges":2,"victory":false,"max_hp_per_floor":[75,75,75,75,75,75,75,75,75,75,75,75,75,75,75,75,75,75,75,75,75,75,75,75,75,75,75,75,75,75,75,75,75,75,75,75,75,75,75,75,75,75,75,75,75,75],"card_choices":[{"not_picked":["Redo","Compile Driver"],"picked":"Loop","floor":1.0},{"not_picked":["Beam Cell","Double Energy"],"picked":"Ball Lightning","floor":3.0},{"not_picked":["Ball Lightning","Leap"],"picked":"Defragment","floor":4.0},{"not_picked":["Barrage","Beam Cell"],"picked":"Compile Driver","floor":5.0},{"not_picked":["Force Field","Skim"],"picked":"Conserve Battery","floor":7.0},{"not_picked":["Core Surge","Turbo"],"picked":"Consume","floor":10.0},{"not_picked":["Force Field","Stack"],"picked":"Ball Lightning","floor":11.0},{"not_picked":["Static Discharge","Consume"],"picked":"Defragment","floor":13.0},{"not_picked":["Hologram","Skim"],"picked":"Cold Snap","floor":14.0},{"not_picked":["Biased Cognition","Amplify"],"picked":"Buffer","floor":16.0},{"not_picked":["Conserve Battery","Double Energy"],"picked":"Leap","floor":18.0},{"not_picked":["Consume+1","Chaos"],"picked":"Coolheaded+1","floor":21.0},{"not_picked":["Leap","Compile Driver"],"picked":"Coolheaded","floor":24.0},{"not_picked":["Hello World+1","Steam"],"picked":"Hologram","floor":25.0},{"not_picked":["Barrage","Storm"],"picked":"BootSequence","floor":27.0},{"not_picked":["Go for the Eyes","Redo"],"picked":"Self Repair","floor":29.0},{"not_picked":["Machine Learning","Fission"],"picked":"Biased Cognition","floor":33.0},{"not_picked":["Compile Driver+1","Gash"],"picked":"Cold Snap+1","floor":35.0},{"not_picked":["Lockon","Rebound+1"],"picked":"Glacier+1","floor":37.0},{"not_picked":["Skim+1","Gash","Genetic Algorithm+1"],"picked":"SKIP","floor":38.0},{"not_picked":["Enlightenment","Violence"],"picked":"Finesse","floor":39.0},{"not_picked":["Dark Shackles","HandOfGreed"],"picked":"Apotheosis","floor":39.0},{"not_picked":["Melter","Glacier"],"picked":"FTL+1","floor":40.0},{"not_picked":["Streamline+1","Genetic Algorithm+1"],"picked":"Chaos+1","floor":44},{"not_picked":["Redo+1","Streamline+1"],"picked":"Go for the Eyes+1","floor":45}],"player_experience":551426,"relics_obtained":[{"floor":9.0,"key":"Smiling Mask"},{"floor":10.0,"key":"MawBank"},{"floor":26.0,"key":"Bag of Marbles"},{"floor":40.0,"key":"Ancient Tea Set"},{"floor":43,"key":"Boot"},{"floor":44,"key":"PreservedInsect"}],"event_choices":[{"cards_removed":["Strike_B"],"damage_healed":0.0,"max_hp_gain":0.0,"max_hp_loss":0.0,"gold_gain":0.0,"event_name":"The Cleric","player_choice":"Card Removal","floor":2.0,"gold_loss":50.0,"damage_taken":0.0},{"damage_healed":0.0,"max_hp_gain":0.0,"max_hp_loss":0.0,"gold_gain":0.0,"event_name":"Golden Wing","player_choice":"Ignored","floor":12.0,"gold_loss":0.0,"damage_taken":0.0},{"damage_healed":0.0,"max_hp_gain":0.0,"max_hp_loss":0.0,"gold_gain":0.0,"cards_transformed":["Strike_B","Defend_B"],"event_name":"Drug Dealer","player_choice":"Became Test Subject","floor":19.0,"gold_loss":0.0,"damage_taken":0.0,"cards_obtained":["Aggregate","Capacitor"]},{"damage_healed":0.0,"max_hp_gain":0.0,"max_hp_loss":0.0,"gold_gain":0.0,"event_name":"Knowing Skull","player_choice":"CARD ","floor":20.0,"potions_obtained":[],"gold_loss":0.0,"damage_taken":14.0,"cards_obtained":["Blind"]},{"damage_healed":0.0,"max_hp_gain":0.0,"max_hp_loss":0.0,"gold_gain":0.0,"event_name":"Vampires","player_choice":"Ignored","floor":22.0,"gold_loss":0.0,"damage_taken":0.0},{"damage_healed":25.0,"max_hp_gain":0.0,"max_hp_loss":0.0,"gold_gain":0.0,"event_name":"The Library","player_choice":"Heal","floor":30.0,"gold_loss":0.0,"damage_taken":0.0},{"damage_healed":0.0,"max_hp_gain":0.0,"max_hp_loss":0.0,"gold_gain":0.0,"event_name":"Winding Halls","player_choice":"Embrace Madness","floor":36.0,"gold_loss":0.0,"damage_taken":9.0,"cards_obtained":["Madness","Madness"]},{"damage_healed":0.0,"max_hp_gain":0.0,"max_hp_loss":0.0,"gold_gain":0.0,"event_name":"SensoryStone","player_choice":"Memory 2","floor":39.0,"gold_loss":0.0,"damage_taken":5.0},{"damage_healed":0.0,"max_hp_gain":0.0,"max_hp_loss":0.0,"gold_gain":0.0,"event_name":"Tomb of Lord Red Mask","player_choice":"Paid","floor":41.0,"gold_loss":215.0,"damage_taken":0.0,"relics_obtained":["Red Mask"]}],"is_beta":false,"boss_relics":[{"not_picked":["Busted Crown","Lizard Tail"],"picked":"Nuclear Battery"},{"not_picked":["Runic Pyramid","Coffee Dripper"],"picked":"Inserter"}],"items_purged_floors":[28,31],"is_endless":false,"potions_floor_spawned":[1,5,7,13,16,18,24,29,33,35,38,40,45],"killed_by":"Reptomancer","ascension_level":10}