{"gold_per_floor":[99,99,14,14,14,14,14,14,14,14,14,14,14,14,14,14,14,14,14,14,14,14,14,14,14,14,14,14,14,14,14],"floor_reached":31,"playtime":1986,"items_purged":[],"score":552,"play_id":"6b4ab48b-6e6d-4617-977f-85e9174ad7f5","local_time":"20181207035945","is_ascension_mode":true,"campfire_choices":[{"floor":8,"key":"REST"},{"floor":15,"key":"REST"},{"floor":23,"key":"REST"},{"data":"Noxious Fumes","floor":25,"key":"SMITH"},{"data":"Burst","floor":27,"key":"SMITH"},{"floor":29,"key":"REST"}],"neow_cost":"NONE","seed_source_timestamp":429451329155000,"circlet_count":0,"master_deck":["AscendersBane","Defend_G","Defend_G","Defend_G","Defend_G","Defend_G","Strike_G","Strike_G","Survivor","Neutralize","Backflip","Underhanded Strike","Crippling Poison","Dash","Sucker Punch","Bouncing Flask","Die Die Die","Well Laid Plans","Flying Knee","Noxious Fumes+1","Dash","Backflip","After Image","Escape Plan","Acrobatics","After Image","Night Terror+1","Leg Sweep+1","Masterful Stab+1","Blur","Backflip","Cloak And Dagger","Malaise","RitualDagger","Burst+1","Escape Plan","Corpse Explosion","Backflip","Bouncing Flask+1"],"relics":["Ectoplasm","Dream Catcher","Du-Vu Doll","Prayer Wheel","Astrolabe","Bronze Scales","Red Mask"],"potions_floor_usage":[6,14,21,24,30],"damage_taken":[{"damage":0,"enemies":"2 Louse","floor":1,"turns":4},{"damage":0,"enemies":"Cultist","floor":2,"turns":4},{"damage":4,"enemies":"Small Slimes","floor":4,"turns":3},{"damage":5,"enemies":"3 Louse","floor":5,"turns":4},{"damage":19,"enemies":"Gremlin Nob","floor":6,"turns":4},{"damage":6,"enemies":"Exordium Wildlife","floor":7,"turns":3},{"damage":8,"enemies":"Large Slime","floor":11,"turns":4},{"damage":16,"enemies":"Lagavulin","floor":12,"turns":7},{"damage":1,"enemies":"Gremlin Gang","floor":13,"turns":3},{"damage":1,"enemies":"Lots of Slimes","floor":14,"turns":4},{"damage":15,"enemies":"Hexaghost","floor":16,"turns":10},{"damage":8,"enemies":"Shell Parasite","floor":18,"turns":6},{"damage":10,"enemies":"3 Byrds","floor":20,"turns":6},{"damage":3,"enemies":"Snake Plant","floor":21,"turns":6},{"damage":12,"enemies":"Centurion and Healer","floor":24,"turns":10},{"damage":12,"enemies":"Shelled Parasite and Fungi","floor":28,"turns":7},{"damage":26,"enemies":"Masked Bandits","floor":30,"turns":4},{"damage":16,"enemies":"Snake Plant","floor":31,"turns":3}],"seed_played":"-7777123146609958116","potions_obtained":[{"floor":1,"key":"Poison Potion"},{"floor":5,"key":"Swift Potion"},{"floor":11,"key":"SkillPotion"},{"floor":18,"key":"Block Potion"},{"floor":21,"key":"GamblersBrew"}],"is_trial":false,"path_per_floor":["M","M","$","M","M","E","M","R","T","$","M","E","M","M","R","B",null,"M","?","M","M","?","R","M","R","T","R","M","R","?","M"],"character_chosen":"THE_SILENT","items_purchased":["Crippling Poison"],"campfire_rested":4,"item_purchase_floors":[3],"current_hp_per_floor":[59,59,59,55,50,31,25,44,44,44,36,20,19,18,37,22,55,47,47,37,34,28,47,35,35,35,35,23,42,16,0],"gold":14,"neow_bonus":"BOSS_RELIC","is_prod":false,"is_daily":false,"chose_seed":false,"campfire_upgraded":2,"win_rate":0,"timestamp":1544173185,"path_taken":["M","M","$","M","M","E","M","R","T","$","M","E","M","M","R","BOSS","M","?","M","?","?","R","M","R","T","R","M","R","?","M"],"build_version":"2018-11-15","purchased_purges":0,"victory":false,"max_hp_per_floor":[66,66,66,66,66,66,66,66,66,66,66,66,66,66,66,66,66,66,66,66,66,66,66,66,66,66,66,66,66,66,66],"card_choices":[{"not_picked":["Dagger Spray","Acrobatics"],"picked":"Backflip","floor":1},{"not_picked":["Prepared","Dodge and Roll"],"picked":"Underhanded Strike","floor":2},{"not_picked":["Accuracy","Expertise"],"picked":"Dash","floor":4},{"not_picked":["Eviscerate","Finisher"],"picked":"Sucker Punch","floor":5},{"not_picked":["Dodge and Roll","Dagger Throw"],"picked":"Bouncing Flask","floor":6},{"not_picked":["Poisoned Stab","Dagger Spray"],"picked":"Die Die Die","floor":7},{"not_picked":["Predator","Slice"],"picked":"Well Laid Plans","floor":8},{"not_picked":["Phantasmal Killer","Dodge and Roll"],"picked":"Flying Knee","floor":11},{"not_picked":["Dodge and Roll","Escape Plan"],"picked":"Noxious Fumes","floor":12},{"not_picked":["Sucker Punch","Deflect"],"picked":"Dash","floor":13},{"not_picked":["Sucker Punch","Deadly Poison"],"picked":"Backflip","floor":13},{"not_picked":["Acrobatics","Caltrops"],"picked":"After Image","floor":14},{"not_picked":["Sucker Punch","Masterful Stab"],"picked":"Escape Plan","floor":14},{"not_picked":["Poisoned Stab","Terror"],"picked":"Acrobatics","floor":15},{"not_picked":["Phantasmal Killer","Glass Knife"],"picked":"After Image","floor":16},{"not_picked":["Prepared","Bouncing Flask"],"picked":"Blur","floor":18},{"not_picked":["Sucker Punch","Skewer"],"picked":"Backflip","floor":18},{"not_picked":["Choke","Quick Slash"],"picked":"Cloak And Dagger","floor":20},{"not_picked":["Bane","PiercingWail"],"picked":"Malaise","floor":20},{"not_picked":["Dagger Throw","Terror","Bouncing Flask"],"picked":"SKIP","floor":21},{"not_picked":["Expertise","Quick Slash+1","Dash"],"picked":"SKIP","floor":21},{"not_picked":["Finisher","Flying Knee"],"picked":"Burst","floor":24},{"not_picked":["Underhanded Strike","Blade Dance","Slice"],"picked":"SKIP","floor":24},{"not_picked":["Blade Dance","Prepared"],"picked":"Escape Plan","floor":28},{"not_picked":["Poisoned Stab","Backflip"],"picked":"Corpse Explosion","floor":28},{"not_picked":["Well Laid Plans","Prepared"],"picked":"Backflip","floor":29},{"not_picked":["Sucker Punch","Slice"],"picked":"Bouncing Flask+1","floor":30}],"player_experience":1772804,"relics_obtained":[{"floor":6,"key":"Dream Catcher"},{"floor":9,"key":"Du-Vu Doll"},{"floor":12,"key":"Prayer Wheel"},{"floor":26,"key":"Bronze Scales"},{"floor":30,"key":"Red Mask"}],"event_choices":[{"damage_healed":0,"gold_gain":0,"player_choice":"Ignored","damage_taken":0,"max_hp_gain":0,"max_hp_loss":0,"event_name":"N\u0027loth","floor":19,"gold_loss":0},{"damage_healed":0,"gold_gain":0,"player_choice":"Joined the Cult","damage_taken":6,"max_hp_gain":0,"max_hp_loss":0,"event_name":"Nest","floor":22,"gold_loss":0,"cards_obtained":["RitualDagger"]},{"damage_healed":0,"gold_gain":0,"player_choice":"Fought Bandits","damage_taken":0,"max_hp_gain":0,"max_hp_loss":0,"event_name":"Masked Bandits","floor":30,"gold_loss":0}],"is_beta":true,"boss_relics":[{"not_picked":["Empty Cage","Tiny House"],"picked":"Astrolabe"}],"items_purged_floors":[],"is_endless":false,"potions_floor_spawned":[1,5,11,12,13,18,20,21],"killed_by":"Snake Plant","ascension_level":20}