{"gold_per_floor":[109,109,109,124,141,141,157,185,185,199,27,27,60,71,71,172,172,185,201,201,214,214,214,249,348,395,426,426,351,385,385,385,397],"floor_reached":33,"playtime":1983,"items_purged":["Strike_B"],"score":497,"play_id":"fbbdf1bb-c371-4262-9823-016995bbd383","local_time":"20190209025244","is_ascension_mode":true,"campfire_choices":[{"data":"Sweeping Beam","floor":6,"key":"SMITH"},{"floor":15,"key":"DIG"},{"floor":23,"key":"DIG"},{"floor":28,"key":"DIG"},{"floor":32,"key":"DIG"}],"neow_cost":"NONE","seed_source_timestamp":2698682058134933,"circlet_count":0,"master_deck":["Strike_B+1","Defend_B+1","Defend_B","Defend_B","Defend_B","Zap+1","Dualcast","Go for the Eyes","Sweeping Beam+1","Cold Snap+1","Self Repair","Cold Snap","Hologram","Rebound","Leap","Buffer","Barrage","Buffer","Coolheaded","Cold Snap","Ghostly","Ghostly","Ghostly","Ghostly","Ghostly","Undo+1","Writhe","Genetic Algorithm+1","Sweeping Beam+1","Machine Learning+1"],"relics":["Cracked Core","Bronze Scales","Mercury Hourglass","Pocketwatch","Shovel","Strawberry","Eternal Feather","Question Card","Matryoshka","Letter Opener","Frozen Egg 2","Happy Flower","Dead Branch","Bottled Flame","Nloth\u0027s Gift","MawBank"],"potions_floor_usage":[8,13,16,16,24,27,30],"damage_taken":[{"damage":0,"enemies":"2 Louse","floor":1,"turns":2},{"damage":1,"enemies":"Small Slimes","floor":4,"turns":2},{"damage":0,"enemies":"Cultist","floor":5,"turns":3},{"damage":8,"enemies":"Looter","floor":7,"turns":2},{"damage":13,"enemies":"Gremlin Nob","floor":8,"turns":4},{"damage":0,"enemies":"Large Slime","floor":10,"turns":3},{"damage":16,"enemies":"Lagavulin","floor":13,"turns":4},{"damage":0,"enemies":"2 Fungi Beasts","floor":14,"turns":1},{"damage":7,"enemies":"Hexaghost","floor":16,"turns":8},{"damage":24,"enemies":"2 Thieves","floor":18,"turns":3},{"damage":5,"enemies":"Spheric Guardian","floor":19,"turns":4},{"damage":0,"enemies":"Centurion and Healer","floor":21,"turns":8},{"damage":0,"enemies":"Slavers","floor":24,"turns":5},{"damage":0,"enemies":"Book of Stabbing","floor":27,"turns":6},{"damage":1,"enemies":"Slavers","floor":30,"turns":4},{"damage":45,"enemies":"Automaton","floor":33,"turns":10}],"seed_played":"9021553202598788227","potions_obtained":[{"floor":5,"key":"Weak Potion"},{"floor":10,"key":"PowerPotion"},{"floor":13,"key":"EssenceOfSteel"},{"floor":14,"key":"LiquidBronze"},{"floor":21,"key":"SkillPotion"},{"floor":24,"key":"LiquidBronze"},{"floor":27,"key":"SkillPotion"},{"floor":30,"key":"Weak Potion"}],"is_trial":false,"path_per_floor":["M","?","?","M","M","R","M","E","T","M","$","?","E","M","R","B",null,"M","M","?","M","?","R","E","?","T","E","R","$","E","?","R","B"],"character_chosen":"DEFECT","items_purchased":["Whetstone","Leap"],"campfire_rested":0,"item_purchase_floors":[11,11],"current_hp_per_floor":[68,53,53,52,52,52,51,45,45,45,45,45,36,36,43,43,72,55,57,41,41,41,41,41,41,41,41,41,41,40,40,41,0],"gold":397,"neow_bonus":"RANDOM_COMMON_RELIC","is_prod":false,"is_daily":false,"chose_seed":false,"campfire_upgraded":1,"win_rate":0,"timestamp":1549698764,"path_taken":["M","?","?","M","M","R","M","E","T","M","$","?","E","M","R","BOSS","M","?","?","M","?","R","E","?","T","E","R","$","E","?","R","BOSS"],"build_version":"2019-01-23","purchased_purges":1,"victory":false,"max_hp_per_floor":[75,75,75,75,75,75,75,75,75,75,75,75,75,75,82,82,82,82,82,41,41,41,41,41,41,41,41,41,41,41,41,41,41],"card_choices":[{"not_picked":["Redo","Turbo"],"picked":"Go for the Eyes","floor":1},{"not_picked":["Steam","Aggregate"],"picked":"Cold Snap","floor":4},{"not_picked":["Redo","Beam Cell"],"picked":"Self Repair","floor":5},{"not_picked":["Go for the Eyes","Coolheaded"],"picked":"Cold Snap","floor":7},{"not_picked":["Doom and Gloom","BootSequence"],"picked":"Hologram","floor":8},{"not_picked":["Static Discharge","Chaos"],"picked":"Rebound","floor":10},{"not_picked":["Conserve Battery","Leap"],"picked":"Buffer","floor":13},{"not_picked":["Streamline","Gash"],"picked":"Barrage","floor":14},{"not_picked":["All For One","Core Surge"],"picked":"Buffer","floor":16},{"not_picked":["Barrage","Static Discharge"],"picked":"Coolheaded","floor":18},{"not_picked":["Heatsinks","Gash+1"],"picked":"Cold Snap","floor":19},{"not_picked":["Beam Cell+1","Lockon+1"],"picked":"Undo+1","floor":21},{"not_picked":["Compile Driver","Rebound","Steam+1"],"picked":"Genetic Algorithm+1","floor":24},{"not_picked":["Leap","Go for the Eyes","Amplify"],"picked":"Sweeping Beam+1","floor":27},{"not_picked":["Melter","Rebound","Darkness"],"picked":"Machine Learning+1","floor":30}],"player_experience":327172,"relics_obtained":[{"floor":8,"key":"Mercury Hourglass"},{"floor":9,"key":"Pocketwatch"},{"floor":13,"key":"Shovel"},{"floor":15,"key":"Strawberry"},{"floor":23,"key":"Matryoshka"},{"floor":24,"key":"Letter Opener"},{"floor":26,"key":"Frozen Egg 2"},{"floor":27,"key":"Happy Flower"},{"floor":28,"key":"Dead Branch"},{"floor":30,"key":"Bottled Flame"},{"floor":32,"key":"MawBank"}],"event_choices":[{"damage_healed":0,"gold_gain":0,"player_choice":"Entered Light","damage_taken":15,"max_hp_gain":0,"max_hp_loss":0,"event_name":"Shining Light","floor":2,"gold_loss":0,"cards_upgraded":["Zap","Defend_B"]},{"damage_healed":0,"gold_gain":0,"cards_transformed":["Strike_B"],"player_choice":"Change","damage_taken":0,"max_hp_gain":0,"max_hp_loss":0,"event_name":"Living Wall","floor":3,"gold_loss":0,"cards_obtained":["Sweeping Beam"]},{"cards_removed":["Strike_B"],"damage_healed":0,"gold_gain":0,"player_choice":"Purged","damage_taken":0,"max_hp_gain":0,"max_hp_loss":0,"event_name":"Purifier","floor":12,"gold_loss":0},{"damage_healed":0,"gold_gain":0,"player_choice":"Became a Ghost","damage_taken":0,"max_hp_gain":0,"max_hp_loss":41,"event_name":"Ghosts","floor":20,"gold_loss":0,"cards_obtained":["Ghostly","Ghostly","Ghostly","Ghostly","Ghostly"]},{"damage_healed":0,"gold_gain":0,"player_choice":"Opened","damage_taken":0,"relics_obtained":["Question Card"],"max_hp_gain":0,"max_hp_loss":0,"event_name":"The Mausoleum","floor":22,"gold_loss":0,"cards_obtained":["Writhe"]},{"damage_healed":0,"gold_gain":99,"player_choice":"Stole From Cult","damage_taken":0,"max_hp_gain":0,"max_hp_loss":0,"event_name":"Nest","floor":25,"gold_loss":0},{"damage_healed":0,"gold_gain":0,"player_choice":"Traded Relic","damage_taken":0,"relics_obtained":["Nloth\u0027s Gift"],"max_hp_gain":0,"max_hp_loss":0,"event_name":"N\u0027loth","floor":31,"relics_lost":["Whetstone"],"gold_loss":0}],"is_beta":false,"boss_relics":[{"not_picked":["FrozenCore","Cursed Key"],"picked":"Eternal Feather"}],"items_purged_floors":[29],"is_endless":false,"potions_floor_spawned":[5,10,13,14,21,24,27,30],"killed_by":"Automaton","ascension_level":6}