{"gold_per_floor":[113,113,188,188,207,251,251,264,317,335,301,286,286,305,305,434,434,455,455,455,224,242,242],"floor_reached":23,"playtime":1239,"items_purged":[],"score":191,"play_id":"d12fe12d-aea6-40d0-bcf0-35ada3fa4229","local_time":"20190124134229","is_ascension_mode":false,"campfire_choices":[{"floor":7,"key":"REST"},{"floor":13,"key":"REST"},{"data":"Chill","floor":15,"key":"SMITH"}],"neow_cost":"NONE","seed_source_timestamp":490997170347,"circlet_count":0,"master_deck":["Strike_B","Strike_B","Strike_B","Strike_B","Defend_B","Defend_B","Defend_B","Defend_B","Zap","Dualcast","BootSequence","Stack","Chill+1","Static Discharge","Redo","Biased Cognition","Chill+1","Capacitor"],"relics":["Cracked Core","Shuriken","Golden Idol","Vajra","Pen Nib","Runic Pyramid","Strawberry"],"potions_floor_usage":[6,16],"damage_taken":[{"damage":1,"enemies":"Cultist","floor":1,"turns":3},{"damage":3,"enemies":"2 Louse","floor":5,"turns":3},{"damage":31,"enemies":"Gremlin Nob","floor":6,"turns":5},{"damage":0,"enemies":"Jaw Worm","floor":8,"turns":3},{"damage":0,"enemies":"Looter","floor":10,"turns":3},{"damage":7,"enemies":"Exordium Thugs","floor":12,"turns":4},{"damage":3,"enemies":"3 Louse","floor":14,"turns":4},{"damage":50,"enemies":"Slime Boss","floor":16,"turns":10},{"damage":3,"enemies":"Chosen","floor":18,"turns":6},{"damage":34,"enemies":"Shell Parasite","floor":22,"turns":9},{"damage":57,"enemies":"Book of Stabbing","floor":23,"turns":5}],"seed_played":"-3710978205891749673","potions_obtained":[{"floor":0,"key":"FocusPotion"},{"floor":0,"key":"FairyPotion"},{"floor":0,"key":"EssenceOfSteel"},{"floor":8,"key":"FearPotion"},{"floor":16,"key":"GamblersBrew"}],"is_trial":false,"path_per_floor":["M","$","T","?","M","E","R","M","T","M","$","M","R","M","R","B",null,"M","?","?","$","M","E"],"character_chosen":"DEFECT","items_purchased":["Static Discharge","Capacitor","Strawberry"],"campfire_rested":2,"item_purchase_floors":[11,21,21],"current_hp_per_floor":[74,74,74,56,53,22,44,44,44,44,44,37,59,56,56,6,75,72,72,72,79,45,0],"gold":242,"neow_bonus":"THREE_SMALL_POTIONS","is_prod":false,"is_daily":false,"chose_seed":false,"campfire_upgraded":1,"win_rate":0.0,"timestamp":1548355349,"path_taken":["M","$","?","?","M","E","R","M","T","M","$","M","R","M","R","BOSS","M","?","?","$","?","E"],"build_version":"2019-01-23","purchased_purges":0,"victory":false,"max_hp_per_floor":[75,75,75,75,75,75,75,75,75,75,75,75,75,75,75,75,75,75,75,75,82,82,82],"card_choices":[{"not_picked":["Gash","Chaos"],"picked":"BootSequence","floor":1},{"not_picked":["Hologram","Lockon"],"picked":"Stack","floor":5},{"not_picked":["Storm","Darkness"],"picked":"Chill","floor":6},{"not_picked":["Doom and Gloom","Conserve Battery","Undo"],"picked":"SKIP","floor":8},{"not_picked":["Barrage","Go for the Eyes","Biased Cognition"],"picked":"SKIP","floor":10},{"not_picked":["Auto Shields","Barrage","Sunder"],"picked":"SKIP","floor":12},{"not_picked":["Compile Driver","Sunder"],"picked":"Redo","floor":14},{"not_picked":["Core Surge","Fission"],"picked":"Biased Cognition","floor":16},{"not_picked":["Stack","Sweeping Beam","Go for the Eyes"],"picked":"SKIP","floor":18},{"not_picked":["Turbo","Barrage","Steam Power"],"picked":"SKIP","floor":22}],"player_experience":97654,"relics_obtained":[{"floor":3,"key":"Shuriken"},{"floor":6,"key":"Vajra"},{"floor":9,"key":"Pen Nib"}],"event_choices":[{"damage_healed":0,"gold_gain":0,"player_choice":"Take Damage","damage_taken":18,"relics_obtained":["Golden Idol"],"max_hp_gain":0,"max_hp_loss":0,"event_name":"Golden Idol","floor":4,"gold_loss":0},{"damage_healed":0,"gold_gain":0,"player_choice":"Ignored","damage_taken":0,"max_hp_gain":0,"max_hp_loss":0,"event_name":"Ghosts","floor":19,"gold_loss":0},{"damage_healed":0,"gold_gain":0,"player_choice":"Copied","damage_taken":0,"max_hp_gain":0,"max_hp_loss":0,"event_name":"Duplicator","floor":20,"gold_loss":0,"cards_obtained":["Chill"]}],"is_beta":false,"boss_relics":[{"not_picked":["Coffee Dripper","Black Star"],"picked":"Runic Pyramid"}],"items_purged_floors":[],"is_endless":false,"potions_floor_spawned":[8,10,16,22],"killed_by":"Book of Stabbing","ascension_level":0}