{"gold_per_floor":[116,127,227,247,258,283,283,91,91,91],"floor_reached":10,"playtime":1019,"items_purged":[],"score":68,"play_id":"ae8dd615-7d05-4d1b-8b19-511f8ece800a","local_time":"20181224154748","is_ascension_mode":false,"campfire_choices":[{"data":"After Image","floor":7,"key":"SMITH"}],"neow_cost":"NONE","seed_source_timestamp":2267639018870796,"circlet_count":0,"master_deck":["Defend_G","Defend_G","Defend_G","Defend_G","Defend_G","Strike_G","Strike_G","Strike_G","Strike_G","Strike_G","Survivor","Neutralize","Deflect","After Image+1","Dash","Flying Knee","Well Laid Plans","Footwork"],"relics":["Ring of the Snake","NeowsBlessing","Gambling Chip","Anchor","Ornamental Fan"],"potions_floor_usage":[],"damage_taken":[{"damage":0,"enemies":"Cultist","floor":1,"turns":1},{"damage":0,"enemies":"2 Louse","floor":2,"turns":1},{"damage":0,"enemies":"Jaw Worm","floor":4,"turns":1},{"damage":0,"enemies":"2 Fungi Beasts","floor":5,"turns":5},{"damage":26,"enemies":"3 Sentries","floor":6,"turns":14},{"damage":54,"enemies":"Gremlin Nob","floor":10,"turns":7}],"seed_played":"-5337497805864725163","potions_obtained":[{"floor":1,"key":"GamblersBrew"},{"floor":5,"key":"PowerPotion"}],"is_trial":false,"path_per_floor":["M","M","?","M","M","E","R","$","T","E"],"character_chosen":"THE_SILENT","items_purchased":["Footwork","Anchor"],"campfire_rested":0,"item_purchase_floors":[8,8],"current_hp_per_floor":[70,70,70,70,70,44,44,44,44,0],"gold":91,"neow_bonus":"THREE_ENEMY_KILL","is_prod":false,"is_daily":false,"chose_seed":false,"campfire_upgraded":1,"win_rate":0.0,"timestamp":1545662868,"path_taken":["M","M","?","M","M","E","R","$","T","E"],"build_version":"2018-12-20","purchased_purges":0,"victory":false,"max_hp_per_floor":[70,70,70,70,70,70,70,70,70,70],"card_choices":[{"not_picked":["Poisoned Stab","Backflip"],"picked":"Deflect","floor":1},{"not_picked":["Quick Slash","Dagger Spray"],"picked":"After Image","floor":2},{"not_picked":["Slice","Skewer"],"picked":"Dash","floor":4},{"not_picked":["Backflip","Deflect"],"picked":"Flying Knee","floor":5},{"not_picked":["Deflect","Backflip"],"picked":"Well Laid Plans","floor":6}],"player_experience":13306,"relics_obtained":[{"floor":6,"key":"Gambling Chip"},{"floor":9,"key":"Ornamental Fan"}],"event_choices":[{"damage_healed":0,"gold_gain":100,"player_choice":"Pray","damage_taken":0,"max_hp_gain":0,"max_hp_loss":0,"event_name":"Golden Shrine","floor":3,"gold_loss":0}],"is_beta":false,"boss_relics":[],"items_purged_floors":[],"is_endless":false,"potions_floor_spawned":[1,5],"killed_by":"Gremlin Nob","ascension_level":0}