{"gold_per_floor":[111,161,177,252,272,272,304,304,353,363,391,401,411,436,436,436],"floor_reached":16,"playtime":1044,"items_purged":[],"score":122,"play_id":"81ea0915-817f-472b-a94c-8684f404b07d","local_time":"20190209171339","is_ascension_mode":false,"campfire_choices":[{"floor":6,"key":"RECALL"},{"floor":8,"key":"REST"},{"floor":15,"key":"REST"}],"neow_cost":"NONE","seed_source_timestamp":706943609538779,"circlet_count":0,"master_deck":["Defend_G","Defend_G","Defend_G","Defend_G","Defend_G","Strike_G","Strike_G","Strike_G","Strike_G","Strike_G","Survivor","Neutralize","Grand Finale","Deadly Poison","Dagger Throw","Expertise","Expertise","Crippling Poison","Deflect","Prepared","Dagger Throw"],"relics":["Ring of the Snake","Lantern","Pantograph","Anchor"],"potions_floor_usage":[16,16,16],"damage_taken":[{"damage":2,"enemies":"Small Slimes","floor":1,"turns":6},{"damage":0,"enemies":"2 Louse","floor":3,"turns":3},{"damage":0,"enemies":"Cultist","floor":5,"turns":3},{"damage":31,"enemies":"Lagavulin","floor":7,"turns":8},{"damage":7,"enemies":"Exordium Wildlife","floor":10,"turns":5},{"damage":12,"enemies":"Gremlin Nob","floor":11,"turns":3},{"damage":4,"enemies":"2 Fungi Beasts","floor":12,"turns":4},{"damage":8,"enemies":"Looter","floor":13,"turns":4},{"damage":2,"enemies":"3 Sentries","floor":14,"turns":3},{"damage":64,"enemies":"Slime Boss","floor":16,"turns":10}],"seed_played":"-7313759191652985102","potions_obtained":[{"floor":5,"key":"PowerPotion"},{"floor":7,"key":"Ancient Potion"},{"floor":11,"key":"GamblersBrew"},{"floor":12,"key":"SkillPotion"}],"is_trial":false,"path_per_floor":["M","?","M","?","M","R","E","R","T","M","E","M","M","E","R","B"],"character_chosen":"THE_SILENT","items_purchased":[],"campfire_rested":2,"item_purchase_floors":[],"current_hp_per_floor":[68,68,68,61,61,61,30,51,51,44,32,28,20,18,39,0],"gold":436,"neow_bonus":"ONE_RANDOM_RARE_CARD","is_prod":false,"is_daily":false,"chose_seed":false,"campfire_upgraded":0,"win_rate":0,"timestamp":1549728819,"path_taken":["M","?","M","?","M","R","E","R","T","M","E","M","?","E","R","BOSS"],"build_version":"2019-01-23","purchased_purges":0,"victory":false,"max_hp_per_floor":[70,70,70,70,70,70,70,70,70,70,70,70,70,70,70,70],"card_choices":[{"not_picked":["Acrobatics","Cloak And Dagger"],"picked":"Deadly Poison","floor":1},{"not_picked":["All Out Attack","Deflect"],"picked":"Dagger Throw","floor":3},{"not_picked":["Leg Sweep","Underhanded Strike"],"picked":"Expertise","floor":5},{"not_picked":["Leg Sweep","Endless Agony"],"picked":"Expertise","floor":7},{"not_picked":["Blur","Acrobatics"],"picked":"Crippling Poison","floor":10},{"not_picked":["Dagger Throw","Flying Knee"],"picked":"Deflect","floor":11},{"not_picked":["Flying Knee","Doppelganger","Infinite Blades"],"picked":"SKIP","floor":12},{"not_picked":["Bane","Concentrate"],"picked":"Prepared","floor":13},{"not_picked":["Accuracy","Concentrate"],"picked":"Dagger Throw","floor":14}],"player_experience":637953,"relics_obtained":[{"floor":7,"key":"Lantern"},{"floor":11,"key":"Pantograph"},{"floor":14,"key":"Anchor"}],"event_choices":[{"damage_healed":0,"gold_gain":50,"player_choice":"Gained Gold","damage_taken":0,"max_hp_gain":0,"max_hp_loss":0,"event_name":"Golden Wing","floor":2,"gold_loss":0},{"damage_healed":0,"gold_gain":75,"player_choice":"Touch","damage_taken":7,"max_hp_gain":0,"max_hp_loss":0,"event_name":"FaceTrader","floor":4,"gold_loss":0}],"is_beta":false,"boss_relics":[],"items_purged_floors":[],"is_endless":false,"potions_floor_spawned":[5,7,11,12,14],"killed_by":"Slime Boss","ascension_level":0}