{"gold_per_floor":[118,118,118,138,157,183,198,198,198,210,243,243,258,285,285,388,388,403,403,423,423,438,438,458,458,458,492,492,492,492,492,492,592,592,606,606,706,725,254,254,268,268,268,284,284,36,36,36,36,36],"floor_reached":51,"playtime":2401,"items_purged":["Defend_G","Defend_G"],"score":895,"play_id":"104fee0f-f840-4cbe-b0ab-a4c9edad1e6a","local_time":"20190130141858","is_ascension_mode":true,"campfire_choices":[{"data":"Eviscerate","floor":8,"key":"SMITH"},{"floor":12,"key":"REST"},{"data":"Eviscerate","floor":15,"key":"SMITH"},{"data":"Catalyst","floor":23,"key":"SMITH"},{"data":"Acrobatics","floor":25,"key":"SMITH"},{"floor":32,"key":"REST"},{"data":"Eviscerate","floor":40,"key":"SMITH"},{"data":"Acrobatics","floor":42,"key":"SMITH"},{"data":"Leg Sweep","floor":49,"key":"SMITH"}],"neow_cost":"NONE","seed_source_timestamp":10201429456606,"circlet_count":0,"master_deck":["Defend_G","Defend_G","Defend_G","Strike_G","Strike_G","Strike_G","Neutralize","Predator","Eviscerate+1","Outmaneuver","Leg Sweep","Bouncing Flask","Backflip+1","Acrobatics+1","Cloak And Dagger","Eviscerate+1","Corpse Explosion","Catalyst+1","Die Die Die","Underhanded Strike","Dagger Throw+1","Eviscerate+1","Dash","Phantasmal Killer","Acrobatics+1","Leg Sweep+1","Burst+1"],"relics":["Snecko Eye","Blue Candle","Question Card","Shuriken","Omamori","HoveringKite","Darkstone Periapt","War Paint","Juzu Bracelet","Nilry\u0027s Codex","Eternal Feather","WingedGreaves","Dodecahedron","Vajra","Ninja Scroll","Ancient Tea Set"],"potions_floor_usage":[3,6,33,50,50,50],"damage_taken":[{"damage":4,"enemies":"Small Slimes","floor":1,"turns":5},{"damage":6,"enemies":"Cultist","floor":4,"turns":4},{"damage":2,"enemies":"Jaw Worm","floor":5,"turns":2},{"damage":17,"enemies":"Lagavulin","floor":6,"turns":5},{"damage":14,"enemies":"Lots of Slimes","floor":7,"turns":4},{"damage":8,"enemies":"3 Louse","floor":10,"turns":2},{"damage":12,"enemies":"Gremlin Nob","floor":11,"turns":3},{"damage":0,"enemies":"2 Fungi Beasts","floor":13,"turns":3},{"damage":0,"enemies":"3 Sentries","floor":14,"turns":6},{"damage":21,"enemies":"Hexaghost","floor":16,"turns":9},{"damage":12,"enemies":"2 Thieves","floor":18,"turns":2},{"damage":0,"enemies":"Shell Parasite","floor":20,"turns":3},{"damage":7,"enemies":"Chosen and Byrds","floor":22,"turns":3},{"damage":13,"enemies":"Snake Plant","floor":24,"turns":3},{"damage":10,"enemies":"Book of Stabbing","floor":27,"turns":4},{"damage":32,"enemies":"Automaton","floor":33,"turns":7},{"damage":0,"enemies":"3 Shapes","floor":35,"turns":1},{"damage":0,"enemies":"Mind Bloom Boss Battle","floor":37,"turns":4},{"damage":0,"enemies":"Orb Walker","floor":38,"turns":2},{"damage":0,"enemies":"3 Darklings","floor":41,"turns":3},{"damage":0,"enemies":"Jaw Worm Horde","floor":44,"turns":2},{"damage":15,"enemies":"Donu and Deca","floor":50,"turns":3}],"seed_played":"-4242810107150924954","potions_obtained":[{"floor":1,"key":"SteroidPotion"},{"floor":3,"key":"Block Potion"},{"floor":3,"key":"Poison Potion"},{"floor":3,"key":"Fruit Juice"},{"floor":5,"key":"Dexterity Potion"},{"floor":10,"key":"SkillPotion"},{"floor":14,"key":"Dexterity Potion"},{"floor":33,"key":"Strength Potion"},{"floor":35,"key":"SneckoOil"}],"is_trial":false,"path_per_floor":["M","?","?","M","M","E","M","R","T","M","E","R","M","E","R","B",null,"M","?","M","?","M","R","M","R","T","E","?","?","?","?","R","B",null,"M","?","?","M","$","R","M","R","T","M","?","$","?","$","R","B",null],"character_chosen":"THE_SILENT","items_purchased":["Dodecahedron","Vajra","Ancient Tea Set"],"campfire_rested":2,"item_purchase_floors":[39,39,46],"current_hp_per_floor":[66,59,64,58,56,39,25,25,25,17,5,27,27,27,27,6,75,63,63,63,63,56,56,43,43,43,33,33,33,17,17,39,7,75,75,75,75,75,75,75,75,75,75,75,75,75,75,75,75,60],"gold":36,"neow_bonus":"BOSS_RELIC","is_prod":false,"is_daily":false,"chose_seed":false,"campfire_upgraded":7,"win_rate":0,"timestamp":1548825538,"path_taken":["M","?","?","?","M","E","M","R","T","M","E","R","M","E","R","BOSS","M","?","?","?","?","R","M","R","T","E","?","?","?","?","R","BOSS","M","?","?","M","$","R","M","R","T","M","?","$","?","?","R","BOSS"],"build_version":"2019-01-23","purchased_purges":2,"victory":true,"max_hp_per_floor":[70,70,75,75,75,75,75,75,75,75,75,75,75,75,75,75,75,75,75,75,75,75,75,75,75,75,75,75,75,75,75,75,75,75,75,75,75,75,75,75,75,75,75,75,75,75,75,75,75,75],"card_choices":[{"not_picked":["Underhanded Strike","Flechettes"],"picked":"Predator","floor":1},{"not_picked":["Catalyst","Slice"],"picked":"Eviscerate","floor":4},{"not_picked":["Flechettes","Poisoned Stab"],"picked":"Outmaneuver","floor":5},{"not_picked":["Deflect","Venomology"],"picked":"Leg Sweep","floor":6},{"not_picked":["Dagger Throw","Blade Dance"],"picked":"Bouncing Flask","floor":7},{"not_picked":["Caltrops","Poisoned Stab","Blur"],"picked":"Backflip","floor":10},{"not_picked":["Quick Slash","Flying Knee","Escape Plan"],"picked":"Acrobatics","floor":11},{"not_picked":["All Out Attack","Blade Dance","Dodge and Roll"],"picked":"Cloak And Dagger","floor":13},{"not_picked":["Cloak And Dagger","Noxious Fumes","Dodge and Roll"],"picked":"Eviscerate","floor":14},{"not_picked":["Grand Finale","Doppelganger","Unload"],"picked":"Corpse Explosion","floor":16},{"not_picked":["Backstab","Quick Slash","Dagger Spray+1","Deflect"],"picked":"SKIP","floor":18},{"not_picked":["Masterful Stab","Deadly Poison","Finisher+1"],"picked":"Catalyst","floor":20},{"not_picked":["Dagger Spray","Deadly Poison+1","Bouncing Flask"],"picked":"Underhanded Strike","floor":22},{"not_picked":["Sucker Punch+1","Well Laid Plans","Flying Knee"],"picked":"Dagger Throw+1","floor":24},{"not_picked":["Heel Hook+1","Backflip","Storm of Steel"],"picked":"Eviscerate","floor":27},{"not_picked":["Wraith Form v2","Malaise","Corpse Explosion"],"picked":"Phantasmal Killer","floor":33},{"not_picked":["Bane","Expertise","Cloak And Dagger+1","Prepared+1"],"picked":"SKIP","floor":35},{"not_picked":["Heel Hook+1","Slice","Blade Dance+1"],"picked":"Acrobatics","floor":37},{"not_picked":["Dodge and Roll","Predator","Blade Dance+1"],"picked":"Leg Sweep","floor":38},{"not_picked":["Accuracy+1","Blur+1","Prepared+1","Dagger Throw+1"],"picked":"SKIP","floor":41},{"not_picked":["Flechettes+1","Backflip","Acrobatics+1"],"picked":"Burst","floor":44}],"player_experience":847817,"relics_obtained":[{"floor":6,"key":"Blue Candle"},{"floor":9,"key":"Question Card"},{"floor":11,"key":"Shuriken"},{"floor":14,"key":"Omamori"},{"floor":26,"key":"Darkstone Periapt"},{"floor":27,"key":"War Paint"},{"floor":30,"key":"Nilry\u0027s Codex"},{"floor":37,"key":"WingedGreaves"},{"floor":43,"key":"Ninja Scroll"}],"event_choices":[{"cards_removed":["Strike_G"],"damage_healed":0,"gold_gain":0,"player_choice":"Card Removal","damage_taken":7,"max_hp_gain":0,"max_hp_loss":0,"event_name":"Golden Wing","floor":2,"gold_loss":0},{"damage_healed":0,"gold_gain":0,"player_choice":"Got Potions","damage_taken":0,"max_hp_gain":0,"max_hp_loss":0,"event_name":"Lab","floor":3,"gold_loss":0},{"damage_healed":0,"gold_gain":0,"player_choice":"Bought 0 Potions","damage_taken":0,"max_hp_gain":0,"max_hp_loss":0,"event_name":"The Woman in Blue","floor":19,"gold_loss":0},{"damage_healed":0,"gold_gain":0,"player_choice":"1 cards matched","damage_taken":0,"max_hp_gain":0,"max_hp_loss":0,"event_name":"Match and Keep!","floor":21,"gold_loss":0,"cards_obtained":["Die Die Die"]},{"damage_healed":0,"gold_gain":0,"player_choice":"Opened","damage_taken":0,"relics_obtained":["Juzu Bracelet"],"max_hp_gain":0,"max_hp_loss":0,"event_name":"The Mausoleum","floor":28,"gold_loss":0},{"damage_healed":0,"gold_gain":0,"cards_transformed":["Strike_G"],"player_choice":"Transformed","damage_taken":0,"max_hp_gain":0,"max_hp_loss":0,"event_name":"Transmorgrifier","floor":29,"gold_loss":0,"cards_obtained":["Dash"]},{"damage_healed":0,"gold_gain":0,"player_choice":"Obtained Book","damage_taken":16,"max_hp_gain":0,"max_hp_loss":0,"event_name":"Cursed Tome","floor":30,"gold_loss":0},{"damage_healed":0,"gold_gain":0,"player_choice":"Ignored","damage_taken":0,"max_hp_gain":0,"max_hp_loss":0,"event_name":"Vampires","floor":31,"gold_loss":0},{"cards_removed":["Survivor"],"damage_healed":0,"gold_gain":0,"player_choice":"Removed Skill","damage_taken":0,"max_hp_gain":0,"max_hp_loss":0,"event_name":"Falling","floor":36,"gold_loss":0},{"damage_healed":0,"gold_gain":0,"player_choice":"Fight","damage_taken":0,"max_hp_gain":0,"max_hp_loss":0,"event_name":"MindBloom","floor":37,"gold_loss":0},{"damage_healed":0,"gold_gain":0,"player_choice":"Ignored","damage_taken":0,"max_hp_gain":0,"max_hp_loss":0,"event_name":"SecretPortal","floor":45,"gold_loss":0},{"damage_healed":0,"gold_gain":0,"player_choice":"Forge","damage_taken":0,"max_hp_gain":0,"max_hp_loss":0,"event_name":"Accursed Blacksmith","floor":47,"gold_loss":0,"cards_upgraded":["Burst"]}],"is_beta":false,"boss_relics":[{"not_picked":["Empty Cage","White Beast Statue"],"picked":"HoveringKite"},{"not_picked":["Coffee Dripper","Runic Dome"],"picked":"Eternal Feather"}],"items_purged_floors":[39,46],"is_endless":false,"potions_floor_spawned":[1,5,10,13,14,20,24,33,35,38,44],"ascension_level":4}