{"gold_per_floor":[109,59,11,11,30,30,64,139,165,178,196,226,240,240,240,240],"floor_reached":16,"playtime":758,"items_purged":[],"score":127,"play_id":"3c806979-6ec9-4447-9610-f365d717e814","local_time":"20181020212012","is_ascension_mode":true,"campfire_choices":[{"data":"A Thousand Cuts","floor":6,"key":"SMITH"},{"floor":15,"key":"REST"}],"neow_cost":"CURSE","seed_source_timestamp":935530291023752,"circlet_count":0,"master_deck":["Defend_G","Defend_G","Defend_G","Defend_G","Defend_G","Strike_G","Strike_G","Strike_G","Strike_G","Survivor","Neutralize","A Thousand Cuts+1","Caltrops","Poisoned Stab","All Out Attack","Backflip","Poisoned Stab","Prepared","Noxious Fumes","Tactician","Calculated Gamble","All Out Attack"],"relics":["Ring of the Snake","Bag of Preparation","Anchor","Prayer Wheel","Blue Candle"],"potions_floor_usage":[7,12,13],"damage_taken":[{"damage":2,"enemies":"Jaw Worm","floor":1,"turns":6},{"damage":0,"enemies":"Small Slimes","floor":5,"turns":3},{"damage":32,"enemies":"3 Sentries","floor":7,"turns":5},{"damage":0,"enemies":"2 Louse","floor":10,"turns":2},{"damage":0,"enemies":"Large Slime","floor":11,"turns":4},{"damage":12,"enemies":"Lagavulin","floor":12,"turns":5},{"damage":0,"enemies":"Blue Slaver","floor":13,"turns":5},{"damage":35,"enemies":"Slime Boss","floor":16,"turns":3}],"seed_played":"-1772944676101773729","potions_obtained":[{"floor":1,"key":"LiquidBronze"},{"floor":7,"key":"FearPotion"},{"floor":11,"key":"SkillPotion"},{"floor":13,"key":"Energy Potion"}],"is_trial":false,"path_per_floor":["M","?","$","?","M","R","E","?","T","M","M","E","M","T","R"],"character_chosen":"THE_SILENT","items_purchased":["Poisoned Stab"],"campfire_rested":1,"item_purchase_floors":[3],"current_hp_per_floor":[68,68,68,68,68,68,36,25,25,25,25,13,13,13,34,0],"gold":240,"neow_bonus":"THREE_RARE_CARDS","is_prod":false,"is_daily":false,"chose_seed":false,"campfire_upgraded":1,"win_rate":0,"timestamp":1540084812,"path_taken":["M","?","$","?","M","R","E","?","T","M","?","E","M","?","R","BOSS"],"build_version":"2018-10-18","purchased_purges":0,"victory":false,"max_hp_per_floor":[70,70,70,70,70,70,70,70,70,70,70,70,70,70,70,70],"card_choices":[{"not_picked":["Storm of Steel","Burst"],"picked":"A Thousand Cuts","floor":0},{"not_picked":["Accuracy","Sucker Punch"],"picked":"Caltrops","floor":1},{"not_picked":["Cloak And Dagger","Masterful Stab"],"picked":"Backflip","floor":5},{"not_picked":["Unload","Dagger Throw"],"picked":"Poisoned Stab","floor":7},{"not_picked":["Bane","Deadly Poison"],"picked":"Prepared","floor":10},{"not_picked":["Caltrops","Infinite Blades"],"picked":"Noxious Fumes","floor":11},{"not_picked":["Sucker Punch","Poisoned Stab"],"picked":"Tactician","floor":12},{"not_picked":["Underhanded Strike","Poisoned Stab"],"picked":"Calculated Gamble","floor":13},{"not_picked":["Prepared","Dagger Spray"],"picked":"All Out Attack","floor":13}],"player_experience":341094,"relics_obtained":[{"floor":7,"key":"Bag of Preparation"},{"floor":9,"key":"Anchor"},{"floor":12,"key":"Prayer Wheel"},{"floor":14,"key":"Blue Candle"}],"event_choices":[{"cards_removed":["Normality"],"damage_healed":0,"gold_gain":0,"player_choice":"Card Removal","damage_taken":0,"max_hp_gain":0,"max_hp_loss":0,"event_name":"The Cleric","floor":2,"gold_loss":50},{"damage_healed":0,"gold_gain":0,"cards_transformed":["Strike_G"],"player_choice":"Change","damage_taken":0,"max_hp_gain":0,"max_hp_loss":0,"event_name":"Living Wall","floor":4,"gold_loss":0,"cards_obtained":["All Out Attack"]},{"damage_healed":0,"gold_gain":75,"player_choice":"Gather Gold","damage_taken":11,"max_hp_gain":0,"max_hp_loss":0,"event_name":"World of Goop","floor":8,"gold_loss":0}],"is_beta":false,"boss_relics":[],"items_purged_floors":[],"is_endless":false,"potions_floor_spawned":[1,7,11,13],"killed_by":"Slime Boss","ascension_level":3}