{"gold_per_floor":[118,128,128,78,103,103,278,278,278,278,203,223,223,248,248,373,373,361,385,385,399,324,324],"floor_reached":23,"playtime":2207,"items_purged":["Doubt"],"score":181,"play_id":"9addffe3-d230-4151-8f44-6eb16824a67c","local_time":"20180806132630","is_ascension_mode":false,"campfire_choices":[{"data":"Cloak And Dagger","floor":6,"key":"SMITH"},{"data":"Envenom","floor":13,"key":"SMITH"},{"data":"Phantasmal Killer","floor":15,"key":"SMITH"}],"neow_cost":"CURSE","seed_source_timestamp":58215972293628,"circlet_count":0,"master_deck":["Defend_G","Defend_G","Defend_G","Defend_G","Defend_G","Strike_G","Strike_G","Strike_G","Strike_G","Survivor+1","Neutralize+1","Phantasmal Killer+1","Cloak And Dagger+1","Blade Dance","Tools of the Trade","Envenom+1","Neutralize","Distraction","Well Laid Plans","Burst","Cloak And Dagger","Outmaneuver","Setup+1"],"relics":["Ring of the Snake","Golden Idol","Dodecahedron","Coffee Dripper","Bag of Preparation"],"potions_floor_usage":[16,16],"damage_taken":[{"damage":8,"enemies":"Cultist","floor":1,"turns":6},{"damage":4,"enemies":"Jaw Worm","floor":2,"turns":5},{"damage":3,"enemies":"Small Slimes","floor":5,"turns":4},{"damage":2,"enemies":"3 Louse","floor":12,"turns":5},{"damage":0,"enemies":"2 Fungi Beasts","floor":14,"turns":4},{"damage":19,"enemies":"Slime Boss","floor":16,"turns":12},{"damage":10,"enemies":"2 Thieves","floor":18,"turns":4},{"damage":13,"enemies":"Spheric Guardian","floor":19,"turns":5},{"damage":26,"enemies":"Snake Plant","floor":21,"turns":6},{"damage":23,"enemies":"Slavers","floor":23,"turns":1}],"seed_played":"-1658705691658987859","potions_obtained":[{"floor":5,"key":"SpeedPotion"},{"floor":12,"key":"PowerPotion"},{"floor":16,"key":"Fire Potion"},{"floor":19,"key":"SteroidPotion"},{"floor":21,"key":"Swift Potion"}],"is_trial":false,"path_per_floor":["M","M","?","?","M","R","?","?","T","?","$","M","R","M","R","B",null,"M","M","?","M","?"],"character_chosen":"THE_SILENT","items_purchased":[],"campfire_rested":0,"item_purchase_floors":[],"current_hp_per_floor":[62,58,41,41,38,38,38,38,38,24,24,22,22,22,22,3,70,60,47,47,21,21,0],"gold":324,"neow_bonus":"THREE_RARE_CARDS","is_prod":false,"is_daily":false,"chose_seed":false,"campfire_upgraded":3,"win_rate":0,"timestamp":1533529590,"path_taken":["M","M","?","?","M","R","?","?","T","?","$","M","R","?","R","BOSS","M","M","?","?","?","E"],"build_version":"2018-08-01","purchased_purges":1,"victory":false,"max_hp_per_floor":[70,70,70,70,70,70,70,70,70,70,70,70,70,70,70,70,70,70,70,70,70,70,70],"card_choices":[{"not_picked":["Tools of the Trade","Grand Finale"],"picked":"Phantasmal Killer","floor":0},{"not_picked":["Dagger Throw","Poisoned Stab"],"picked":"Cloak And Dagger","floor":1},{"not_picked":["Acrobatics","Slice"],"picked":"Blade Dance","floor":2},{"not_picked":["Poisoned Stab","All Out Attack"],"picked":"Tools of the Trade","floor":5},{"not_picked":["Eviscerate","Prepared"],"picked":"Distraction","floor":12},{"not_picked":["Deflect","Slice"],"picked":"Well Laid Plans","floor":14},{"not_picked":["Die Die Die","Tools of the Trade"],"picked":"Burst","floor":16},{"not_picked":["Heel Hook","Dagger Spray"],"picked":"Cloak And Dagger","floor":18},{"not_picked":["Sucker Punch+1","Skewer"],"picked":"Outmaneuver","floor":19},{"not_picked":["Sucker Punch+1","Endless Agony"],"picked":"Setup+1","floor":21}],"player_experience":323968,"relics_obtained":[{"floor":9,"key":"Dodecahedron"}],"event_choices":[{"event_name":"Golden Idol","player_choice":"Take Damage","floor":3,"damage_taken":0},{"event_name":"The Cleric","player_choice":"Card Removal","floor":4,"damage_taken":0},{"event_name":"Liars Game","player_choice":"agreed","floor":7,"damage_taken":0},{"event_name":"Match and Keep!","player_choice":"2 cards matched","floor":8,"damage_taken":0},{"event_name":"Shining Light","player_choice":"Entered Light","floor":10,"damage_taken":0},{"event_name":"The Mausoleum","player_choice":"Yes","floor":20,"damage_taken":0},{"event_name":"Beggar","player_choice":"Gave Gold","floor":22,"damage_taken":0}],"is_beta":true,"boss_relics":[{"not_picked":["Runic Pyramid","Lizard Tail"],"picked":"Coffee Dripper"}],"items_purged_floors":[11],"is_endless":false,"potions_floor_spawned":[5,12,16,19,21],"killed_by":"Slavers","ascension_level":0}