{"path_per_floor":["M","$","M","M","M","E","?","R","T","M","E","?","E","M","R","B",null,"M","?","$","$","M","E","?","?","T","M","T","R","M","M","R","B",null,"M","?","?"],"character_chosen":"THE_SILENT","items_purchased":["Bandage Up","Dagger Spray","Bouncing Flask","Mercury Hourglass"],"gold_per_floor":[119,18,34,46,57,84,184,184,209,226,260,260,285,301,301,398,398,418,418,319,0,14,39,39,39,39,49,49,49,65,81,81,180,180,190,190,190,190],"floor_reached":38,"campfire_rested":2,"playtime":2676,"current_hp_per_floor":[66,66,68,70,69,47,47,47,47,50,39,39,42,40,40,39,70,61,61,61,61,63,39,39,23,23,17,17,38,42,34,55,31,70,47,38,38,0],"items_purged":["Eviscerate"],"gold":190,"score":526,"play_id":"9cbe33e3-0656-4cdc-81e8-3fdc4ca4b6ab","local_time":"20180428202200","is_prod":false,"is_daily":false,"chose_seed":false,"is_ascension_mode":true,"campfire_upgraded":2,"timestamp":1524914520,"path_taken":["M","$","M","M","M","E","?","R","T","M","E","?","E","M","R","BOSS","M","?","?","$","M","E","?","?","T","M","?","R","M","M","R","BOSS","M","?","?","BOSS"],"build_version":"2018-04-26","seed_source_timestamp":40667647196095,"purchased_purges":1,"victory":false,"master_deck":["Survivor","Neutralize","Bandage Up","Caltrops","Escape Plan","Poisoned Stab","Sucker Punch+1","Dagger Spray","Crippling Poison+1","Well Laid Plans+1","Dagger Spray","Phantasmal Killer","Deadly Poison","Backflip","Dash","Dash","Sucker Punch","Dodge and Roll","Quick Slash","Outmaneuver","Accuracy+1","Backstab","Bouncing Flask","Dagger Spray","Bouncing Flask","Sucker Punch+1","Crippling Poison","Necronomicurse","Footwork+1","Sucker Punch+1","Deadly Poison+1","Burst","Predator+1","Madness","Madness"],"max_hp_per_floor":[70,70,70,70,70,70,70,70,70,70,70,70,70,70,70,70,70,70,70,70,70,70,70,70,70,70,70,70,70,70,70,70,70,70,70,70,70,70],"relics":["Velvet Choker","Bag of Preparation","Bronze Scales","Orichalcum","Frozen Egg 2","Pandora\u0027s Box","Mercury Hourglass","Oddly Smooth Stone","Juzu Bracelet","Necronomicon","Gambling Chip","Bottled Lightning","Runic Dome"],"card_choices":[{"not_picked":["Backflip","Quick Slash"],"picked":"Caltrops","floor":3},{"not_picked":["Dash","Calculated Gamble"],"picked":"Escape Plan","floor":4},{"not_picked":["Endless Agony","Flying Knee"],"picked":"Poisoned Stab","floor":5},{"not_picked":["Flying Knee","Tactician"],"picked":"Sucker Punch","floor":6},{"not_picked":["Terror","Deflect"],"picked":"Eviscerate","floor":10},{"not_picked":["Underhanded Strike","Corpse Explosion"],"picked":"Dagger Spray","floor":11},{"not_picked":["Dagger Throw","Deflect"],"picked":"Well Laid Plans","floor":13},{"not_picked":["Dodge and Roll","Poisoned Stab"],"picked":"Dagger Spray","floor":14},{"not_picked":["Envenom","Wraith Form v2"],"picked":"Phantasmal Killer","floor":16},{"not_picked":["Backflip","Terror"],"picked":"Backstab","floor":18},{"not_picked":["Poisoned Stab","Deflect"],"picked":"Sucker Punch","floor":22},{"not_picked":["Outmaneuver","Bouncing Flask"],"picked":"Crippling Poison","floor":23},{"not_picked":["Cloak And Dagger","Escape Plan"],"picked":"Footwork","floor":27},{"not_picked":["Accuracy","Slice"],"picked":"Sucker Punch","floor":30},{"not_picked":["Malaise","Masterful Stab"],"picked":"Deadly Poison","floor":31},{"not_picked":["Unload","Night Terror"],"picked":"Burst","floor":33},{"not_picked":["Bane","Poisoned Stab"],"picked":"Predator","floor":35}],"player_experience":96331,"potions_floor_usage":[6,11,23,23,38],"damage_taken":[{"damage":4,"enemies":"Small Slimes","floor":1,"turns":5},{"damage":2,"enemies":"Cultist","floor":3,"turns":5},{"damage":1,"enemies":"2 Louse","floor":4,"turns":3},{"damage":5,"enemies":"Blue Slaver","floor":5,"turns":4},{"damage":26,"enemies":"3 Sentries","floor":6,"turns":10},{"damage":1,"enemies":"2 Fungi Beasts","floor":10,"turns":3},{"damage":11,"enemies":"Gremlin Nob","floor":11,"turns":4},{"damage":1,"enemies":"3 Sentries","floor":13,"turns":6},{"damage":6,"enemies":"Exordium Thugs","floor":14,"turns":4},{"damage":5,"enemies":"Hexaghost","floor":16,"turns":9},{"damage":9,"enemies":"Spheric Guardian","floor":18,"turns":4},{"damage":2,"enemies":"Shell Parasite","floor":22,"turns":3},{"damage":24,"enemies":"Slavers","floor":23,"turns":3},{"damage":10,"enemies":"Sentry and Sphere","floor":27,"turns":3},{"damage":0,"enemies":"Snecko","floor":30,"turns":3},{"damage":12,"enemies":"Snake Plant","floor":31,"turns":2},{"damage":28,"enemies":"Automaton","floor":33,"turns":9},{"damage":23,"enemies":"3 Darklings","floor":35,"turns":3},{"damage":42,"enemies":"Awakened One","floor":38,"turns":4}],"event_choices":[{"event_name":"Golden Shrine","player_choice":"Pray","floor":7,"damage_taken":0},{"event_name":"Transmorgrifier","player_choice":"Transform","floor":12,"damage_taken":0},{"event_name":"The Library","player_choice":"Read","floor":19,"damage_taken":0},{"event_name":"The Mausoleum","player_choice":"Yes","floor":24,"damage_taken":0},{"event_name":"Cursed Tome","player_choice":"Obtained Book","floor":25,"damage_taken":0},{"event_name":"Winding Halls","player_choice":"Embrace Madness","floor":36,"damage_taken":0},{"event_name":"SecretPortal","player_choice":"Took Portal.","floor":37,"damage_taken":0}],"boss_relics":[{"not_picked":["Black Star","Cursed Key"],"picked":"Pandora\u0027s Box"},{"not_picked":["White Beast Statue","Orrery"],"picked":"Runic Dome"}],"potions_floor_spawned":[1,3,5,11,22,27,31,33,35],"seed_played":"-167779913626939735","killed_by":"Awakened One","ascension_level":3,"is_trial":false}