{"gold_per_floor":[115,115,130,155,155,155,155,41,41,41,59,0,21,37,37,132,132,146,166,184,184],"floor_reached":21,"playtime":923,"items_purged":["Strike_B"],"score":320,"play_id":"33d5deff-4bef-422c-9e61-0103d396aafa","local_time":"20190109181911","is_ascension_mode":true,"campfire_choices":[{"data":"Zap","floor":6,"key":"SMITH"},{"data":"Defragment","floor":10,"key":"SMITH"},{"data":"Capacitor","floor":15,"key":"SMITH"}],"neow_cost":"TEN_PERCENT_HP_LOSS","seed_source_timestamp":1991453476035668,"circlet_count":0,"master_deck":["AscendersBane","Strike_B","Strike_B","Strike_B","Defend_B","Defend_B","Defend_B","Defend_B","Zap+1","Dualcast","Biased Cognition","Coolheaded","Conserve Battery","Defragment+1","Reinforced Body","Cold Snap","Capacitor+1","Go for the Eyes","Core Surge","Conserve Battery","Core Surge","Consume"],"relics":["Cracked Core","Golden Idol","Ancient Tea Set","Inserter"],"potions_floor_usage":[19],"damage_taken":[{"damage":2,"enemies":"Jaw Worm","floor":1,"turns":4},{"damage":8,"enemies":"2 Louse","floor":3,"turns":3},{"damage":0,"enemies":"Cultist","floor":4,"turns":3},{"damage":2,"enemies":"Gremlin Gang","floor":11,"turns":4},{"damage":4,"enemies":"Looter","floor":13,"turns":3},{"damage":6,"enemies":"2 Fungi Beasts","floor":14,"turns":4},{"damage":22,"enemies":"The Guardian","floor":16,"turns":15},{"damage":16,"enemies":"Shell Parasite","floor":18,"turns":10},{"damage":18,"enemies":"2 Thieves","floor":19,"turns":5},{"damage":9,"enemies":"Sentry and Sphere","floor":20,"turns":6},{"damage":10,"enemies":"Snake Plant","floor":21,"turns":3}],"seed_played":"9014259461318354436","potions_obtained":[{"floor":11,"key":"SneckoOil"},{"floor":19,"key":"SteroidPotion"},{"floor":20,"key":"SpeedPotion"}],"is_trial":false,"path_per_floor":["M","?","M","M","?","R","?","$","T","R","M","$","M","M","R","B",null,"M","M","M","M"],"character_chosen":"DEFECT","items_purchased":["Defragment","Cold Snap"],"campfire_rested":0,"item_purchase_floors":[8,12],"current_hp_per_floor":[62,40,32,32,53,53,53,53,53,53,51,51,47,41,41,19,53,37,19,10,0],"gold":184,"neow_bonus":"THREE_RARE_CARDS","is_prod":false,"is_daily":false,"chose_seed":false,"campfire_upgraded":3,"win_rate":0,"timestamp":1547025551,"path_taken":["M","?","M","M","?","R","?","?","T","R","M","$","?","M","R","BOSS","M","?","M","M"],"build_version":"2019-01-03v4","purchased_purges":1,"victory":false,"max_hp_per_floor":[64,64,64,64,64,64,64,64,64,64,64,64,64,64,64,64,64,64,64,64,64],"card_choices":[{"not_picked":["All For One","Thunder Strike"],"picked":"Biased Cognition","floor":0},{"not_picked":["Streamline","Compile Driver"],"picked":"Coolheaded","floor":1},{"not_picked":["Darkness","Stack"],"picked":"Conserve Battery","floor":3},{"not_picked":["Sweeping Beam","Stack","Steam"],"picked":"SKIP","floor":4},{"not_picked":["Stack","Chill"],"picked":"Reinforced Body","floor":11},{"not_picked":["Melter","Ball Lightning"],"picked":"Capacitor","floor":13},{"not_picked":["Turbo","Static Discharge"],"picked":"Go for the Eyes","floor":14},{"not_picked":["Hyperbeam","Multi-Cast"],"picked":"Core Surge","floor":16},{"not_picked":["Leap","Beam Cell"],"picked":"Conserve Battery","floor":18},{"not_picked":["Stack","Steam+1"],"picked":"Core Surge","floor":19},{"not_picked":["Beam Cell","Barrage+1"],"picked":"Consume","floor":20}],"player_experience":792823,"relics_obtained":[{"floor":9,"key":"Ancient Tea Set"}],"event_choices":[{"damage_healed":0,"gold_gain":0,"player_choice":"Take Damage","damage_taken":22,"relics_obtained":["Golden Idol"],"max_hp_gain":0,"max_hp_loss":0,"event_name":"Golden Idol","floor":2,"gold_loss":0},{"damage_healed":21,"gold_gain":0,"player_choice":"Banana","damage_taken":0,"max_hp_gain":0,"max_hp_loss":0,"event_name":"Big Fish","floor":5,"gold_loss":0},{"damage_healed":0,"gold_gain":0,"player_choice":"Searched \u00270\u0027 times","damage_taken":0,"max_hp_gain":0,"max_hp_loss":0,"event_name":"Dead Adventurer","floor":7,"gold_loss":0}],"is_beta":false,"boss_relics":[{"not_picked":["Runic Dome","Velvet Choker"],"picked":"Inserter"}],"items_purged_floors":[8],"is_endless":false,"potions_floor_spawned":[11,19,20],"killed_by":"Snake Plant","ascension_level":17}