{"gold_per_floor":[110,110,110,125,42,42,98,98,147,15,15,35,55,69,69,140,140,157,157,82,1,15,15,43,61,86,96,96,96,96,96],"floor_reached":31,"playtime":1657,"items_purged":[],"score":606,"play_id":"33d1a12a-2dc2-4f64-a551-9e5b795ce5e1","local_time":"20181216182958","is_ascension_mode":true,"campfire_choices":[{"data":"Deadly Poison","floor":6,"key":"SMITH"},{"data":"Neutralize","floor":8,"key":"SMITH"},{"data":"Well Laid Plans","floor":15,"key":"SMITH"},{"data":"Footwork","floor":23,"key":"SMITH"},{"data":"Leg Sweep","floor":28,"key":"SMITH"}],"neow_cost":"NONE","seed_source_timestamp":33592039088500,"circlet_count":0,"master_deck":["AscendersBane","Defend_G","Defend_G","Defend_G","Defend_G","Defend_G","Strike_G","Strike_G","Strike_G","Strike_G","Strike_G","Survivor","Neutralize+1","Deadly Poison+1","Leg Sweep+1","Quick Slash","Cloak And Dagger","Well Laid Plans+1","Cloak And Dagger","Glass Knife","Cloak And Dagger","Predator","Crippling Poison","Dodge and Roll","Expertise","Terror","Footwork+1","Leg Sweep","Skewer","Prepared+1","Decay"],"relics":["Coffee Dripper","Tiny Chest","Bronze Scales","Orrery","Vajra","Blood Vial","Art of War"],"potions_floor_usage":[7,16,22,24,24],"damage_taken":[{"damage":0,"enemies":"2 Louse","floor":1,"turns":3},{"damage":7,"enemies":"Jaw Worm","floor":4,"turns":4},{"damage":41,"enemies":"Gremlin Nob","floor":7,"turns":5},{"damage":0,"enemies":"Small Slimes","floor":12,"turns":3},{"damage":0,"enemies":"Red Slaver","floor":13,"turns":4},{"damage":4,"enemies":"Exordium Wildlife","floor":14,"turns":6},{"damage":0,"enemies":"The Guardian","floor":16,"turns":11},{"damage":9,"enemies":"Shell Parasite","floor":18,"turns":7},{"damage":3,"enemies":"2 Thieves","floor":22,"turns":4},{"damage":10,"enemies":"Gremlin Leader","floor":24,"turns":7},{"damage":5,"enemies":"Centurion and Healer","floor":25,"turns":7},{"damage":12,"enemies":"3 Cultists","floor":27,"turns":6},{"damage":25,"enemies":"Cultist and Chosen","floor":31,"turns":5}],"seed_played":"-5092627015149530009","potions_obtained":[{"floor":4,"key":"Dexterity Potion"},{"floor":16,"key":"Fire Potion"},{"floor":22,"key":"EssenceOfSteel"},{"floor":24,"key":"LiquidBronze"},{"floor":27,"key":"Energy Potion"}],"is_trial":false,"path_per_floor":["M","?","?","M","$","R","E","R","T","$","?","M","M","M","R","B",null,"M","?","?","$","M","R","E","M","T","M","R","$","?","M"],"character_chosen":"THE_SILENT","items_purchased":["Fire Potion","Quick Slash","Well Laid Plans","Block Potion","Footwork"],"campfire_rested":0,"item_purchase_floors":[5,5,10,10,21],"current_hp_per_floor":[59,64,64,57,57,57,16,16,16,16,16,16,16,12,12,12,56,47,47,47,47,44,44,34,31,31,21,21,21,21,0],"gold":96,"neow_bonus":"BOSS_RELIC","is_prod":false,"is_daily":false,"chose_seed":false,"campfire_upgraded":5,"win_rate":0,"timestamp":1545002998,"path_taken":["M","?","?","M","$","R","E","R","T","?","?","M","?","M","R","BOSS","M","?","?","$","M","R","E","?","T","M","R","$","?","M"],"build_version":"2018-11-15","purchased_purges":0,"victory":false,"max_hp_per_floor":[66,71,71,71,71,71,71,71,71,71,71,71,71,71,71,71,71,71,71,71,71,71,71,71,71,71,71,71,71,71,71],"card_choices":[{"not_picked":["Blade Dance","Reflex"],"picked":"Deadly Poison","floor":1},{"not_picked":["Slice","Deadly Poison"],"picked":"Leg Sweep","floor":4},{"not_picked":["Expertise","Bane"],"picked":"Cloak And Dagger","floor":7},{"not_picked":["Calculated Gamble","Backstab","All Out Attack"],"picked":"SKIP","floor":12},{"not_picked":["Riddle With Holes","Well Laid Plans"],"picked":"Cloak And Dagger","floor":13},{"not_picked":["Quick Slash","Sucker Punch","Flying Knee"],"picked":"SKIP","floor":14},{"not_picked":["Envenom","Bullet Time"],"picked":"Glass Knife","floor":16},{"not_picked":["Terror","Sucker Punch"],"picked":"Cloak And Dagger","floor":17},{"not_picked":["Blade Dance","Deadly Poison"],"picked":"Predator","floor":17},{"not_picked":["Flying Knee","Poisoned Stab"],"picked":"Crippling Poison","floor":17},{"not_picked":["Prepared","Dagger Throw"],"picked":"Dodge and Roll","floor":17},{"not_picked":["Deadly Poison","Bane"],"picked":"Expertise","floor":17},{"not_picked":["Expertise+1","Prepared"],"picked":"Terror","floor":18},{"not_picked":["Blade Dance","Masterful Stab"],"picked":"Leg Sweep","floor":22},{"not_picked":["Poisoned Stab","Eviscerate"],"picked":"Skewer","floor":24},{"not_picked":["Dagger Spray+1","Masterful Stab"],"picked":"Prepared+1","floor":25},{"not_picked":["Grand Finale","Flying Knee+1","Dagger Spray"],"picked":"SKIP","floor":27},{"not_picked":["Grand Finale","Flying Knee+1","Dagger Spray"],"picked":"SKIP","floor":27}],"player_experience":1831391,"relics_obtained":[{"floor":7,"key":"Tiny Chest"},{"floor":9,"key":"Bronze Scales"},{"floor":24,"key":"Blood Vial"},{"floor":26,"key":"Art of War"}],"event_choices":[{"damage_healed":0,"gold_gain":0,"player_choice":"Donut","damage_taken":0,"max_hp_gain":5,"max_hp_loss":0,"event_name":"Big Fish","floor":2,"gold_loss":0},{"damage_healed":0,"gold_gain":0,"player_choice":"Leave","damage_taken":0,"max_hp_gain":0,"max_hp_loss":0,"event_name":"The Cleric","floor":3,"gold_loss":0},{"damage_healed":0,"gold_gain":0,"player_choice":"Got Potions","damage_taken":0,"max_hp_gain":0,"max_hp_loss":0,"event_name":"Lab","floor":11,"gold_loss":0},{"damage_healed":0,"gold_gain":0,"player_choice":"Stole Relic","damage_taken":0,"relics_obtained":["Vajra"],"max_hp_gain":0,"max_hp_loss":0,"event_name":"Addict","floor":19,"gold_loss":0,"cards_obtained":["Shame"]},{"cards_removed":["Shame"],"damage_healed":0,"gold_gain":0,"player_choice":"Gave Gold","damage_taken":0,"max_hp_gain":0,"max_hp_loss":0,"event_name":"Beggar","floor":20,"gold_loss":75},{"damage_healed":0,"gold_gain":0,"player_choice":"Smashed Altar","damage_taken":0,"max_hp_gain":0,"max_hp_loss":0,"event_name":"Forgotten Altar","floor":30,"gold_loss":0,"cards_obtained":["Decay"]}],"is_beta":true,"boss_relics":[{"not_picked":["Pandora\u0027s Box","Sozu"],"picked":"Orrery"}],"items_purged_floors":[],"is_endless":false,"potions_floor_spawned":[4,13,14,16,22,24,27],"killed_by":"Cultist and Chosen","ascension_level":20}