{"path_per_floor":["M","?","?","M","$","R","E","R","T","M","E","R","?","M","R","B",null,"M","$","M","$","?","R","E","?","T","R","E","R","$","M","R"],"character_chosen":"DEFECT","items_purchased":["Capacitor","Capacitor","Hello World"],"gold_per_floor":[119,119,69,81,6,6,32,32,32,46,75,75,75,93,93,193,193,211,88,101,52,52,52,77,77,77,77,102,102,63,83,83,83],"floor_reached":33,"campfire_rested":7,"playtime":2467,"item_purchase_floors":[19,21,30],"current_hp_per_floor":[55,55,55,53,53,53,27,47,47,46,13,33,33,18,38,24,68,36,36,22,22,16,36,21,21,21,41,24,46,46,17,39,0],"items_purged":["Strike_B","Strike_B"],"gold":83,"score":289,"play_id":"c99089ba-5dcc-4875-8baf-2fa10f667691","local_time":"20180521120205","is_prod":false,"is_daily":false,"chose_seed":false,"is_ascension_mode":false,"campfire_upgraded":1,"timestamp":1526871725,"campfire_choices":[{"data":"Zap","floor":6,"key":"SMITH"},{"floor":8,"key":"REST"},{"floor":12,"key":"REST"},{"floor":15,"key":"REST"},{"floor":23,"key":"REST"},{"floor":27,"key":"REST"},{"floor":29,"key":"REST"},{"floor":32,"key":"REST"}],"path_taken":["M","?","?","M","$","R","E","R","T","M","E","R","?","M","R","BOSS","M","$","M","$","?","R","E","?","T","R","E","R","$","M","R","BOSS"],"build_version":"2018-05-18","seed_source_timestamp":1084714185368,"purchased_purges":2,"victory":false,"master_deck":["Strike_B","Defend_B","Defend_B","Defend_B","Defend_B","Zap+1","Dualcast","Creative AI+1","Axe Kick","Leap","Axe Kick","Aggregate","Machine Learning","Sweeping Beam","Seek","Doom and Gloom+1","Capacitor","Ball Lightning","Capacitor","Go for the Eyes","Darkness","All For One","Hello World","Barrage+1"],"max_hp_per_floor":[68,68,68,68,68,68,68,68,68,68,68,68,68,68,68,68,68,68,68,68,68,68,68,68,68,68,68,75,75,75,75,75,75],"relics":["Cracked Core","Bottled Flame","Bronze Scales","Juzu Bracelet","Nuclear Battery","Oddly Smooth Stone","Toolbox","Strawberry"],"card_choices":[{"not_picked":["All For One","Seek"],"picked":"Creative AI","floor":0},{"not_picked":["Tempest","Hologram"],"picked":"Axe Kick","floor":1},{"not_picked":["Skim","Streamline"],"picked":"Leap","floor":4},{"not_picked":["Beam Cell","Ball Lightning"],"picked":"Axe Kick","floor":7},{"not_picked":["Ball Lightning","FTL"],"picked":"Aggregate","floor":10},{"not_picked":["Heatsinks","Barrage"],"picked":"Machine Learning","floor":11},{"not_picked":["Ball Lightning","Force Field"],"picked":"Sweeping Beam","floor":14},{"not_picked":["Reboot","Buffer"],"picked":"Seek","floor":16},{"not_picked":["Steam","Reinforced Body"],"picked":"Doom and Gloom+1","floor":18},{"not_picked":["Sweeping Beam","Cold Snap"],"picked":"Ball Lightning","floor":20},{"not_picked":["Conserve Battery","Leap"],"picked":"Go for the Eyes","floor":24},{"not_picked":["Steam","Redo"],"picked":"All For One","floor":28},{"not_picked":["Leap","Rip and Tear"],"picked":"Barrage+1","floor":31}],"player_experience":138026,"potions_floor_usage":[7,16,24,24,28],"damage_taken":[{"damage":13,"enemies":"Jaw Worm","floor":1,"turns":9},{"damage":2,"enemies":"2 Louse","floor":4,"turns":2},{"damage":26,"enemies":"Gremlin Nob","floor":7,"turns":5},{"damage":1,"enemies":"Cultist","floor":10,"turns":4},{"damage":33,"enemies":"Lagavulin","floor":11,"turns":7},{"damage":15,"enemies":"Exordium Thugs","floor":14,"turns":4},{"damage":14,"enemies":"Slime Boss","floor":16,"turns":9},{"damage":32,"enemies":"2 Thieves","floor":18,"turns":4},{"damage":14,"enemies":"3 Byrds","floor":20,"turns":2},{"damage":15,"enemies":"Slavers","floor":24,"turns":4},{"damage":24,"enemies":"Book of Stabbing","floor":28,"turns":5},{"damage":29,"enemies":"Snake Plant","floor":31,"turns":4},{"damage":42,"enemies":"Collector","floor":33,"turns":3}],"relics_obtained":[{"floor":7,"key":"Bottled Flame"},{"floor":9,"key":"Bronze Scales"},{"floor":11,"key":"Juzu Bracelet"},{"floor":24,"key":"Oddly Smooth Stone"},{"floor":26,"key":"Toolbox"},{"floor":28,"key":"Strawberry"}],"event_choices":[{"event_name":"Living Wall","player_choice":"Grow","floor":2,"damage_taken":0},{"event_name":"The Cleric","player_choice":"Card Removal","floor":3,"damage_taken":0},{"event_name":"The Woman in Blue","player_choice":"Bought 0 Potions","floor":13,"damage_taken":0},{"event_name":"Wheel of Change","player_choice":"Damage","floor":22,"damage_taken":0},{"event_name":"The Library","player_choice":"Read","floor":25,"damage_taken":0}],"boss_relics":[{"not_picked":["Calling Bell","Orrery"],"picked":"Nuclear Battery"}],"items_purged_floors":[5,19],"potions_floor_spawned":[1,10,14,20,24],"seed_played":"2698877962124533172","killed_by":"Collector","ascension_level":0,"potions_obtained":[{"floor":1,"key":"AttackPotion"},{"floor":10,"key":"Explosive Potion"},{"floor":14,"key":"SpeedPotion"},{"floor":20,"key":"Swift Potion"},{"floor":24,"key":"Weak Potion"}],"is_trial":false}