{"gold_per_floor":[210,210,229,304,13,46,46,81,81,81,107,107,132,142,142,142],"floor_reached":16,"playtime":1061,"items_purged":["Strike_G"],"score":133,"play_id":"6a945e3e-36b2-42f0-894e-0bfad2b637b3","local_time":"20190206152805","is_ascension_mode":true,"campfire_choices":[{"floor":7,"key":"REST"},{"floor":10,"key":"REST"},{"floor":15,"key":"REST"}],"neow_cost":"NONE","seed_source_timestamp":323810665028493,"circlet_count":0,"master_deck":["Defend_G","Defend_G","Defend_G","Defend_G","Defend_G","Strike_G","Strike_G","Strike_G","Strike_G","Survivor","Neutralize","Endless Agony","Skewer","Quick Slash","Footwork","Glass Knife","Well Laid Plans","Crippling Poison","Deadly Poison","Blur"],"relics":["Ring of the Snake","Molten Egg 2","Omamori","Singing Bowl","PreservedInsect","Orichalcum"],"potions_floor_usage":[6,16],"damage_taken":[{"damage":0,"enemies":"Small Slimes","floor":1,"turns":3},{"damage":0,"enemies":"Cultist","floor":3,"turns":3},{"damage":50,"enemies":"Gremlin Nob","floor":6,"turns":5},{"damage":22,"enemies":"3 Sentries","floor":8,"turns":9},{"damage":34,"enemies":"Lagavulin","floor":13,"turns":8},{"damage":3,"enemies":"Jaw Worm","floor":14,"turns":2},{"damage":27,"enemies":"Hexaghost","floor":16,"turns":14}],"seed_played":"9002396365416741626","potions_obtained":[{"floor":1,"key":"Regen Potion"},{"floor":8,"key":"Swift Potion"}],"is_trial":false,"path_per_floor":["M","?","M","?","$","E","R","E","T","R","T","?","E","M","R","B"],"character_chosen":"THE_SILENT","items_purchased":["Footwork","Glass Knife"],"campfire_rested":3,"item_purchase_floors":[5,5],"current_hp_per_floor":[70,70,70,59,59,21,42,20,20,41,41,41,7,4,25,0],"gold":142,"neow_bonus":"HUNDRED_GOLD","is_prod":false,"is_daily":false,"chose_seed":false,"campfire_upgraded":0,"win_rate":0,"timestamp":1549484885,"path_taken":["M","?","?","?","$","E","R","E","T","R","?","?","E","M","R","BOSS"],"build_version":"2019-01-23","purchased_purges":1,"victory":false,"max_hp_per_floor":[70,70,70,70,70,70,70,70,70,70,70,70,70,70,70,70],"card_choices":[{"not_picked":["Predator","Outmaneuver"],"picked":"Endless Agony","floor":1},{"not_picked":["Deflect","Calculated Gamble"],"picked":"Quick Slash","floor":3},{"not_picked":["Blur","Flechettes"],"picked":"Well Laid Plans","floor":6},{"not_picked":["Distraction","Blade Dance"],"picked":"Crippling Poison","floor":8},{"not_picked":["Grand Finale+1","Dagger Spray+1"],"picked":"Deadly Poison","floor":13},{"not_picked":["Slice+1","Dagger Spray+1"],"picked":"Blur","floor":14}],"player_experience":198056,"relics_obtained":[{"floor":6,"key":"Molten Egg 2"},{"floor":8,"key":"Omamori"},{"floor":9,"key":"Singing Bowl"},{"floor":11,"key":"PreservedInsect"},{"floor":13,"key":"Orichalcum"}],"event_choices":[{"damage_healed":0,"gold_gain":0,"player_choice":"1 cards matched","damage_taken":0,"max_hp_gain":0,"max_hp_loss":0,"event_name":"Match and Keep!","floor":2,"gold_loss":0,"cards_obtained":["Skewer"]},{"damage_healed":0,"gold_gain":75,"player_choice":"Gather Gold","damage_taken":11,"max_hp_gain":0,"max_hp_loss":0,"event_name":"World of Goop","floor":4,"gold_loss":0},{"damage_healed":0,"gold_gain":0,"player_choice":"Bought 0 Potions","damage_taken":0,"max_hp_gain":0,"max_hp_loss":0,"event_name":"The Woman in Blue","floor":12,"gold_loss":0}],"is_beta":false,"boss_relics":[],"items_purged_floors":[5],"is_endless":false,"potions_floor_spawned":[1,8],"killed_by":"Hexaghost","ascension_level":3}