{"gold_per_floor":[113,124,3,16,34,34,66,81,160,160,177,14,34,45,45,142,142,124,134,146,61,14,14,25,1,28,28],"floor_reached":27,"playtime":2456,"items_purged":["Strike_B"],"score":219,"play_id":"a914d4fd-c456-4f07-aa0b-cd52c72c0ce9","local_time":"20180923052622","is_ascension_mode":false,"campfire_choices":[{"data":"Loop","floor":6,"key":"SMITH"},{"data":"1","floor":10,"key":"LIFT"},{"floor":15,"key":"REST"},{"floor":23,"key":"REST"}],"neow_cost":"","seed_source_timestamp":794524496903508,"circlet_count":0,"master_deck":["Strike_B","Strike_B","Strike_B","Defend_B","Defend_B","Defend_B","Defend_B","Zap","Dualcast","Loop+1","Chill","Mind Blast","Cold Snap","Sweeping Beam","Redo","Seek","Streamline","Streamline","Capacitor","Gash","Hologram","Creative AI","Machine Learning","Hologram+1","Leap+1","Fusion+1","Barrage","Capacitor+1","Gash"],"relics":["Cracked Core","Girya","Bottled Lightning","Lizard Tail","Ginger","Strawberry"],"potions_floor_usage":[20,20,20],"damage_taken":[{"damage":1,"enemies":"Cultist","floor":1,"turns":3},{"damage":0,"enemies":"2 Louse","floor":2,"turns":2},{"damage":0,"enemies":"Small Slimes","floor":4,"turns":4},{"damage":3,"enemies":"Looter","floor":5,"turns":3},{"damage":27,"enemies":"Lagavulin","floor":7,"turns":7},{"damage":0,"enemies":"Exordium Wildlife","floor":8,"turns":2},{"damage":5,"enemies":"2 Fungi Beasts","floor":11,"turns":3},{"damage":6,"enemies":"3 Louse","floor":13,"turns":3},{"damage":9,"enemies":"Red Slaver","floor":14,"turns":2},{"damage":30,"enemies":"The Guardian","floor":16,"turns":11},{"damage":27,"enemies":"2 Thieves","floor":18,"turns":4},{"damage":16,"enemies":"3 Byrds","floor":19,"turns":6},{"damage":19,"enemies":"Snake Plant","floor":20,"turns":4},{"damage":9,"enemies":"Snecko","floor":24,"turns":4},{"damage":75,"enemies":"Book of Stabbing","floor":27,"turns":7}],"seed_played":"-3400207784982561448","potions_obtained":[{"floor":1,"key":"EntropicBrew"},{"floor":5,"key":"Weak Potion"},{"floor":8,"key":"Poison Potion"},{"floor":16,"key":"Weak Potion"},{"floor":19,"key":"Block Potion"}],"is_trial":false,"path_per_floor":["M","M","$","M","M","R","E","M","T","R","M","$","M","M","R","B",null,"M","M","M","?","$","R","M","$","T"],"character_chosen":"DEFECT","items_purchased":["Mind Blast","Cold Snap","Capacitor","Gash","Barrage","Gash"],"campfire_rested":2,"item_purchase_floors":[3,3,12,12,22,25],"current_hp_per_floor":[74,74,74,74,71,71,44,44,44,44,39,39,33,24,46,16,75,48,32,13,13,13,35,26,26,33,0],"gold":28,"neow_bonus":"","is_prod":false,"is_daily":false,"chose_seed":false,"campfire_upgraded":1,"win_rate":0.0,"timestamp":1537694782,"path_taken":["M","M","$","M","M","R","E","M","T","R","M","?","M","M","R","BOSS","M","?","?","?","$","R","M","?","T","E"],"build_version":"2018-09-20","purchased_purges":1,"victory":false,"max_hp_per_floor":[75,75,75,75,75,75,75,75,75,75,75,75,75,75,75,75,75,75,75,75,75,75,75,75,75,82,82],"card_choices":[{"not_picked":["Blizzard","Hologram"],"picked":"Loop","floor":1},{"not_picked":["Darkness","Auto Shields"],"picked":"Chill","floor":2},{"not_picked":["Cold Snap","Static Discharge"],"picked":"Sweeping Beam","floor":4},{"not_picked":["Chaos","Compile Driver"],"picked":"Redo","floor":5},{"not_picked":["Tempest","Barrage"],"picked":"Seek","floor":7},{"not_picked":["Stack","Cold Snap"],"picked":"Streamline","floor":8},{"not_picked":["Sweeping Beam","Coolheaded"],"picked":"Streamline","floor":11},{"not_picked":["Ball Lightning","Storm"],"picked":"Hologram","floor":13},{"not_picked":["Steam","Ball Lightning"],"picked":"Creative AI","floor":14},{"not_picked":["Electrodynamics","All For One"],"picked":"Machine Learning","floor":16},{"not_picked":["Gash","Conserve Battery"],"picked":"Hologram+1","floor":18},{"not_picked":["Self Repair","Streamline"],"picked":"Leap+1","floor":19},{"not_picked":["Sweeping Beam","Streamline"],"picked":"Fusion+1","floor":20},{"not_picked":["Hello World","Leap+1"],"picked":"Capacitor+1","floor":24}],"player_experience":10742,"relics_obtained":[{"floor":7,"key":"Girya"},{"floor":9,"key":"Bottled Lightning"},{"floor":26,"key":"Strawberry"}],"event_choices":[{"event_name":"Addict","player_choice":"Obtained Relic","floor":21,"damage_taken":0}],"is_beta":false,"boss_relics":[{"not_picked":["Orrery","Runic Pyramid"],"picked":"Lizard Tail"}],"items_purged_floors":[12],"is_endless":false,"potions_floor_spawned":[1,5,8,11,14,16,19],"killed_by":"Book of Stabbing","ascension_level":0}