{"path_per_floor":["M","?","M","T","?","R","E","R","T","M","M","R","M","M","R"],"character_chosen":"DEFECT","items_purchased":[],"gold_per_floor":[118,118,132,132,132,132,167,167,167,186,203,203,219,230,230,230],"floor_reached":16,"campfire_rested":0,"playtime":735,"item_purchase_floors":[],"current_hp_per_floor":[69,69,69,69,69,69,58,58,58,53,52,52,47,34,34,0],"items_purged":[],"gold":230,"score":102,"play_id":"49fa7b2d-33fb-4169-b4d0-574fa9d0c485","local_time":"20180530152840","is_prod":false,"is_daily":false,"chose_seed":false,"is_ascension_mode":false,"campfire_upgraded":4,"win_rate":0,"timestamp":1527661720,"campfire_choices":[{"data":"Zap","floor":6,"key":"SMITH"},{"data":"Dualcast","floor":8,"key":"SMITH"},{"data":"Turbo","floor":12,"key":"SMITH"},{"data":"Recycle","floor":15,"key":"SMITH"}],"path_taken":["M","?","?","?","?","R","E","R","T","M","M","R","M","M","R","BOSS"],"build_version":"2018-05-28","seed_source_timestamp":60466433830631,"purchased_purges":0,"victory":false,"master_deck":["Strike_B","Strike_B","Strike_B","Defend_B","Defend_B","Defend_B","Defend_B","Zap+1","Dualcast+1","Ball Lightning","Meteor Strike","Turbo+1","Regret","Coolheaded","Coolheaded","White Noise","Ball Lightning","Recycle+1"],"max_hp_per_floor":[75,75,75,75,75,75,75,75,75,75,75,75,75,75,75,75],"relics":["Cracked Core","Orichalcum","Sundial","Shuriken","Letter Opener"],"card_choices":[{"not_picked":["Cold Snap","Storm"],"picked":"Ball Lightning","floor":1},{"not_picked":["Streamline","Stack"],"picked":"Turbo","floor":3},{"not_picked":["Double Energy","Steam"],"picked":"Coolheaded","floor":7},{"not_picked":["Steam Power","Rebound"],"picked":"Coolheaded","floor":10},{"not_picked":["Blizzard","Steam"],"picked":"White Noise","floor":11},{"not_picked":["Sweeping Beam","Reinforced Body"],"picked":"Ball Lightning","floor":13},{"not_picked":["Barrage","Buffer"],"picked":"Recycle","floor":14}],"player_experience":202514,"potions_floor_usage":[7],"damage_taken":[{"damage":6,"enemies":"Jaw Worm","floor":1,"turns":4},{"damage":0,"enemies":"Small Slimes","floor":3,"turns":3},{"damage":11,"enemies":"Gremlin Nob","floor":7,"turns":3},{"damage":5,"enemies":"Cultist","floor":10,"turns":3},{"damage":1,"enemies":"Exordium Thugs","floor":11,"turns":2},{"damage":5,"enemies":"Looter","floor":13,"turns":2},{"damage":13,"enemies":"Large Slime","floor":14,"turns":4},{"damage":34,"enemies":"The Guardian","floor":16,"turns":5}],"relics_obtained":[{"floor":4,"key":"Orichalcum"},{"floor":7,"key":"Shuriken"},{"floor":9,"key":"Letter Opener"}],"event_choices":[{"event_name":"Living Wall","player_choice":"Change","floor":2,"damage_taken":0},{"event_name":"Big Fish","player_choice":"Box","floor":5,"damage_taken":0}],"boss_relics":[],"items_purged_floors":[],"potions_floor_spawned":[3,11],"seed_played":"8765989630387017456","killed_by":"The Guardian","ascension_level":0,"potions_obtained":[{"floor":3,"key":"Fire Potion"},{"floor":11,"key":"SkillPotion"}],"is_trial":false}