{"gold_per_floor":[118,118,118,129,129,129,162,162,162,173,16,16,50,70,70,142,142,162,70,82,99,99,99,99],"floor_reached":24,"playtime":1060,"items_purged":["Strike_G"],"score":408,"play_id":"3e3a6825-c182-43d0-b2fa-1abb30839321","local_time":"20181027052315","is_ascension_mode":true,"campfire_choices":[{"data":"Neutralize","floor":6.0,"key":"SMITH"},{"floor":8.0,"key":"REST"},{"floor":12.0,"key":"REST"},{"data":"Well Laid Plans","floor":15.0,"key":"SMITH"},{"floor":23.0,"key":"REST"}],"neow_cost":"NONE","seed_source_timestamp":676479537688400,"circlet_count":0,"master_deck":["Survivor","Neutralize+1","AscendersBane","Dagger Throw","Well Laid Plans+1","Skewer","Slice+1","Sucker Punch+1","Poisoned Stab+1","Die Die Die+1","Deflect","Doppelganger","Concentrate","Backflip","Blur","Bane+1","Poisoned Stab+1","Deflect","Flechettes+1","Deadly Poison","Blur","Leg Sweep","Cloak And Dagger","Dagger Spray+1"],"special_seed":0,"relics":["Sozu","Mummified Hand","Molten Egg 2","Frozen Egg 2","Pandora\u0027s Box","FaceOfCleric"],"potions_floor_usage":[],"damage_taken":[{"damage":4.0,"enemies":"2 Louse","floor":1.0,"turns":3.0},{"damage":7.0,"enemies":"Jaw Worm","floor":4.0,"turns":6.0},{"damage":42.0,"enemies":"Gremlin Nob","floor":7.0,"turns":5.0},{"damage":0.0,"enemies":"Cultist","floor":10.0,"turns":3.0},{"damage":11.0,"enemies":"3 Sentries","floor":13.0,"turns":7.0},{"damage":1.0,"enemies":"Blue Slaver","floor":14.0,"turns":2.0},{"damage":15.0,"enemies":"The Guardian","floor":16.0,"turns":11.0},{"damage":20.0,"enemies":"Shell Parasite","floor":18.0,"turns":4.0},{"damage":0.0,"enemies":"Chosen","floor":20.0,"turns":3.0},{"damage":13.0,"enemies":"Snake Plant","floor":21.0,"turns":4.0},{"damage":50,"enemies":"Book of Stabbing","floor":24,"turns":5}],"seed_played":"-2009602443113346292","potions_obtained":[],"is_trial":false,"path_per_floor":["M","?","?","M","?","R","E","R","T","M","$","R","E","M","R","B",null,"M","$","M","M","?","R"],"character_chosen":"THE_SILENT","items_purchased":["Sucker Punch+1","Poisoned Stab+1","Leg Sweep","Cloak And Dagger"],"campfire_rested":3,"item_purchase_floors":[11,11,19,19],"current_hp_per_floor":[55,55,55,48,53,53,11,32,32,32,32,53,42,41,41,26,60,40,40,40,27,27,48,0],"gold":99,"neow_bonus":"BOSS_RELIC","is_prod":false,"is_daily":false,"chose_seed":false,"campfire_upgraded":2,"win_rate":0,"timestamp":1540632195,"path_taken":["M","?","?","M","?","R","E","R","T","M","$","R","E","M","R","BOSS","M","$","M","M","?","R","E"],"build_version":"2018-10-19","purchased_purges":1,"victory":false,"max_hp_per_floor":[66,66,66,66,71,71,71,71,71,71,71,71,71,71,71,71,71,71,71,71,71,71,71,71],"card_choices":[{"not_picked":["Cloak And Dagger","Catalyst"],"picked":"Dagger Throw","floor":1.0},{"not_picked":["Deflect","Blade Dance"],"picked":"Well Laid Plans","floor":4.0},{"not_picked":["Finisher","Cloak And Dagger"],"picked":"Skewer","floor":7.0},{"not_picked":["Flechettes+1","Setup"],"picked":"Slice+1","floor":10.0},{"not_picked":["Expertise","Prepared"],"picked":"Die Die Die+1","floor":13.0},{"not_picked":["Concentrate","Finisher+1"],"picked":"Deflect","floor":14.0},{"not_picked":["Bullet Time","Venomology"],"picked":"Doppelganger","floor":16.0},{"not_picked":["Underhanded Strike+1","Escape Plan"],"picked":"Blur","floor":18.0},{"not_picked":["All Out Attack+1","Outmaneuver"],"picked":"Dagger Spray+1","floor":20.0},{"not_picked":["Predator+1","Endless Agony+1","Flying Knee+1"],"picked":"SKIP","floor":21.0}],"player_experience":1520156,"relics_obtained":[{"floor":7.0,"key":"Mummified Hand"},{"floor":9.0,"key":"Molten Egg 2"},{"floor":13.0,"key":"Frozen Egg 2"}],"event_choices":[{"damage_healed":0.0,"max_hp_gain":0.0,"max_hp_loss":0.0,"gold_gain":0.0,"event_name":"Liars Game","player_choice":"Ignored","floor":2.0,"gold_loss":0.0,"damage_taken":0.0},{"cards_removed":["Strike_G"],"damage_healed":0.0,"max_hp_gain":0.0,"max_hp_loss":0.0,"gold_gain":0.0,"event_name":"Bonfire Elementals","player_choice":"Offered Basic","floor":3.0,"gold_loss":0.0,"damage_taken":0.0},{"damage_healed":0.0,"max_hp_gain":5.0,"max_hp_loss":0.0,"gold_gain":0.0,"event_name":"Big Fish","player_choice":"Donut","floor":5.0,"gold_loss":0.0,"damage_taken":0.0},{"damage_healed":0.0,"max_hp_gain":0.0,"max_hp_loss":0.0,"gold_gain":0.0,"event_name":"FaceTrader","player_choice":"Trade","floor":22.0,"gold_loss":0.0,"damage_taken":0.0,"relics_obtained":["FaceOfCleric"]}],"is_beta":true,"boss_relics":[{"not_picked":["Black Star","Eternal Feather"],"picked":"Pandora\u0027s Box"}],"items_purged_floors":[11],"is_endless":false,"potions_floor_spawned":[4,13,16,20],"killed_by":"Book of Stabbing","ascension_level":20}