{"gold_per_floor":[111,111,131,141,141,176,176,191,217,217],"floor_reached":10,"playtime":449,"items_purged":[],"score":102,"play_id":"b3218e47-59f2-45de-98a0-884cf6921cb4","local_time":"20181026010904","is_ascension_mode":true,"campfire_choices":[{"data":"Chaos","floor":7,"key":"SMITH"}],"neow_cost":"NONE","seed_source_timestamp":185867685139135,"circlet_count":0,"master_deck":["Strike_B","Strike_B","Strike_B","Strike_B","Defend_B","Defend_B","Defend_B","Defend_B","Zap","Dualcast","AscendersBane","Machine Learning","Consume+1","Beam Cell","Turbo","Chaos+1","Glacier"],"relics":["Cracked Core","DataDisk","Pen Nib","Bronze Scales"],"potions_floor_usage":[10],"damage_taken":[{"damage":0,"enemies":"Small Slimes","floor":1,"turns":3},{"damage":19,"enemies":"Jaw Worm","floor":3,"turns":4},{"damage":1,"enemies":"Cultist","floor":4,"turns":3},{"damage":30,"enemies":"3 Sentries","floor":6,"turns":8},{"damage":13,"enemies":"Red Slaver","floor":8,"turns":3},{"damage":6,"enemies":"Lots of Slimes","floor":10,"turns":1}],"seed_played":"3036937570307144621","potions_obtained":[{"floor":1,"key":"Explosive Potion"},{"floor":3,"key":"Regen Potion"}],"is_trial":false,"path_per_floor":["M","?","M","M","?","E","R","M","T"],"character_chosen":"DEFECT","items_purchased":[],"campfire_rested":0,"item_purchase_floors":[],"current_hp_per_floor":[68,65,46,45,45,15,15,2,2,0],"gold":217,"neow_bonus":"ONE_RANDOM_RARE_CARD","is_prod":false,"is_daily":false,"chose_seed":false,"campfire_upgraded":1,"win_rate":0,"timestamp":1540483744,"path_taken":["M","?","?","?","?","E","R","M","T","M"],"build_version":"2018-10-18","purchased_purges":0,"victory":false,"max_hp_per_floor":[75,75,75,75,75,75,75,75,75,75],"card_choices":[{"not_picked":["White Noise","Redo"],"picked":"Consume","floor":1},{"not_picked":["Barrage","Consume"],"picked":"Beam Cell","floor":3},{"not_picked":["Leap","Gash"],"picked":"Turbo","floor":4},{"not_picked":["Lockon","Hologram"],"picked":"Chaos","floor":6},{"not_picked":["Gash","Fission"],"picked":"Glacier","floor":8}],"player_experience":539895,"relics_obtained":[{"floor":6,"key":"Pen Nib"},{"floor":9,"key":"Bronze Scales"}],"event_choices":[{"damage_healed":0,"gold_gain":0,"player_choice":"Success","damage_taken":3,"relics_obtained":["DataDisk"],"max_hp_gain":0,"max_hp_loss":0,"event_name":"Scrap Ooze","floor":2,"gold_loss":0},{"damage_healed":0,"gold_gain":0,"player_choice":"Forge","damage_taken":0,"max_hp_gain":0,"max_hp_loss":0,"event_name":"Accursed Blacksmith","floor":5,"gold_loss":0,"cards_upgraded":["Consume"]}],"is_beta":false,"boss_relics":[],"items_purged_floors":[],"is_endless":false,"potions_floor_spawned":[1,3],"killed_by":"Lots of Slimes","ascension_level":10}