{"gold_per_floor":[119,119,43,58,70,70,95,95,148,148,180,196,207,257,257,257],"floor_reached":16,"playtime":774,"items_purged":[],"score":220,"play_id":"0c0a1971-1c53-4862-9f71-0ee4f647483e","local_time":"20181025215633","is_ascension_mode":true,"campfire_choices":[{"data":"Neutralize","floor":6,"key":"SMITH"},{"data":"Footwork","floor":8,"key":"SMITH"},{"floor":15,"key":"REST"}],"neow_cost":"NONE","seed_source_timestamp":563789683751500,"circlet_count":0,"master_deck":["Defend_G","Defend_G","Defend_G","Defend_G","Defend_G","Strike_G","Strike_G","Strike_G","Survivor","Neutralize+1","AscendersBane","Sucker Punch","Footwork+1","Slice","Quick Slash","Dash","Cloak And Dagger"],"relics":["Empty Cage","Happy Flower","Art of War","Smiling Mask"],"potions_floor_usage":[7,7,16],"damage_taken":[{"damage":1,"enemies":"2 Louse","floor":1,"turns":5},{"damage":5,"enemies":"Cultist","floor":4,"turns":7},{"damage":2,"enemies":"Small Slimes","floor":5,"turns":5},{"damage":13,"enemies":"3 Sentries","floor":7,"turns":3},{"damage":49,"enemies":"Gremlin Nob","floor":11,"turns":7},{"damage":8,"enemies":"3 Louse","floor":12,"turns":5},{"damage":14,"enemies":"Lots of Slimes","floor":13,"turns":6},{"damage":35,"enemies":"Slime Boss","floor":16,"turns":11}],"seed_played":"1716573289336550330","potions_obtained":[{"floor":1,"key":"LiquidBronze"},{"floor":2,"key":"SkillPotion"},{"floor":12,"key":"Fire Potion"}],"is_trial":false,"path_per_floor":["M","?","$","M","M","R","E","R","T","?","E","M","M","?","R"],"character_chosen":"THE_SILENT","items_purchased":["Footwork"],"campfire_rested":1,"item_purchase_floors":[3],"current_hp_per_floor":[58,58,58,53,51,51,38,38,38,76,27,19,5,5,27,0],"gold":257,"neow_bonus":"BOSS_RELIC","is_prod":false,"is_daily":false,"chose_seed":false,"campfire_upgraded":2,"win_rate":0,"timestamp":1540518993,"path_taken":["M","?","$","M","M","R","E","R","T","?","E","M","M","?","R","BOSS"],"build_version":"2018-10-19","purchased_purges":0,"victory":false,"max_hp_per_floor":[66,66,66,66,66,66,66,66,66,76,76,76,76,76,76,76],"card_choices":[{"not_picked":["Choke","Flying Knee"],"picked":"Sucker Punch","floor":1},{"not_picked":["Underhanded Strike","Blade Dance","Acrobatics"],"picked":"SKIP","floor":4},{"not_picked":["Catalyst","Prepared"],"picked":"Slice","floor":5},{"not_picked":["Dagger Throw","Unload"],"picked":"Adrenaline","floor":7},{"not_picked":["Prepared","Phantasmal Killer"],"picked":"Quick Slash","floor":11},{"not_picked":["Sucker Punch","Dagger Spray"],"picked":"Dash","floor":12},{"not_picked":["PiercingWail","Reflex"],"picked":"Cloak And Dagger","floor":13}],"player_experience":1500525,"relics_obtained":[{"floor":7,"key":"Happy Flower"},{"floor":9,"key":"Art of War"},{"floor":11,"key":"Smiling Mask"}],"event_choices":[{"damage_healed":0,"gold_gain":0,"player_choice":"Got Potions","damage_taken":0,"max_hp_gain":0,"max_hp_loss":0,"event_name":"The Lab","floor":2,"gold_loss":0},{"cards_removed":["Adrenaline"],"damage_healed":28,"gold_gain":0,"player_choice":"Offered Rare","damage_taken":0,"max_hp_gain":10,"max_hp_loss":0,"event_name":"Bonfire Elementals","floor":10,"gold_loss":0},{"damage_healed":0,"gold_gain":100,"player_choice":"Pray","damage_taken":0,"max_hp_gain":0,"max_hp_loss":0,"event_name":"Golden Shrine","floor":14,"gold_loss":0}],"is_beta":true,"boss_relics":[],"items_purged_floors":[],"is_endless":false,"potions_floor_spawned":[1,4,12],"killed_by":"Slime Boss","ascension_level":20}