{"gold_per_floor":[117,137,152,72,83,111,111,122,201,201,233,233,101,114,114,217,217,231,246,266,181,197,197,197],"floor_reached":24,"playtime":4578,"items_purged":[],"score":210,"play_id":"daba739c-1066-4887-8cd6-1863dcf9f80f","local_time":"20190127020113","is_ascension_mode":false,"campfire_choices":[{"floor":7,"key":"REST"},{"data":"Zap","floor":10,"key":"SMITH"},{"floor":15,"key":"REST"},{"floor":23,"key":"REST"}],"neow_cost":"NONE","seed_source_timestamp":30487906465947,"circlet_count":0,"master_deck":["Strike_B","Strike_B","Strike_B","Defend_B","Defend_B","Defend_B","Defend_B","Zap+1","Dualcast","Blind","Capacitor","Self Repair","Static Discharge","Bandage Up","Leap","Electrodynamics","Leap","Capacitor","Go for the Eyes","Consume+1"],"relics":["Cracked Core","Kunai","Tiny Chest","Bottled Flame","Orrery","Smiling Mask"],"potions_floor_usage":[6,6,16,16,18,24,24],"damage_taken":[{"damage":2,"enemies":"Small Slimes","floor":1,"turns":3},{"damage":0,"enemies":"Cultist","floor":2,"turns":3},{"damage":3,"enemies":"Jaw Worm","floor":3,"turns":3},{"damage":3,"enemies":"Large Slime","floor":5,"turns":6},{"damage":34,"enemies":"Lagavulin","floor":6,"turns":7},{"damage":5,"enemies":"2 Fungi Beasts","floor":8,"turns":4},{"damage":44,"enemies":"3 Sentries","floor":11,"turns":7},{"damage":22,"enemies":"Gremlin Gang","floor":14,"turns":4},{"damage":16,"enemies":"The Guardian","floor":16,"turns":14},{"damage":15,"enemies":"Spheric Guardian","floor":18,"turns":6},{"damage":5,"enemies":"3 Byrds","floor":19,"turns":2},{"damage":29,"enemies":"Snecko","floor":20,"turns":6},{"damage":39,"enemies":"Snake Plant","floor":22,"turns":5},{"damage":37,"enemies":"Book of Stabbing","floor":24,"turns":5}],"seed_played":"3172980449989782802","potions_obtained":[{"floor":1,"key":"Fire Potion"},{"floor":2,"key":"Weak Potion"},{"floor":3,"key":"SpeedPotion"},{"floor":6,"key":"LiquidBronze"},{"floor":14,"key":"EssenceOfSteel"},{"floor":16,"key":"PowerPotion"},{"floor":20,"key":"Energy Potion"}],"is_trial":false,"path_per_floor":["M","M","M","$","M","E","R","M","T","R","E","?","$","M","R","B",null,"M","M","M","?","M","R","E"],"character_chosen":"DEFECT","items_purchased":["Self Repair","Static Discharge","Bandage Up"],"campfire_rested":3,"item_purchase_floors":[4,13,13],"current_hp_per_floor":[73,73,70,70,74,47,69,71,71,71,34,34,34,23,45,33,75,60,55,37,37,9,31,0],"gold":197,"neow_bonus":"RANDOM_COLORLESS","is_prod":false,"is_daily":false,"chose_seed":false,"campfire_upgraded":1,"win_rate":0.0,"timestamp":1548572473,"path_taken":["M","M","M","$","M","E","R","M","T","R","E","?","$","M","R","BOSS","M","M","?","?","M","R","E"],"build_version":"2019-01-23","purchased_purges":0,"victory":false,"max_hp_per_floor":[75,75,75,75,75,75,75,75,75,75,75,75,75,75,75,75,75,75,75,75,75,75,75,75],"card_choices":[{"not_picked":["Steam Power","Coolheaded"],"picked":"Capacitor","floor":1},{"not_picked":["Redo","Compile Driver","Loop"],"picked":"SKIP","floor":2},{"not_picked":["Force Field","Coolheaded","Turbo"],"picked":"SKIP","floor":3},{"not_picked":["Beam Cell","Double Energy","Reinforced Body"],"picked":"SKIP","floor":5},{"not_picked":["Compile Driver","Aggregate","Redo"],"picked":"SKIP","floor":6},{"not_picked":["Sunder","Steam","Loop"],"picked":"SKIP","floor":8},{"not_picked":["Rip and Tear","Fission","Glacier"],"picked":"SKIP","floor":11},{"not_picked":["Rip and Tear","Fission","Glacier"],"picked":"SKIP","floor":11},{"not_picked":["Go for the Eyes","Melter"],"picked":"Leap","floor":14},{"not_picked":["All For One","Creative AI"],"picked":"Electrodynamics","floor":16},{"not_picked":["Redo","Beam Cell"],"picked":"Leap","floor":17},{"not_picked":["Darkness","Hello World"],"picked":"Capacitor","floor":17},{"not_picked":["Hologram","Undo"],"picked":"Go for the Eyes","floor":17},{"not_picked":["Compile Driver","FTL"],"picked":"Consume+1","floor":18},{"not_picked":["Go for the Eyes","Streamline","Compile Driver"],"picked":"SKIP","floor":19},{"not_picked":["Hyperbeam","Coolheaded","Turbo+1"],"picked":"SKIP","floor":20},{"not_picked":["Scrape","Streamline","Stack"],"picked":"SKIP","floor":22}],"player_experience":112728,"relics_obtained":[{"floor":6,"key":"Kunai"},{"floor":9,"key":"Tiny Chest"},{"floor":11,"key":"Bottled Flame"}],"event_choices":[{"cards_removed":["Strike_B"],"damage_healed":0,"gold_gain":0,"player_choice":"Card Removal","damage_taken":0,"max_hp_gain":0,"max_hp_loss":0,"event_name":"Wheel of Change","floor":12,"gold_loss":0},{"damage_healed":0,"gold_gain":0,"player_choice":"Obtained Relic","damage_taken":0,"relics_obtained":["Smiling Mask"],"max_hp_gain":0,"max_hp_loss":0,"event_name":"Addict","floor":21,"gold_loss":85}],"is_beta":false,"boss_relics":[{"not_picked":["FrozenCore","Cursed Key"],"picked":"Orrery"}],"items_purged_floors":[],"is_endless":false,"potions_floor_spawned":[1,2,3,6,14,16,20],"killed_by":"Book of Stabbing","ascension_level":0}