{"path_per_floor":["M","$","?","M","?","R","M","R","T","E","M","E","M","E","R","B",null,"M","M","?","M","?","E","$","E","T","M","$","E","?","E","R","B",null,"M","$","M","M","?","E","?","R","T","R","?","E","M","E","R","B"],"character_chosen":"THE_SILENT","items_purchased":["Finisher","After Image","Snake Skull"],"gold_per_floor":[118,43,43,61,11,11,27,27,27,59,72,100,113,147,147,252,252,271,282,197,211,211,238,102,134,209,221,76,101,101,128,128,229,229,239,86,96,114,0,25,125,125,148,148,148,182,197,222,222,222],"floor_reached":51,"campfire_rested":1,"playtime":4149,"current_hp_per_floor":[68,68,56,52,52,52,52,52,59,53,57,42,42,27,50,36,77,67,58,58,52,52,43,43,23,29,31,31,27,27,36,36,41,59,39,39,32,29,29,33,33,33,39,39,39,29,25,35,35,30],"items_purged":["Strike_G","Defend_G"],"gold":222,"score":937,"play_id":"3d61dc88-ca44-429a-bbdc-d89be9396896","local_time":"20180428144405","is_prod":false,"is_daily":false,"chose_seed":false,"is_ascension_mode":true,"campfire_upgraded":5,"timestamp":1524894245,"path_taken":["M","$","?","M","?","R","M","R","T","E","M","E","?","E","R","BOSS","M","?","?","?","?","E","$","E","T","M","?","E","?","E","R","BOSS","M","$","M","M","?","E","?","R","T","R","?","E","M","E","R","BOSS"],"build_version":"2018-04-26","seed_source_timestamp":18911698851452,"purchased_purges":2,"victory":true,"master_deck":["Defend_G","Defend_G","Defend_G","Defend_G","Survivor+1","Neutralize","Dagger Spray+1","Backstab","Accuracy","Flying Knee","Well Laid Plans","Dagger Spray","Flying Knee","Adrenaline","Flying Knee","Cloak And Dagger+1","Acrobatics+1","Bite","Bite","Bite","Bite","Bite","Backflip","Finisher","Dagger Spray+1","Clumsy","Distraction","After Image+1","Deflect","Infinite Blades+1","Envenom+1","Escape Plan+1","Outmaneuver+1","Accuracy","Prepared+1","Clumsy","Trip","Backflip+1","Cloak And Dagger"],"max_hp_per_floor":[70,70,70,70,70,70,70,70,77,77,77,77,77,77,77,77,77,77,77,77,77,53,53,53,53,59,59,59,59,59,59,59,59,59,59,59,59,59,59,59,59,59,65,65,65,65,65,65,65,65],"relics":["Ring of the Snake","Art of War","Strawberry","Toolbox","Shuriken","Darkstone Periapt","Cursed Key","Lantern","Dream Catcher","Centennial Puzzle","Pantograph","Orichalcum","Oddly Smooth Stone","Lizard Tail","Snake Skull","Red Mask","Mummified Hand","Anchor","Shovel","Prayer Wheel","Du-Vu Doll"],"card_choices":[{"not_picked":["Finisher","Bane"],"picked":"Dagger Spray","floor":1},{"not_picked":["Heel Hook","Bouncing Flask"],"picked":"Backstab","floor":4},{"not_picked":["PiercingWail","Outmaneuver"],"picked":"Accuracy","floor":7},{"not_picked":["Quick Slash","Caltrops"],"picked":"Flying Knee","floor":11},{"not_picked":["Dagger Spray","Predator"],"picked":"Well Laid Plans","floor":12},{"not_picked":["Dodge and Roll","Dagger Throw"],"picked":"Dagger Spray","floor":13},{"not_picked":["Terror","Deadly Poison"],"picked":"Flying Knee","floor":14},{"not_picked":["Glass Knife","Storm of Steel"],"picked":"Adrenaline","floor":16},{"not_picked":["Riddle With Holes","Deflect"],"picked":"Flying Knee","floor":18},{"not_picked":["Deadly Poison","Heel Hook"],"picked":"Cloak And Dagger","floor":19},{"not_picked":["Footwork","Malaise"],"picked":"Acrobatics","floor":21},{"not_picked":["Bane","Corpse Explosion"],"picked":"Backflip","floor":23},{"not_picked":["Riddle With Holes","Dodge and Roll"],"picked":"Dagger Spray","floor":25},{"not_picked":["Deadly Poison","Backflip"],"picked":"Distraction","floor":27},{"not_picked":["Bane","Heel Hook"],"picked":"Deflect","floor":29},{"not_picked":["Deadly Poison","Night Terror"],"picked":"Infinite Blades","floor":31},{"not_picked":["A Thousand Cuts","Night Terror"],"picked":"Envenom","floor":33},{"not_picked":["Dagger Throw","Underhanded Strike"],"picked":"Escape Plan","floor":35},{"not_picked":["Backflip","Leg Sweep"],"picked":"Outmaneuver","floor":37},{"not_picked":["Riddle With Holes","Backflip"],"picked":"Accuracy","floor":38},{"not_picked":["Terror","Backflip"],"picked":"Prepared","floor":40},{"not_picked":["Mind Blast","Dramatic Entrance"],"picked":"Trip","floor":45},{"not_picked":["Slice","Dagger Throw"],"picked":"Backflip","floor":47},{"not_picked":["Expertise","Underhanded Strike"],"picked":"Cloak And Dagger","floor":48}],"player_experience":84889,"potions_floor_usage":[10,14,23,29,33,38,40,40,50,50,50],"damage_taken":[{"damage":2,"enemies":"Jaw Worm","floor":1,"turns":6},{"damage":4,"enemies":"Small Slimes","floor":4,"turns":4},{"damage":0,"enemies":"Cultist","floor":7,"turns":3},{"damage":6,"enemies":"3 Sentries","floor":10,"turns":10},{"damage":0,"enemies":"Gremlin Gang","floor":11,"turns":5},{"damage":15,"enemies":"Gremlin Nob","floor":12,"turns":4},{"damage":0,"enemies":"Large Slime","floor":13,"turns":4},{"damage":15,"enemies":"Lagavulin","floor":14,"turns":7},{"damage":14,"enemies":"Hexaghost","floor":16,"turns":9},{"damage":10,"enemies":"Chosen","floor":18,"turns":5},{"damage":9,"enemies":"Shell Parasite","floor":19,"turns":4},{"damage":6,"enemies":"3 Cultists","floor":21,"turns":4},{"damage":24,"enemies":"Book of Stabbing","floor":23,"turns":5},{"damage":38,"enemies":"Gremlin Leader","floor":25,"turns":6},{"damage":8,"enemies":"Centurion and Healer","floor":27,"turns":3},{"damage":16,"enemies":"Slavers","floor":29,"turns":5},{"damage":1,"enemies":"Gremlin Leader","floor":31,"turns":4},{"damage":30,"enemies":"Collector","floor":33,"turns":7},{"damage":24,"enemies":"3 Shapes","floor":35,"turns":3},{"damage":11,"enemies":"3 Darklings","floor":37,"turns":4},{"damage":9,"enemies":"Sphere and 2 Shapes","floor":38,"turns":3},{"damage":6,"enemies":"Giant Head","floor":40,"turns":5},{"damage":18,"enemies":"2 Orb Walkers","floor":46,"turns":4},{"damage":12,"enemies":"4 Shapes","floor":47,"turns":8},{"damage":0,"enemies":"Giant Head","floor":48,"turns":6},{"damage":91,"enemies":"Awakened One","floor":50,"turns":9}],"event_choices":[{"event_name":"Scrap Ooze","player_choice":"success","floor":3,"damage_taken":12},{"event_name":"The Cleric","player_choice":"Card Removal","floor":5,"damage_taken":0},{"event_name":"Addict","player_choice":"Obtained Relic","floor":20,"damage_taken":0},{"event_name":"Vampires","player_choice":"Became a vampire","floor":22,"damage_taken":0},{"event_name":"Drug Dealer","player_choice":"Ignored","floor":30,"damage_taken":0},{"event_name":"Tomb of Lord Red Mask","player_choice":"Paid","floor":39,"damage_taken":0},{"event_name":"Golden Shrine","player_choice":"Pray","floor":41,"damage_taken":0},{"event_name":"SensoryStone","player_choice":"Memory 1","floor":45,"damage_taken":0}],"boss_relics":[{"not_picked":["Astrolabe","Velvet Choker"],"picked":"Cursed Key"},{"not_picked":["Eternal Feather","Runic Pyramid"],"picked":"Lizard Tail"}],"potions_floor_spawned":[1,12,14,19,21,27,31,35,46,47],"seed_played":"-4603881232125950193","ascension_level":2,"is_trial":false}