{"gold_per_floor":[118,132,57,57,57,92,92,92,92,92,127,127,27,81,81,206,206,219,219,229,104,104,104,119,119,119,119,131,141,141,172,172,172],"floor_reached":33,"playtime":1161,"items_purged":["Strike_B","Defend_B","Defend_B"],"score":441,"play_id":"57a62fd3-5893-4ed2-ba2d-06d142519601","local_time":"20181020235913","is_ascension_mode":true,"campfire_choices":[{"data":"Buffer","floor":7,"key":"SMITH"},{"data":"Rainbow","floor":12,"key":"SMITH"},{"data":"Zap","floor":15,"key":"SMITH"},{"data":"Buffer","floor":23,"key":"SMITH"},{"floor":27,"key":"REST"},{"floor":30,"key":"REST"},{"floor":32,"key":"REST"}],"neow_cost":"NONE","seed_source_timestamp":95081391275172,"circlet_count":0,"master_deck":["Strike_B","Strike_B","Defend_B","Defend_B","Zap+1","Dualcast","AscendersBane","Cold Snap","Beam Cell","Buffer+1","Rainbow+1","Buffer+1","Turbo","Conserve Battery","Cold Snap","Cold Snap+1","Seek","Glacier","Beam Cell"],"relics":["Cracked Core","NeowsBlessing","Art of War","Bloody Idol","Matryoshka","Dream Catcher","Bag of Preparation","Vajra","PreservedInsect","Oddly Smooth Stone","Lizard Tail","FaceOfCleric","Bag of Marbles","Blue Candle","Symbiotic Virus"],"potions_floor_usage":[31,31],"damage_taken":[{"damage":0,"enemies":"Jaw Worm","floor":1,"turns":1},{"damage":0,"enemies":"2 Louse","floor":2,"turns":1},{"damage":0,"enemies":"Gremlin Nob","floor":6,"turns":1},{"damage":13,"enemies":"Lagavulin","floor":11,"turns":8},{"damage":7,"enemies":"Slime Boss","floor":16,"turns":8},{"damage":0,"enemies":"Shell Parasite","floor":18,"turns":5},{"damage":27,"enemies":"3 Byrds","floor":20,"turns":6},{"damage":33,"enemies":"3 Cultists","floor":24,"turns":7},{"damage":0,"enemies":"Snake Plant","floor":28,"turns":4},{"damage":0,"enemies":"Cultist and Chosen","floor":29,"turns":7},{"damage":46,"enemies":"Slavers","floor":31,"turns":7},{"damage":104,"enemies":"Collector","floor":33,"turns":14}],"seed_played":"6154856852819249682","potions_obtained":[{"floor":11,"key":"EssenceOfSteel"},{"floor":18,"key":"LiquidBronze"},{"floor":20,"key":"SteroidPotion"}],"is_trial":false,"path_per_floor":["M","M","$","?","$","E","R","?","T","T","E","R","$","T","R","B",null,"M","?","M","$","?","R","M","?","T","R","M","M","R","E","R"],"character_chosen":"DEFECT","items_purchased":[],"campfire_rested":3,"item_purchase_floors":[],"current_hp_per_floor":[68,68,68,68,68,68,68,50,50,50,37,37,37,37,37,30,64,64,64,42,42,42,42,15,15,15,37,43,49,72,32,55,0],"gold":172,"neow_bonus":"THREE_ENEMY_KILL","is_prod":false,"is_daily":false,"chose_seed":false,"campfire_upgraded":4,"win_rate":0,"timestamp":1540047553,"path_taken":["M","M","$","?","$","E","R","?","T","?","E","R","?","?","R","BOSS","M","?","?","$","?","R","M","?","T","R","?","M","R","E","R","BOSS"],"build_version":"2018-10-19","purchased_purges":3,"victory":false,"max_hp_per_floor":[75,75,75,75,75,75,75,75,75,75,75,75,75,75,75,75,75,75,75,75,75,75,75,76,76,76,76,77,78,78,79,79,79],"card_choices":[{"not_picked":["Coolheaded","Redo"],"picked":"Cold Snap","floor":1},{"not_picked":["Aggregate","Stack"],"picked":"Beam Cell","floor":2},{"not_picked":["Leap","Stack"],"picked":"Buffer","floor":6},{"not_picked":["Hologram","Beam Cell"],"picked":"Rainbow","floor":11},{"not_picked":["Thunder Strike","Creative AI"],"picked":"Buffer","floor":16},{"not_picked":["Undo","Gash","Compile Driver"],"picked":"SKIP","floor":18},{"not_picked":["Hologram+1","Genetic Algorithm"],"picked":"Turbo","floor":20},{"not_picked":["Beam Cell+1","Genetic Algorithm"],"picked":"Conserve Battery","floor":24},{"not_picked":["Gash","Reprogram"],"picked":"Cold Snap","floor":28},{"not_picked":["Stack","Barrage+1"],"picked":"Cold Snap+1","floor":29},{"not_picked":["Go for the Eyes","Turbo"],"picked":"Seek","floor":30},{"not_picked":["Cold Snap","Leap"],"picked":"Glacier","floor":31},{"not_picked":["Compile Driver","Leap"],"picked":"Beam Cell","floor":32}],"player_experience":522336,"relics_obtained":[{"floor":6,"key":"Art of War"},{"floor":9,"key":"Matryoshka"},{"floor":10,"key":"Dream Catcher"},{"floor":10,"key":"Bag of Preparation"},{"floor":11,"key":"Vajra"},{"floor":14,"key":"PreservedInsect"},{"floor":14,"key":"Oddly Smooth Stone"},{"floor":26,"key":"Blue Candle"},{"floor":31,"key":"Symbiotic Virus"}],"event_choices":[{"cards_removed":["Strike_B"],"damage_healed":0,"gold_gain":0,"player_choice":"Forget","damage_taken":0,"max_hp_gain":0,"max_hp_loss":0,"event_name":"Living Wall","floor":4,"gold_loss":0},{"damage_healed":0,"gold_gain":0,"player_choice":"Take Damage","damage_taken":18,"relics_obtained":["Golden Idol"],"max_hp_gain":0,"max_hp_loss":0,"event_name":"Golden Idol","floor":8,"gold_loss":0},{"damage_healed":0,"gold_gain":0,"player_choice":"Gave Idol","damage_taken":0,"relics_obtained":["Bloody Idol"],"max_hp_gain":0,"max_hp_loss":0,"event_name":"Forgotten Altar","floor":19,"relics_lost":["Golden Idol"],"gold_loss":0},{"damage_healed":0,"gold_gain":0,"player_choice":"Trade","damage_taken":0,"relics_obtained":["FaceOfCleric"],"max_hp_gain":0,"max_hp_loss":0,"event_name":"FaceTrader","floor":22,"gold_loss":0},{"damage_healed":0,"gold_gain":0,"player_choice":"Opened","damage_taken":0,"relics_obtained":["Bag of Marbles"],"max_hp_gain":0,"max_hp_loss":0,"event_name":"The Mausoleum","floor":25,"gold_loss":0}],"is_beta":true,"boss_relics":[{"not_picked":["Runic Dome","Tiny House"],"picked":"Lizard Tail"}],"items_purged_floors":[3,13,21],"is_endless":false,"potions_floor_spawned":[11,18,20,29],"killed_by":"Collector","ascension_level":10}