{"gold_per_floor":[118,131,143,68,87,87,114,114,114,114,114,114,65,90,102,187,199,222,82,94,0,19,19],"floor_reached":23,"playtime":1274,"items_purged":["Writhe","Writhe"],"score":398,"play_id":"e51ecb36-8f3f-4e59-8a36-5ac67d101a16","local_time":"20181025011756","is_ascension_mode":true,"campfire_choices":[{"floor":6,"key":"REST"},{"floor":8,"key":"REST"},{"data":"Dagger Spray","floor":10,"key":"SMITH"},{"floor":12,"key":"REST"},{"floor":15,"key":"REST"}],"neow_cost":"NONE","seed_source_timestamp":488969514398800,"circlet_count":0,"master_deck":["Defend_G","Defend_G","Defend_G","Defend_G","Defend_G","Strike_G","Strike_G","Strike_G","Strike_G","Strike_G","Survivor","Neutralize","AscendersBane","Writhe","Poisoned Stab","Dagger Spray+1","Cloak And Dagger","Deadly Poison","Dash","Malaise","Corpse Explosion","Dash","Footwork+1","Dodge and Roll"],"relics":["Calling Bell","Ancient Tea Set","Frozen Egg 2","Ice Cream","StoneCalendar","Matryoshka","The Courier","MawBank","Cursed Key"],"potions_floor_usage":[7,7,14,14,16,22,23,23],"damage_taken":[{"damage":0,"enemies":"Cultist","floor":1,"turns":5},{"damage":14,"enemies":"2 Louse","floor":2,"turns":3},{"damage":4,"enemies":"Jaw Worm","floor":3,"turns":4},{"damage":10,"enemies":"Looter","floor":5,"turns":4},{"damage":45,"enemies":"Gremlin Nob","floor":7,"turns":6},{"damage":20,"enemies":"Lagavulin","floor":14,"turns":7},{"damage":43,"enemies":"Slime Boss","floor":16,"turns":11},{"damage":22,"enemies":"Chosen","floor":18,"turns":7},{"damage":7,"enemies":"3 Byrds","floor":20,"turns":5},{"damage":0,"enemies":"Snecko","floor":22,"turns":7},{"damage":28,"enemies":"Slavers","floor":23,"turns":3}],"seed_played":"2295626308437676172","potions_obtained":[{"floor":1,"key":"SpeedPotion"},{"floor":3,"key":"GhostInAJar"},{"floor":7,"key":"EntropicBrew"},{"floor":16,"key":"Swift Potion"},{"floor":18,"key":"Strength Potion"},{"floor":22,"key":"GamblersBrew"}],"is_trial":false,"path_per_floor":["M","M","M","$","M","R","E","R","T","R","?","R","?","E","R","B",null,"M","$","M","?","M"],"character_chosen":"THE_SILENT","items_purchased":["Footwork+1"],"campfire_rested":4,"item_purchase_floors":[19],"current_hp_per_floor":[59,45,41,41,31,50,5,24,24,24,13,32,32,27,46,3,50,28,28,21,21,21,0],"gold":19,"neow_bonus":"BOSS_RELIC","is_prod":false,"is_daily":false,"chose_seed":false,"campfire_upgraded":1,"win_rate":0,"timestamp":1540444676,"path_taken":["M","M","?","$","M","R","E","R","T","R","?","R","?","E","R","BOSS","M","?","?","?","M","E"],"build_version":"2018-10-19","purchased_purges":2,"victory":false,"max_hp_per_floor":[66,66,66,66,66,66,66,66,66,66,66,66,66,66,66,66,66,66,66,66,66,66,66],"card_choices":[{"not_picked":["Eviscerate","Underhanded Strike"],"picked":"Poisoned Stab","floor":1},{"not_picked":["Reflex","Bane"],"picked":"Dagger Spray","floor":2},{"not_picked":["Phantasmal Killer","All Out Attack"],"picked":"Cloak And Dagger","floor":3},{"not_picked":["Deflect","Outmaneuver"],"picked":"Deadly Poison","floor":5},{"not_picked":["Concentrate","Flying Knee"],"picked":"Dash","floor":7},{"not_picked":["PiercingWail","Masterful Stab"],"picked":"Malaise","floor":14},{"not_picked":["Bullet Time","Night Terror"],"picked":"Corpse Explosion","floor":16},{"not_picked":["Acrobatics","Reflex"],"picked":"Dash","floor":18},{"not_picked":["Acrobatics","Dagger Throw+1"],"picked":"Dodge and Roll","floor":20},{"not_picked":["Quick Slash","All Out Attack","Outmaneuver"],"picked":"SKIP","floor":22}],"player_experience":1477567,"relics_obtained":[{"floor":0,"key":"Ancient Tea Set"},{"floor":0,"key":"Frozen Egg 2"},{"floor":0,"key":"Ice Cream"},{"floor":7,"key":"StoneCalendar"},{"floor":9,"key":"Matryoshka"},{"floor":14,"key":"MawBank"}],"event_choices":[{"damage_healed":0,"gold_gain":0,"player_choice":"Success","damage_taken":11,"relics_obtained":["The Courier"],"max_hp_gain":0,"max_hp_loss":0,"event_name":"Scrap Ooze","floor":11,"gold_loss":0},{"damage_healed":0,"gold_gain":0,"player_choice":"Left Gold","damage_taken":0,"max_hp_gain":0,"max_hp_loss":0,"event_name":"World of Goop","floor":13,"gold_loss":49},{"damage_healed":0,"gold_gain":0,"player_choice":"Paid Fearfully","damage_taken":0,"max_hp_gain":0,"max_hp_loss":0,"event_name":"Masked Bandits","floor":21,"gold_loss":94}],"is_beta":true,"boss_relics":[{"not_picked":["Velvet Choker","Ectoplasm"],"picked":"Cursed Key"}],"items_purged_floors":[4,19],"is_endless":false,"potions_floor_spawned":[1,3,7,16,18,22],"killed_by":"Slavers","ascension_level":20}