{"gold_per_floor":[113,123,139,153,172,207,225,225,273,285,285,285,313,327,327,327],"floor_reached":16,"playtime":654,"items_purged":[],"score":122,"play_id":"ca451c21-db97-4f12-b1cf-2b2dd32f6f14","local_time":"20190112152936","is_ascension_mode":true,"campfire_choices":[{"data":"Spot Weakness","floor":8,"key":"SMITH"},{"data":"Barricade","floor":11,"key":"SMITH"},{"data":"Fiend Fire","floor":15,"key":"SMITH"}],"neow_cost":"CURSE","seed_source_timestamp":914302272687827,"circlet_count":0,"master_deck":["Strike_R","Strike_R","Strike_R","Strike_R","Strike_R","Defend_R","Defend_R","Defend_R","Defend_R","Bash","Writhe","Immolate","Rampage","Whirlwind","Warcry","Spot Weakness+1","Clothesline","Barricade+1","Decay","Fiend Fire+1"],"relics":["Burning Blood","Vajra","Smiling Mask","Mercury Hourglass"],"potions_floor_usage":[16],"damage_taken":[{"damage":9,"enemies":"Jaw Worm","floor":1,"turns":4},{"damage":1,"enemies":"Cultist","floor":2,"turns":3},{"damage":0,"enemies":"Small Slimes","floor":3,"turns":2},{"damage":0,"enemies":"3 Louse","floor":4,"turns":1},{"damage":5,"enemies":"Looter","floor":5,"turns":3},{"damage":17,"enemies":"3 Sentries","floor":6,"turns":5},{"damage":7,"enemies":"2 Fungi Beasts","floor":7,"turns":3},{"damage":0,"enemies":"Gremlin Gang","floor":10,"turns":1},{"damage":16,"enemies":"Gremlin Nob","floor":13,"turns":3},{"damage":5,"enemies":"3 Louse","floor":14,"turns":2},{"damage":65,"enemies":"The Guardian","floor":16,"turns":9}],"seed_played":"6943119802416809908","potions_obtained":[{"floor":3,"key":"GamblersBrew"},{"floor":4,"key":"GamblersBrew"},{"floor":5,"key":"Weak Potion"},{"floor":10,"key":"Block Potion"}],"is_trial":false,"path_per_floor":["M","M","M","M","M","E","M","R","T","M","R","?","E","M","R","B"],"character_chosen":"IRONCLAD","items_purchased":[],"campfire_rested":0,"item_purchase_floors":[],"current_hp_per_floor":[77,80,80,80,80,69,68,68,68,74,74,74,64,65,65,0],"gold":327,"neow_bonus":"THREE_RARE_CARDS","is_prod":false,"is_daily":false,"chose_seed":false,"campfire_upgraded":3,"win_rate":0,"timestamp":1547303376,"path_taken":["M","M","M","M","M","E","M","R","T","M","R","?","E","?","R","BOSS"],"build_version":"2019-01-10","purchased_purges":0,"victory":false,"max_hp_per_floor":[80,80,80,80,80,80,80,80,80,80,80,80,80,80,80,80],"card_choices":[{"not_picked":["Barricade","Dark Embrace"],"picked":"Immolate","floor":0},{"not_picked":["Havoc","Clash"],"picked":"Rampage","floor":1},{"not_picked":["Blood for Blood","Pommel Strike"],"picked":"Whirlwind","floor":2},{"not_picked":["Entrench","Feel No Pain"],"picked":"Warcry","floor":3},{"not_picked":["Rupture","Twin Strike","Heavy Blade"],"picked":"SKIP","floor":4},{"not_picked":["Evolve","Wild Strike"],"picked":"Spot Weakness","floor":5},{"not_picked":["Second Wind","Perfected Strike","Hemokinesis"],"picked":"SKIP","floor":6},{"not_picked":["Havoc","Anger"],"picked":"Clothesline","floor":7},{"not_picked":["Blood for Blood","Iron Wave"],"picked":"Barricade","floor":10},{"not_picked":["Anger","Body Slam"],"picked":"Fiend Fire","floor":13},{"not_picked":["Thunderclap","Sword Boomerang","Heavy Blade"],"picked":"SKIP","floor":14}],"player_experience":150663,"relics_obtained":[{"floor":6,"key":"Vajra"},{"floor":9,"key":"Smiling Mask"},{"floor":13,"key":"Mercury Hourglass"}],"event_choices":[{"damage_healed":0,"gold_gain":0,"player_choice":"Cursed","damage_taken":0,"max_hp_gain":0,"max_hp_loss":0,"event_name":"Wheel of Change","floor":12,"gold_loss":0,"cards_obtained":["Decay"]}],"is_beta":false,"boss_relics":[],"items_purged_floors":[],"is_endless":false,"potions_floor_spawned":[3,4,5,10,14],"killed_by":"The Guardian","ascension_level":1}