{"gold_per_floor":[216,216,216,216,227,227,260,260,260,260,274,286,306,306,306,402,402,413,424,443,31,48,75,86,115,164,183,183,183,108,122,122,222,222,234,234,234,588,603,633,633,668,668,768,768,779,811,825,825,825,825,825,130,165,165],"floor_reached":56,"playtime":5213,"items_purged":["Regret","Strike_G"],"score":1538,"play_id":"c058a0ec-be1a-4045-a4e9-3424d0732ae8","local_time":"20190208020308","is_ascension_mode":true,"campfire_choices":[{"floor":6.0,"key":"REST"},{"data":"Venomology","floor":8.0,"key":"SMITH"},{"data":"Quick Slash","floor":10.0,"key":"SMITH"},{"floor":15.0,"key":"REST"},{"data":"Concentrate","floor":28.0,"key":"SMITH"},{"floor":32.0,"key":"REST"},{"floor":41.0,"key":"REST"},{"floor":45.0,"key":"RECALL"},{"floor":49.0,"key":"REST"},{"data":"Night Terror","floor":52.0,"key":"SMITH"}],"neow_cost":"NONE","seed_source_timestamp":2605629707443786,"circlet_count":0,"master_deck":["Defend_G","Defend_G","Defend_G","Defend_G","Defend_G","Strike_G","Strike_G","Survivor","Neutralize","Backstab","Neutralize","Quick Slash+1","Venomology+1","Predator","Endless Agony","Backflip","Bullet Time","Concentrate+1","Blur+1","Cloak And Dagger+1","Blur","Terror+1","Riddle With Holes","Night Terror+1","PiercingWail+1","Outmaneuver","After Image","Caltrops+1","Madness","Madness","Footwork+1","Cloak And Dagger+1","Predator+1","Outmaneuver+1","Choke+1","Backstab","Secret Technique","Die Die Die"],"special_seed":0,"relics":["Ring of the Snake","Regal Pillow","Happy Flower","Nunchaku","Shuriken","Bronze Scales","Runic Pyramid","Meat on the Bone","PreservedInsect","Bottled Flame","Eternal Feather","Old Coin","Pear","Calipers","FossilizedHelix","Ice Cream","Smiling Mask","StoneCalendar","Centennial Puzzle"],"potions_floor_usage":[55,55,55],"damage_taken":[{"damage":0.0,"enemies":"Small Slimes","floor":1.0,"turns":3.0},{"damage":1.0,"enemies":"Cultist","floor":5.0,"turns":3.0},{"damage":24.0,"enemies":"Lagavulin","floor":7.0,"turns":6.0},{"damage":9.0,"enemies":"Jaw Worm","floor":11.0,"turns":3.0},{"damage":0.0,"enemies":"3 Louse","floor":12.0,"turns":2.0},{"damage":7.0,"enemies":"Exordium Wildlife","floor":13.0,"turns":2.0},{"damage":35.0,"enemies":"Hexaghost","floor":16.0,"turns":8.0},{"damage":11.0,"enemies":"3 Byrds","floor":18.0,"turns":5.0},{"damage":14.0,"enemies":"Shell Parasite","floor":19.0,"turns":3.0},{"damage":10.0,"enemies":"Snake Plant","floor":20.0,"turns":4.0},{"damage":0.0,"enemies":"Snecko","floor":22.0,"turns":4.0},{"damage":3.0,"enemies":"Book of Stabbing","floor":23.0,"turns":5.0},{"damage":0.0,"enemies":"3 Cultists","floor":24.0,"turns":4.0},{"damage":15.0,"enemies":"Slavers","floor":25.0,"turns":4.0},{"damage":0.0,"enemies":"Chosen and Byrds","floor":27.0,"turns":4.0},{"damage":0.0,"enemies":"Centurion and Healer","floor":31.0,"turns":3.0},{"damage":22.0,"enemies":"Automaton","floor":33.0,"turns":11.0},{"damage":6.0,"enemies":"3 Darklings","floor":35.0,"turns":6.0},{"damage":67.0,"enemies":"2 Orb Walkers","floor":38.0,"turns":7.0},{"damage":9.0,"enemies":"Orb Walker","floor":39.0,"turns":5.0},{"damage":27.0,"enemies":"Nemesis","floor":40.0,"turns":9.0},{"damage":30.0,"enemies":"Giant Head","floor":42.0,"turns":8.0},{"damage":0.0,"enemies":"Mind Bloom Boss Battle","floor":44.0,"turns":6.0},{"damage":35.0,"enemies":"3 Darklings","floor":46.0,"turns":4.0},{"damage":16.0,"enemies":"Reptomancer","floor":47.0,"turns":6.0},{"damage":0.0,"enemies":"Maw","floor":48.0,"turns":6.0},{"damage":40.0,"enemies":"Awakened One","floor":50.0,"turns":11.0},{"damage":60.0,"enemies":"Shield and Spear","floor":54.0,"turns":5.0},{"damage":31,"enemies":"The Heart","floor":55,"turns":9}],"seed_played":"717359516658254836","potions_obtained":[{"floor":1.0,"key":"PowerPotion"},{"floor":7.0,"key":"GamblersBrew"},{"floor":11.0,"key":"Fire Potion"},{"floor":12.0,"key":"GamblersBrew"},{"floor":19.0,"key":"Ancient Potion"},{"floor":20.0,"key":"Regen Potion"},{"floor":25.0,"key":"Ancient Potion"},{"floor":31.0,"key":"Fire Potion"},{"floor":35.0,"key":"SneckoOil"},{"floor":40.0,"key":"LiquidBronze"},{"floor":46.0,"key":"Explosive Potion"},{"floor":48.0,"key":"LiquidBronze"},{"floor":54.0,"key":"SkillPotion"}],"is_trial":false,"path_per_floor":["M","?","?","?","M","R","E","R","T","R","M","M","M","T","R","B",null,"M","M","M","$","M","E","M","E","T","M","R","?","?","M","R","B",null,"M","?","?","?","M","E","R","E","T","?","R","M","E","M","R","B",null,"R","$","E","B",null],"character_chosen":"THE_SILENT","items_purchased":["Meat on the Bone","Blur","Secret Technique","StoneCalendar","Die Die Die"],"campfire_rested":5,"item_purchase_floors":[21,21,53,53,53],"current_hp_per_floor":[63,45,45,45,44,70,46,46,46,46,37,37,30,30,66,31,60,49,35,25,25,37,46,46,43,43,43,43,43,43,43,70,48,65,59,50,50,19,22,25,80,50,50,50,71,48,44,44,80,52,73,80,80,32,13],"gold":165,"neow_bonus":"HUNDRED_GOLD","is_prod":false,"is_daily":false,"chose_seed":false,"campfire_upgraded":4,"win_rate":0,"timestamp":1549609388,"path_taken":["M","?","?","?","M","R","E","R","T","R","M","?","M","?","R","BOSS","M","M","M","$","M","E","M","E","T","M","R","?","?","M","R","BOSS","M","?","?","?","M","E","R","E","T","?","R","?","E","M","R","BOSS","R","$","E","BOSS"],"build_version":"2019-01-23","purchased_purges":2,"victory":true,"max_hp_per_floor":[70,70,70,70,70,70,70,70,70,70,70,70,70,70,70,70,70,70,70,70,70,70,70,70,70,70,70,70,70,70,70,70,70,70,70,70,70,70,70,80,80,80,80,80,80,80,80,80,80,80,80,80,80,80,80],"card_choices":[{"not_picked":["Quick Slash","Outmaneuver"],"picked":"Backstab","floor":1.0},{"not_picked":["Slice","Deflect"],"picked":"Quick Slash","floor":5.0},{"not_picked":["Quick Slash","Blade Dance"],"picked":"Venomology","floor":7.0},{"not_picked":["Setup","Prepared"],"picked":"Predator","floor":11.0},{"not_picked":["Skewer","PiercingWail"],"picked":"Endless Agony","floor":12.0},{"not_picked":["Acrobatics","Crippling Poison"],"picked":"Backflip","floor":13.0},{"not_picked":["Doppelganger","After Image"],"picked":"Bullet Time","floor":16.0},{"not_picked":["Underhanded Strike+1","PiercingWail"],"picked":"Concentrate","floor":18.0},{"not_picked":["Dagger Throw","Dagger Spray+1"],"picked":"Blur+1","floor":19.0},{"not_picked":["Backstab","Quick Slash"],"picked":"Cloak And Dagger+1","floor":20.0},{"not_picked":["Grand Finale","Bane","Tactician+1"],"picked":"SKIP","floor":22.0},{"not_picked":["Setup","Underhanded Strike"],"picked":"Terror+1","floor":23.0},{"not_picked":["Quick Slash","Poisoned Stab"],"picked":"Riddle With Holes","floor":24.0},{"not_picked":["Poisoned Stab","Predator+1"],"picked":"Night Terror","floor":25.0},{"not_picked":["Flechettes","Deadly Poison+1"],"picked":"PiercingWail+1","floor":27.0},{"not_picked":["Dodge and Roll","Heel Hook+1"],"picked":"Outmaneuver","floor":31.0},{"not_picked":["Venomology","Doppelganger"],"picked":"After Image","floor":33.0},{"not_picked":["Riddle With Holes+1","Dash+1"],"picked":"Caltrops+1","floor":35.0},{"not_picked":["Outmaneuver","Quick Slash"],"picked":"Footwork+1","floor":38.0},{"not_picked":["Quick Slash","Slice"],"picked":"Cloak And Dagger+1","floor":39.0},{"not_picked":["Tools of the Trade","Catalyst"],"picked":"Predator+1","floor":40.0},{"not_picked":["Concentrate+1","PiercingWail","Tactician"],"picked":"SKIP","floor":42.0},{"not_picked":["Dodge and Roll","Bane"],"picked":"Outmaneuver+1","floor":44.0},{"not_picked":["Slice+1","Outmaneuver","Dagger Spray+1"],"picked":"SKIP","floor":46.0},{"not_picked":["Acrobatics","Backflip+1"],"picked":"Choke+1","floor":47.0},{"not_picked":["Sucker Punch+1","Dagger Throw"],"picked":"Backstab","floor":48.0},{"not_picked":["Glass Knife","Reflex+1","Dagger Spray"],"picked":"SKIP","floor":54.0}],"player_experience":311068,"relics_obtained":[{"floor":7.0,"key":"Nunchaku"},{"floor":9.0,"key":"Shuriken"},{"floor":14.0,"key":"Bronze Scales"},{"floor":23.0,"key":"PreservedInsect"},{"floor":25.0,"key":"Bottled Flame"},{"floor":38.0,"key":"Old Coin"},{"floor":40.0,"key":"Pear"},{"floor":42.0,"key":"Calipers"},{"floor":43.0,"key":"FossilizedHelix"},{"floor":44.0,"key":"Ice Cream"},{"floor":47.0,"key":"Smiling Mask"},{"floor":54.0,"key":"Centennial Puzzle"}],"event_choices":[{"damage_healed":0.0,"max_hp_gain":0.0,"max_hp_loss":0.0,"gold_gain":0.0,"event_name":"Scrap Ooze","player_choice":"Success","floor":2.0,"gold_loss":0.0,"damage_taken":18.0,"relics_obtained":["Regal Pillow"]},{"damage_healed":0.0,"max_hp_gain":0.0,"max_hp_loss":0.0,"gold_gain":0.0,"event_name":"Big Fish","player_choice":"Box","floor":3.0,"gold_loss":0.0,"damage_taken":0.0,"relics_obtained":["Happy Flower"],"cards_obtained":["Regret"]},{"damage_healed":0.0,"max_hp_gain":0.0,"max_hp_loss":0.0,"gold_gain":0.0,"event_name":"Match and Keep!","player_choice":"1 cards matched","floor":4.0,"gold_loss":0.0,"damage_taken":0.0,"cards_obtained":["Neutralize"]},{"cards_removed":["Strike_G"],"damage_healed":0.0,"max_hp_gain":0.0,"max_hp_loss":0.0,"gold_gain":0.0,"event_name":"Back to Basics","player_choice":"Elegance","floor":29.0,"gold_loss":0.0,"damage_taken":0.0},{"cards_removed":["Strike_G"],"damage_healed":0.0,"max_hp_gain":0.0,"max_hp_loss":0.0,"gold_gain":0.0,"event_name":"Beggar","player_choice":"Gave Gold","floor":30.0,"gold_loss":75.0,"damage_taken":0.0},{"damage_healed":0.0,"max_hp_gain":0.0,"max_hp_loss":0.0,"gold_gain":0.0,"event_name":"Winding Halls","player_choice":"Embrace Madness","floor":36.0,"gold_loss":0.0,"damage_taken":9.0,"cards_obtained":["Madness","Madness"]},{"damage_healed":0.0,"max_hp_gain":0.0,"max_hp_loss":0.0,"gold_gain":0.0,"event_name":"Tomb of Lord Red Mask","player_choice":"Ignored","floor":37.0,"gold_loss":0.0,"damage_taken":0.0},{"damage_healed":0.0,"max_hp_gain":0.0,"max_hp_loss":0.0,"gold_gain":0.0,"event_name":"Mysterious Sphere","player_choice":"Fight","floor":38.0,"gold_loss":0.0,"damage_taken":0.0},{"damage_healed":0.0,"max_hp_gain":0.0,"max_hp_loss":0.0,"gold_gain":0.0,"event_name":"MindBloom","player_choice":"Fight","floor":44.0,"gold_loss":0.0,"damage_taken":0.0}],"is_beta":false,"boss_relics":[{"not_picked":["Velvet Choker","Orrery"],"picked":"Runic Pyramid"},{"not_picked":["White Beast Statue","HoveringKite"],"picked":"Eternal Feather"}],"items_purged_floors":[21,53],"is_endless":false,"potions_floor_spawned":[1,7,11,12,19,20,25,31,35,40,46,48,54],"ascension_level":6}