{"gold_per_floor":[112,82,92,110,37,37,66,43,43,218,243,270,37,66,66,66],"floor_reached":16,"playtime":1041,"items_purged":[],"score":164,"play_id":"74e133f2-d1a5-4bf9-b730-54cb1dc40f25","local_time":"20190124204545","is_ascension_mode":true,"campfire_choices":[{"data":"Go for the Eyes","floor":6,"key":"SMITH"},{"floor":15,"key":"REST"}],"neow_cost":"NONE","seed_source_timestamp":591635120336671,"circlet_count":0,"master_deck":["Strike_B","Strike_B","Strike_B","Strike_B","Defend_B","Defend_B","Defend_B","Defend_B","Zap","Dualcast","Defragment","Rebound","Defragment","Go for the Eyes+1","Streamline","Coolheaded","Coolheaded","Doubt","Ball Lightning","Leap","Glacier","Steam"],"relics":["Cracked Core","Pear","Matryoshka","Odd Mushroom","Frozen Egg 2","Bronze Scales","Juzu Bracelet"],"potions_floor_usage":[7,7,11,11],"damage_taken":[{"damage":6,"enemies":"2 Louse","floor":1,"turns":3},{"damage":6,"enemies":"Cultist","floor":3,"turns":4},{"damage":9,"enemies":"Jaw Worm","floor":4,"turns":3},{"damage":25,"enemies":"3 Sentries","floor":7,"turns":6},{"damage":33,"enemies":"The Mushroom Lair","floor":11,"turns":6},{"damage":13,"enemies":"Gremlin Nob","floor":12,"turns":3},{"damage":12,"enemies":"3 Sentries","floor":14,"turns":8},{"damage":32,"enemies":"Slime Boss","floor":16,"turns":7}],"seed_played":"-3662413628966191870","potions_obtained":[{"floor":1,"key":"GamblersBrew"},{"floor":2,"key":"PowerPotion"},{"floor":2,"key":"FairyPotion"},{"floor":3,"key":"SpeedPotion"},{"floor":7,"key":"Regen Potion"}],"is_trial":false,"path_per_floor":["M","?","M","M","$","R","E","$","T","?","?","E","$","E","R","B"],"character_chosen":"DEFECT","items_purchased":["Go for the Eyes","Streamline","Coolheaded","Glacier","Bronze Scales"],"campfire_rested":1,"item_purchase_floors":[5,5,8,13,13],"current_hp_per_floor":[76,76,70,61,61,61,46,46,46,46,27,14,14,2,29,0],"gold":66,"neow_bonus":"TEN_PERCENT_HP_BONUS","is_prod":false,"is_daily":false,"chose_seed":false,"campfire_upgraded":1,"win_rate":0,"timestamp":1548391545,"path_taken":["M","?","M","M","?","R","E","$","T","?","?","E","$","E","R","BOSS"],"build_version":"2019-01-23","purchased_purges":0,"victory":false,"max_hp_per_floor":[82,82,82,82,82,82,92,92,92,92,92,92,92,92,92,92],"card_choices":[{"not_picked":["Rip and Tear","Sweeping Beam"],"picked":"Defragment","floor":1},{"not_picked":["Chill","Static Discharge"],"picked":"Rebound","floor":3},{"not_picked":["Go for the Eyes","Doom and Gloom"],"picked":"Defragment","floor":4},{"not_picked":["Chill","Defragment"],"picked":"Coolheaded","floor":7},{"not_picked":["Multi-Cast","Streamline"],"picked":"Ball Lightning","floor":11},{"not_picked":["Rainbow","Reinforced Body"],"picked":"Leap","floor":12},{"not_picked":["Hello World+1","Leap"],"picked":"Steam","floor":14}],"player_experience":353494,"relics_obtained":[{"floor":7,"key":"Pear"},{"floor":9,"key":"Matryoshka"},{"floor":11,"key":"Odd Mushroom"},{"floor":12,"key":"Frozen Egg 2"},{"floor":14,"key":"Juzu Bracelet"}],"event_choices":[{"damage_healed":0,"gold_gain":0,"player_choice":"Bought 2 Potions","damage_taken":0,"max_hp_gain":0,"max_hp_loss":0,"event_name":"The Woman in Blue","floor":2,"gold_loss":0},{"damage_healed":0,"gold_gain":175,"player_choice":"AGREE","damage_taken":0,"max_hp_gain":0,"max_hp_loss":0,"event_name":"Liars Game","floor":10,"gold_loss":0,"cards_obtained":["Doubt"]},{"damage_healed":0,"gold_gain":0,"player_choice":"Fought Mushrooms","damage_taken":0,"max_hp_gain":0,"max_hp_loss":0,"event_name":"Mushrooms","floor":11,"gold_loss":0}],"is_beta":false,"boss_relics":[],"items_purged_floors":[],"is_endless":false,"potions_floor_spawned":[1,3,7],"killed_by":"Slime Boss","ascension_level":4}