{"gold_per_floor":[144,144,193,242,75,173,222,271,271,320,320,320,369,418,418,743,743,792,841,890,890],"floor_reached":21,"playtime":2232,"items_purged":["Injury"],"score":237,"play_id":"d042fc0e-8bda-4fe6-a4a3-8610dc14c07b","local_time":"20180923025045","daily_mods":["Specialized","Midas","Night Terrors"],"is_ascension_mode":false,"campfire_choices":[{"floor":12,"key":"REST"},{"floor":15,"key":"REST"}],"neow_cost":"","seed_source_timestamp":783639010420930,"circlet_count":0,"master_deck":["Strike_R","Strike_R","Strike_R","Strike_R","Strike_R","Defend_R","Defend_R","Defend_R","Defend_R","Bash","Fiend Fire","Fiend Fire","Fiend Fire","Fiend Fire","Fiend Fire","Shrug It Off","Heavy Blade","Twin Strike","Feel No Pain+1","Shrug It Off","Shrug It Off","Spot Weakness","Metallicize","Anger","Blood for Blood","Demon Form","Burning Pact+1","Rampage"],"special_seed":17797,"relics":["Burning Blood","Golden Idol","Du-Vu Doll","Omamori","Fusion Hammer"],"potions_floor_usage":[21,21],"damage_taken":[{"damage":11,"enemies":"Jaw Worm","floor":1,"turns":2},{"damage":2,"enemies":"Small Slimes","floor":3,"turns":4},{"damage":6,"enemies":"Cultist","floor":4,"turns":3},{"damage":2,"enemies":"Gremlin Nob","floor":6,"turns":4},{"damage":2,"enemies":"Looter","floor":7,"turns":2},{"damage":13,"enemies":"Lots of Slimes","floor":8,"turns":5},{"damage":14,"enemies":"Gremlin Gang","floor":10,"turns":4},{"damage":18,"enemies":"Large Slime","floor":13,"turns":5},{"damage":14,"enemies":"3 Louse","floor":14,"turns":3},{"damage":46,"enemies":"Slime Boss","floor":16,"turns":13},{"damage":2,"enemies":"Spheric Guardian","floor":18,"turns":4},{"damage":32,"enemies":"2 Thieves","floor":19,"turns":3},{"damage":31,"enemies":"Shelled Parasite and Fungi","floor":20,"turns":4},{"damage":26,"enemies":"3 Cultists","floor":21,"turns":4}],"seed_played":"-3341318107676815907","potions_obtained":[{"floor":1,"key":"SpeedPotion"},{"floor":6,"key":"EssenceOfSteel"},{"floor":10,"key":"SkillPotion"}],"is_trial":false,"path_per_floor":["M","?","M","M","$","E","M","M","T","M","?","R","M","M","R","B",null,"M","M","M"],"character_chosen":"IRONCLAD","items_purchased":["Feel No Pain","Shrug It Off"],"campfire_rested":2,"item_purchase_floors":[5,5],"current_hp_per_floor":[75,75,79,79,79,80,80,73,73,65,65,75,63,55,70,30,70,70,44,19,0],"gold":890,"neow_bonus":"","is_prod":false,"is_daily":true,"chose_seed":false,"campfire_upgraded":0,"win_rate":0.0,"timestamp":1537685445,"path_taken":["M","?","?","M","$","E","M","M","T","M","?","R","M","M","R","BOSS","M","M","M","M"],"build_version":"2018-09-20","purchased_purges":1,"victory":false,"max_hp_per_floor":[80,80,80,80,80,80,80,80,80,80,80,75,75,75,70,70,70,70,70,70,70],"card_choices":[{"not_picked":["Perfected Strike","Body Slam"],"picked":"Shrug It Off","floor":1},{"not_picked":["Second Wind","Bloodletting"],"picked":"Heavy Blade","floor":3},{"not_picked":["True Grit","Dark Embrace"],"picked":"Twin Strike","floor":4},{"not_picked":["Armaments","Iron Wave"],"picked":"Shrug It Off","floor":6},{"not_picked":["Headbutt","Combust","Clothesline"],"picked":"SKIP","floor":7},{"not_picked":["Headbutt","Hemokinesis"],"picked":"Spot Weakness","floor":8},{"not_picked":["Havoc","Sword Boomerang"],"picked":"Metallicize","floor":10},{"not_picked":["Warcry","Bludgeon"],"picked":"Anger","floor":13},{"not_picked":["Power Through","Perfected Strike"],"picked":"Blood for Blood","floor":14},{"not_picked":["Limit Break","Exhume"],"picked":"Demon Form","floor":16},{"not_picked":["Rupture","Wild Strike"],"picked":"Burning Pact+1","floor":18},{"not_picked":["Armaments","Bloodletting"],"picked":"Rampage","floor":19},{"not_picked":["Perfected Strike+1","Rupture","Corruption+1"],"picked":"SKIP","floor":20}],"player_experience":1734,"relics_obtained":[{"floor":6,"key":"Du-Vu Doll"},{"floor":9,"key":"Omamori"}],"event_choices":[{"event_name":"Golden Idol","player_choice":"Take Wound","floor":2,"damage_taken":0},{"event_name":"Upgrade Shrine","player_choice":"Upgraded","floor":11,"damage_taken":0}],"is_beta":false,"boss_relics":[{"not_picked":["Runic Dome","Philosopher\u0027s Stone"],"picked":"Fusion Hammer"}],"items_purged_floors":[5],"is_endless":false,"potions_floor_spawned":[1,6,10,13],"killed_by":"3 Cultists","ascension_level":0}