{"gold_per_floor":[115,115,127,127,127,168,168,181,181,181,199,232,250,291,291,414,414,438,438,438,456,456,490,490,520,520,549,568,568,579,594,594,594],"floor_reached":33,"playtime":2318,"items_purged":[],"score":396,"play_id":"d84c4480-b2a7-487a-83d4-aadc3d67f071","local_time":"20190105093526","is_ascension_mode":true,"campfire_choices":[{"data":"Dagger Throw","floor":7.0,"key":"SMITH"},{"data":"Crippling Poison","floor":10.0,"key":"SMITH"},{"data":"Crippling Poison","floor":15.0,"key":"SMITH"},{"floor":24.0,"key":"REST"},{"floor":32.0,"key":"REST"}],"neow_cost":"NONE","seed_source_timestamp":904591093161333,"circlet_count":0,"master_deck":["Defend_G","Defend_G","Defend_G","Defend_G","Defend_G","Strike_G","Strike_G","Strike_G","Strike_G","Strike_G","Survivor","Neutralize+1","Dash+1","Acrobatics","Dagger Throw+1","Crippling Poison+1","Slice","Crippling Poison+1","Deadly Poison","Corpse Explosion","Pain","Bouncing Flask","Dagger Spray","Flying Knee","Deflect+1","Deflect+1","Venomology+1","Deadly Poison+1","Blur+1"],"special_seed":0,"relics":["Ring of the Snake","NeowsBlessing","Bloody Idol","StoneCalendar","Pear","Smiling Mask","Omamori","Calling Bell","Torii","Dodecahedron","Bronze Scales","Nilry\u0027s Codex","Toxic Egg 2","Lantern","The Specimen","Mercury Hourglass"],"potions_floor_usage":[33],"damage_taken":[{"damage":0.0,"enemies":"Jaw Worm","floor":1.0,"turns":1.0},{"damage":0.0,"enemies":"Small Slimes","floor":3.0,"turns":1.0},{"damage":0.0,"enemies":"Gremlin Nob","floor":6.0,"turns":1.0},{"damage":0.0,"enemies":"Cultist","floor":8.0,"turns":3.0},{"damage":0.0,"enemies":"2 Fungi Beasts","floor":11.0,"turns":2.0},{"damage":6.0,"enemies":"3 Sentries","floor":12.0,"turns":7.0},{"damage":0.0,"enemies":"Large Slime","floor":13.0,"turns":5.0},{"damage":0.0,"enemies":"Gremlin Nob","floor":14.0,"turns":4.0},{"damage":25.0,"enemies":"Hexaghost","floor":16.0,"turns":8.0},{"damage":9.0,"enemies":"Shell Parasite","floor":18.0,"turns":5.0},{"damage":0.0,"enemies":"3 Byrds","floor":21.0,"turns":2.0},{"damage":32.0,"enemies":"Gremlin Leader","floor":23.0,"turns":7.0},{"damage":21.0,"enemies":"Book of Stabbing","floor":25.0,"turns":5.0},{"damage":7.0,"enemies":"Gremlin Leader","floor":27.0,"turns":4.0},{"damage":16.0,"enemies":"Shelled Parasite and Fungi","floor":28.0,"turns":5.0},{"damage":0.0,"enemies":"Snecko","floor":29.0,"turns":2.0},{"damage":0.0,"enemies":"Centurion and Healer","floor":30.0,"turns":4.0},{"damage":2.0,"enemies":"Snake Plant","floor":31.0,"turns":4.0},{"damage":70,"enemies":"Champ","floor":33,"turns":11}],"seed_played":"-709658805109041773","potions_obtained":[{"floor":1.0,"key":"SneckoOil"},{"floor":3.0,"key":"SpeedPotion"},{"floor":13.0,"key":"Block Potion"},{"floor":16.0,"key":"LiquidBronze"},{"floor":21.0,"key":"Swift Potion"},{"floor":25.0,"key":"SkillPotion"},{"floor":30.0,"key":"Poison Potion"}],"is_trial":false,"path_per_floor":["M","?","M","?","?","E","R","M","T","R","M","E","M","E","R","B",null,"M","?","?","M","?","E","R","E","T","E","M","M","M","M","R","B"],"character_chosen":"THE_SILENT","items_purchased":[],"campfire_rested":2,"item_purchase_floors":[],"current_hp_per_floor":[70,70,70,53,53,53,53,53,63,63,63,57,57,57,57,32,80,71,55,55,60,60,33,57,41,41,39,28,28,33,36,60,0],"gold":594,"neow_bonus":"THREE_ENEMY_KILL","is_prod":false,"is_daily":false,"chose_seed":false,"campfire_upgraded":3,"win_rate":0,"timestamp":1546698926,"path_taken":["M","?","M","?","?","E","R","M","T","R","M","E","?","E","R","BOSS","M","?","?","?","?","E","R","E","T","E","M","M","M","M","R","BOSS"],"build_version":"2019-01-03v4","purchased_purges":0,"victory":false,"max_hp_per_floor":[70,70,70,70,70,70,70,70,80,80,80,80,80,80,80,80,80,80,80,80,80,80,80,80,80,80,80,80,80,80,80,80,80],"card_choices":[{"not_picked":["Catalyst","Leg Sweep"],"picked":"Dash","floor":1.0},{"not_picked":["Reflex","Choke"],"picked":"Acrobatics","floor":3.0},{"not_picked":["Calculated Gamble","Escape Plan"],"picked":"Dagger Throw","floor":6.0},{"not_picked":["Choke","Terror"],"picked":"Crippling Poison","floor":8.0},{"not_picked":["Skewer","Flechettes","Choke"],"picked":"SKIP","floor":11.0},{"not_picked":["Skewer","Sucker Punch"],"picked":"Slice","floor":12.0},{"not_picked":["Cloak And Dagger","Skewer"],"picked":"Crippling Poison","floor":13.0},{"not_picked":["Dodge and Roll","All Out Attack"],"picked":"Deadly Poison","floor":14.0},{"not_picked":["After Image","Wraith Form v2"],"picked":"Corpse Explosion","floor":16.0},{"not_picked":["Slice","All Out Attack+1"],"picked":"Bouncing Flask","floor":18.0},{"not_picked":["Concentrate","Dodge and Roll"],"picked":"Dagger Spray","floor":21.0},{"not_picked":["Expertise","Flying Knee"],"picked":"Deflect+1","floor":23.0},{"not_picked":["Backflip+1","Quick Slash"],"picked":"Deflect+1","floor":25.0},{"not_picked":["Distraction+1","Flying Knee"],"picked":"Venomology+1","floor":27.0},{"not_picked":["Choke","Crippling Poison+1"],"picked":"Deadly Poison+1","floor":28.0},{"not_picked":["Sucker Punch","Eviscerate"],"picked":"Blur+1","floor":30.0},{"not_picked":["Distraction+1","All Out Attack","Finisher"],"picked":"SKIP","floor":31.0}],"player_experience":147644,"relics_obtained":[{"floor":6.0,"key":"StoneCalendar"},{"floor":9.0,"key":"Pear"},{"floor":12.0,"key":"Smiling Mask"},{"floor":14.0,"key":"Omamori"},{"floor":17.0,"key":"Torii"},{"floor":17.0,"key":"Dodecahedron"},{"floor":17.0,"key":"Bronze Scales"},{"floor":19.0,"key":"Nilry\u0027s Codex"},{"floor":23.0,"key":"Toxic Egg 2"},{"floor":25.0,"key":"Lantern"},{"floor":26.0,"key":"The Specimen"},{"floor":27.0,"key":"Mercury Hourglass"}],"event_choices":[{"damage_healed":0.0,"max_hp_gain":0.0,"max_hp_loss":0.0,"gold_gain":0.0,"event_name":"Living Wall","player_choice":"Grow","floor":2.0,"gold_loss":0.0,"damage_taken":0.0,"cards_upgraded":["Dash"]},{"damage_healed":0.0,"max_hp_gain":0.0,"max_hp_loss":0.0,"gold_gain":0.0,"event_name":"Golden Idol","player_choice":"Take Damage","floor":4.0,"gold_loss":0.0,"damage_taken":17.0,"relics_obtained":["Golden Idol"]},{"damage_healed":0.0,"max_hp_gain":0.0,"max_hp_loss":0.0,"gold_gain":0.0,"event_name":"Upgrade Shrine","player_choice":"Upgraded","floor":5.0,"gold_loss":0.0,"damage_taken":0.0,"cards_upgraded":["Neutralize"]},{"damage_healed":0.0,"max_hp_gain":0.0,"max_hp_loss":0.0,"gold_gain":0.0,"event_name":"Cursed Tome","player_choice":"Obtained Book","floor":19.0,"gold_loss":0.0,"damage_taken":16.0},{"damage_healed":0.0,"max_hp_gain":0.0,"max_hp_loss":0.0,"gold_gain":0.0,"event_name":"Forgotten Altar","player_choice":"Gave Idol","floor":20.0,"relics_lost":["Golden Idol"],"gold_loss":0.0,"damage_taken":0.0,"relics_obtained":["Bloody Idol"]},{"damage_healed":0.0,"max_hp_gain":0.0,"max_hp_loss":0.0,"gold_gain":0.0,"event_name":"The Library","player_choice":"Read","floor":22.0,"gold_loss":0.0,"damage_taken":0.0,"cards_obtained":["Flying Knee"]}],"is_beta":false,"boss_relics":[{"not_picked":["Runic Dome","Orrery"],"picked":"Calling Bell"}],"items_purged_floors":[],"is_endless":false,"potions_floor_spawned":[1,3,13,16,21,25,30],"killed_by":"Champ","ascension_level":1}