{"gold_per_floor":[210,223,223,196,206,206,225,225,248,273,311,323,351,390,402,516,528,551,579,415,415,258,258,258,285,285,285,310,321,40,58,58,163,163,180,180,193,203,214,225,225],"floor_reached":41,"playtime":2516,"items_purged":["Combust+1"],"score":470,"play_id":"f93ff842-7725-473c-8299-eede8f731468","local_time":"20190206073215","is_ascension_mode":false,"campfire_choices":[{"data":"Bash","floor":12,"key":"SMITH"},{"data":"Armaments","floor":15,"key":"SMITH"},{"floor":23,"key":"REST"},{"floor":32,"key":"REST"}],"neow_cost":"NONE","seed_source_timestamp":514509419590176,"circlet_count":0,"master_deck":["Defend_R","Defend_R","Defend_R","Defend_R","Bash+1","Anger","Armaments+1","Pommel Strike","Power Through","Inflame","Immolate","Shrug It Off+1","Combust+1","Iron Wave","Bite","Bite","Bite","Bite","Bite","Ghostly Armor","Spot Weakness","Battle Trance+1","Feed","Shockwave","Havoc","Doubt","Demon Form","Disarm","Uppercut+1","Flame Barrier+1","Disarm+1"],"relics":["Burning Blood","Matryoshka","Paper Frog","Ornamental Fan","MawBank","PreservedInsect","Bottled Flame","Regal Pillow","Astrolabe","Vajra","Calipers","Pen Nib","Happy Flower","White Beast Statue"],"potions_floor_usage":[7,11,14,16,21,28,33,33,38,41,41],"damage_taken":[{"damage":0,"enemies":"2 Louse","floor":1,"turns":3},{"damage":7,"enemies":"Small Slimes","floor":2,"turns":4},{"damage":6,"enemies":"Jaw Worm","floor":5,"turns":3},{"damage":2,"enemies":"2 Fungi Beasts","floor":7,"turns":2},{"damage":9,"enemies":"Exordium Wildlife","floor":10,"turns":4},{"damage":10,"enemies":"Gremlin Nob","floor":11,"turns":3},{"damage":2,"enemies":"Looter","floor":13,"turns":4},{"damage":5,"enemies":"3 Sentries","floor":14,"turns":5},{"damage":39,"enemies":"Hexaghost","floor":16,"turns":6},{"damage":27,"enemies":"3 Byrds","floor":18,"turns":5},{"damage":11,"enemies":"Shell Parasite","floor":19,"turns":7},{"damage":22,"enemies":"Colosseum Slavers","floor":21,"turns":4},{"damage":24,"enemies":"Slavers","floor":25,"turns":5},{"damage":44,"enemies":"Book of Stabbing","floor":28,"turns":6},{"damage":20,"enemies":"Shelled Parasite and Fungi","floor":29,"turns":9},{"damage":14,"enemies":"Snecko","floor":31,"turns":6},{"damage":41,"enemies":"Collector","floor":33,"turns":11},{"damage":13,"enemies":"Orb Walker","floor":35,"turns":3},{"damage":11,"enemies":"3 Darklings","floor":37,"turns":4},{"damage":28,"enemies":"Sphere and 2 Shapes","floor":38,"turns":7},{"damage":8,"enemies":"4 Shapes","floor":39,"turns":5},{"damage":40,"enemies":"Jaw Worm Horde","floor":40,"turns":7},{"damage":71,"enemies":"Giant Head","floor":41,"turns":8}],"seed_played":"1385770657483550770","potions_obtained":[{"floor":1,"key":"SteroidPotion"},{"floor":5,"key":"Fire Potion"},{"floor":11,"key":"Strength Potion"},{"floor":13,"key":"SneckoOil"},{"floor":14,"key":"PowerPotion"},{"floor":25,"key":"LiquidBronze"},{"floor":28,"key":"LiquidBronze"},{"floor":35,"key":"Ancient Potion"},{"floor":37,"key":"Strength Potion"},{"floor":38,"key":"LiquidBronze"},{"floor":39,"key":"Dexterity Potion"},{"floor":40,"key":"SteroidPotion"}],"is_trial":false,"path_per_floor":["M","M","?","$","M","?","M","T","T","M","E","R","M","E","R","B",null,"M","M","$","?","$","R","?","E","T","?","E","M","$","M","R","B",null,"M","?","M","M","M","M","E"],"character_chosen":"IRONCLAD","items_purchased":["Armaments","Fruit Juice","Vajra","Spot Weakness","Happy Flower","Block Potion"],"campfire_rested":2,"item_purchase_floors":[4,20,22,30,30,30],"current_hp_per_floor":[80,79,84,84,84,72,76,76,76,73,69,69,73,74,74,41,85,64,59,59,48,48,90,63,54,54,54,31,38,38,34,63,43,63,61,61,64,56,67,46,0],"gold":225,"neow_bonus":"HUNDRED_GOLD","is_prod":false,"is_daily":false,"chose_seed":false,"campfire_upgraded":2,"win_rate":0,"timestamp":1549456335,"path_taken":["M","M","?","$","M","?","M","?","T","M","E","R","M","E","R","BOSS","M","M","$","?","$","R","?","E","T","?","E","M","$","M","R","BOSS","M","?","?","?","M","M","E"],"build_version":"2019-01-23","purchased_purges":1,"victory":false,"max_hp_per_floor":[80,80,85,85,85,85,85,85,85,85,85,85,85,85,85,85,85,85,85,85,90,90,90,63,63,63,63,63,63,63,63,63,63,63,66,66,66,69,72,75,75],"card_choices":[{"not_picked":["Seeing Red","Pummel"],"picked":"Anger","floor":1},{"not_picked":["Pummel","Whirlwind","Pommel Strike"],"picked":"SKIP","floor":2},{"not_picked":["Wild Strike","Heavy Blade"],"picked":"Pommel Strike","floor":5},{"not_picked":["Headbutt","Entrench","Thunderclap"],"picked":"SKIP","floor":7},{"not_picked":["Rupture","Second Wind","Dark Embrace"],"picked":"SKIP","floor":10},{"not_picked":["Thunderclap","Bludgeon"],"picked":"Power Through","floor":11},{"not_picked":["Warcry","Twin Strike","Rage"],"picked":"SKIP","floor":13},{"not_picked":["Flex","Barricade"],"picked":"Inflame","floor":14},{"not_picked":["Bludgeon","Brutality"],"picked":"Immolate","floor":16},{"not_picked":["Thunderclap+1","Clash","Havoc"],"picked":"SKIP","floor":18},{"not_picked":["Thunderclap+1","Pommel Strike"],"picked":"Iron Wave","floor":19},{"not_picked":["Hemokinesis","Double Tap","Twin Strike"],"picked":"SKIP","floor":25},{"not_picked":["Anger","Havoc","Entrench"],"picked":"SKIP","floor":28},{"not_picked":["Carnage","Feel No Pain"],"picked":"Ghostly Armor","floor":29},{"not_picked":["Feel No Pain","Thunderclap+1"],"picked":"Battle Trance+1","floor":31},{"not_picked":["Offering","Brutality"],"picked":"Feed","floor":33},{"not_picked":["Corruption","Reckless Charge+1","Cleave"],"picked":"SKIP","floor":35},{"not_picked":["Pommel Strike","Anger+1"],"picked":"Disarm","floor":37},{"not_picked":["Sentinel+1","Havoc"],"picked":"Uppercut+1","floor":38},{"not_picked":["Heavy Blade","Seeing Red+1"],"picked":"Flame Barrier+1","floor":39},{"not_picked":["Havoc","Twin Strike+1"],"picked":"Disarm+1","floor":40}],"player_experience":174214,"relics_obtained":[{"floor":8,"key":"Paper Frog"},{"floor":8,"key":"Ornamental Fan"},{"floor":9,"key":"MawBank"},{"floor":9,"key":"PreservedInsect"},{"floor":11,"key":"Bottled Flame"},{"floor":14,"key":"Regal Pillow"},{"floor":25,"key":"Calipers"},{"floor":28,"key":"Pen Nib"}],"event_choices":[{"damage_healed":0,"gold_gain":0,"player_choice":"Donut","damage_taken":0,"max_hp_gain":5,"max_hp_loss":0,"event_name":"Big Fish","floor":3,"gold_loss":0},{"damage_healed":0,"gold_gain":0,"player_choice":"Success","damage_taken":12,"relics_obtained":["Matryoshka"],"max_hp_gain":0,"max_hp_loss":0,"event_name":"Scrap Ooze","floor":6,"gold_loss":0},{"damage_healed":0,"gold_gain":0,"player_choice":"Fight","damage_taken":0,"max_hp_gain":0,"max_hp_loss":0,"event_name":"Colosseum","floor":21,"gold_loss":0},{"damage_healed":0,"gold_gain":0,"player_choice":"Fled From Nobs","damage_taken":0,"max_hp_gain":0,"max_hp_loss":0,"event_name":"Colosseum","floor":21,"gold_loss":0},{"damage_healed":0,"gold_gain":0,"player_choice":"Became a vampire","damage_taken":0,"max_hp_gain":0,"max_hp_loss":27,"event_name":"Vampires","floor":24,"gold_loss":0,"cards_obtained":["Bite","Bite","Bite","Bite","Bite"]},{"damage_healed":0,"gold_gain":0,"player_choice":"Ignored","damage_taken":0,"max_hp_gain":0,"max_hp_loss":0,"event_name":"Beggar","floor":27,"gold_loss":0},{"damage_healed":0,"gold_gain":0,"player_choice":"4 cards matched","damage_taken":0,"max_hp_gain":0,"max_hp_loss":0,"event_name":"Match and Keep!","floor":36,"gold_loss":0,"cards_obtained":["Shockwave","Havoc","Doubt","Demon Form"]},{"damage_healed":0,"gold_gain":0,"player_choice":"4 cards matched","damage_taken":0,"max_hp_gain":0,"max_hp_loss":0,"event_name":"Match and Keep!","floor":36,"gold_loss":0,"cards_obtained":["Shockwave","Havoc","Doubt","Demon Form"]}],"is_beta":false,"boss_relics":[{"not_picked":["Calling Bell","Black Blood"],"picked":"Astrolabe"},{"not_picked":["Runic Cube","Empty Cage"],"picked":"White Beast Statue"}],"items_purged_floors":[20],"is_endless":false,"potions_floor_spawned":[1,5,11,13,14,21,25,28,35,37,38,39,40],"killed_by":"Giant Head","ascension_level":0}