{"gold_per_floor":[116,127,144,144,144,177,196,196,196,149,189,189,213,226,226,350,350,366,366,366,389,304,304],"floor_reached":23,"playtime":2127,"items_purged":[],"score":256,"play_id":"d84e8c30-024b-4b00-8249-617241a548c4","local_time":"20190119201345","is_ascension_mode":true,"campfire_choices":[{"floor":15,"key":"REST"}],"neow_cost":"NONE","seed_source_timestamp":156622628648549,"circlet_count":0,"master_deck":["Defend_G","Defend_G","Defend_G","Defend_G","Defend_G","Survivor+1","Neutralize+1","Quick Slash","Dodge and Roll","Endless Agony","Quick Slash","Bouncing Flask+1","Dash","Dagger Spray","Die Die Die","Crippling Poison","Footwork","Bite","Bite","Bite","Bite","Bite"],"relics":["Ring of the Snake","Golden Idol","Boot","Juzu Bracelet","Singing Bowl","Orrery","War Paint"],"potions_floor_usage":[11,11,16,16,20,20,20,23],"damage_taken":[{"damage":8,"enemies":"Jaw Worm","floor":1,"turns":8},{"damage":3,"enemies":"Small Slimes","floor":2,"turns":4},{"damage":0,"enemies":"2 Louse","floor":3,"turns":3},{"damage":36,"enemies":"3 Sentries","floor":6,"turns":12},{"damage":4,"enemies":"Red Slaver","floor":7,"turns":4},{"damage":8,"enemies":"Lagavulin","floor":11,"turns":8},{"damage":6,"enemies":"2 Fungi Beasts","floor":13,"turns":3},{"damage":0,"enemies":"Looter","floor":14,"turns":3},{"damage":12,"enemies":"Slime Boss","floor":16,"turns":9},{"damage":15,"enemies":"2 Thieves","floor":18,"turns":4},{"damage":34,"enemies":"Colosseum Slavers","floor":20,"turns":6},{"damage":21,"enemies":"Spheric Guardian","floor":21,"turns":7},{"damage":35,"enemies":"Gremlin Leader","floor":23,"turns":5}],"seed_played":"1281494905780783316","potions_obtained":[{"floor":6,"key":"Dexterity Potion"},{"floor":7,"key":"Weak Potion"},{"floor":11,"key":"SteroidPotion"},{"floor":14,"key":"EssenceOfSteel"},{"floor":16,"key":"Strength Potion"},{"floor":18,"key":"EntropicBrew"}],"is_trial":false,"path_per_floor":["M","M","M","?","?","E","M","?","T","?","E","?","M","M","R","B",null,"M","?","?","M","?","E"],"character_chosen":"THE_SILENT","items_purchased":[],"campfire_rested":1,"item_purchase_floors":[],"current_hp_per_floor":[69,66,66,66,71,35,31,31,31,31,23,16,10,10,34,22,90,75,63,39,26,26,0],"gold":304,"neow_bonus":"TEN_PERCENT_HP_BONUS","is_prod":false,"is_daily":false,"chose_seed":false,"campfire_upgraded":0,"win_rate":0,"timestamp":1547957625,"path_taken":["M","M","M","?","?","E","M","?","T","?","E","?","M","M","R","BOSS","M","?","?","M","?","E"],"build_version":"2019-01-17v2","purchased_purges":0,"victory":false,"max_hp_per_floor":[77,77,77,77,82,82,82,82,82,82,82,82,82,82,82,82,90,90,63,63,65,65,65],"card_choices":[{"not_picked":["Deflect","Slice"],"picked":"Quick Slash","floor":1},{"not_picked":["Concentrate","Escape Plan"],"picked":"Dodge and Roll","floor":2},{"not_picked":["Deflect","Concentrate","Bane"],"picked":"SKIP","floor":3},{"not_picked":["Flying Knee","Burst"],"picked":"Endless Agony","floor":6},{"not_picked":["Dodge and Roll","Deflect"],"picked":"Quick Slash","floor":7},{"not_picked":["Phantasmal Killer","Eviscerate"],"picked":"Bouncing Flask","floor":11},{"not_picked":["Heel Hook","Prepared"],"picked":"Dash","floor":13},{"not_picked":["Concentrate","All Out Attack"],"picked":"Dagger Spray","floor":14},{"not_picked":["Unload","Night Terror"],"picked":"Die Die Die","floor":16},{"not_picked":["Prepared","Bane","Riddle With Holes"],"picked":"Singing Bowl","floor":17},{"not_picked":["Acrobatics","Underhanded Strike","Dagger Throw"],"picked":"Singing Bowl","floor":17},{"not_picked":["Flying Knee","Quick Slash","Deadly Poison"],"picked":"Singing Bowl","floor":17},{"not_picked":["Endless Agony","Deadly Poison","Blade Dance"],"picked":"Singing Bowl","floor":17},{"not_picked":["Escape Plan","Dodge and Roll"],"picked":"Crippling Poison","floor":17},{"not_picked":["Flying Knee+1","Heel Hook"],"picked":"Footwork","floor":18},{"not_picked":["Dagger Throw","Deadly Poison","Blade Dance"],"picked":"Singing Bowl","floor":21}],"player_experience":279493,"relics_obtained":[{"floor":6,"key":"Boot"},{"floor":9,"key":"Juzu Bracelet"},{"floor":11,"key":"Singing Bowl"}],"event_choices":[{"damage_healed":0,"gold_gain":0,"player_choice":"Take Wound","damage_taken":0,"relics_obtained":["Golden Idol"],"max_hp_gain":0,"max_hp_loss":0,"event_name":"Golden Idol","floor":4,"gold_loss":0,"cards_obtained":["Injury"]},{"damage_healed":0,"gold_gain":0,"player_choice":"Donut","damage_taken":0,"max_hp_gain":5,"max_hp_loss":0,"event_name":"Big Fish","floor":5,"gold_loss":0},{"damage_healed":0,"gold_gain":0,"player_choice":"Forge","damage_taken":0,"max_hp_gain":0,"max_hp_loss":0,"event_name":"Accursed Blacksmith","floor":8,"gold_loss":0,"cards_upgraded":["Neutralize"]},{"damage_healed":0,"gold_gain":0,"player_choice":"Left Gold","damage_taken":0,"max_hp_gain":0,"max_hp_loss":0,"event_name":"World of Goop","floor":10,"gold_loss":47},{"cards_removed":["Injury"],"damage_healed":0,"gold_gain":0,"player_choice":"Card Removal","damage_taken":7,"max_hp_gain":0,"max_hp_loss":0,"event_name":"Golden Wing","floor":12,"gold_loss":0},{"damage_healed":0,"gold_gain":0,"player_choice":"Became a vampire","damage_taken":0,"max_hp_gain":0,"max_hp_loss":27,"event_name":"Vampires","floor":19,"gold_loss":0,"cards_obtained":["Bite","Bite","Bite","Bite","Bite"]},{"damage_healed":0,"gold_gain":0,"player_choice":"Fight","damage_taken":0,"max_hp_gain":0,"max_hp_loss":0,"event_name":"Colosseum","floor":20,"gold_loss":0},{"damage_healed":0,"gold_gain":0,"player_choice":"Fled From Nobs","damage_taken":0,"max_hp_gain":0,"max_hp_loss":0,"event_name":"Colosseum","floor":20,"gold_loss":0},{"damage_healed":0,"gold_gain":0,"player_choice":"Obtained Relic","damage_taken":0,"relics_obtained":["War Paint"],"max_hp_gain":0,"max_hp_loss":0,"event_name":"Addict","floor":22,"gold_loss":85}],"is_beta":false,"boss_relics":[{"not_picked":["WristBlade","Empty Cage"],"picked":"Orrery"}],"items_purged_floors":[],"is_endless":false,"potions_floor_spawned":[6,7,11,14,16,18],"killed_by":"Gremlin Leader","ascension_level":3}