{"gold_per_floor":[113,128,147,147,147,182,182,147,147,191,215,167,181,202,202,202],"floor_reached":16,"playtime":431,"items_purged":[],"score":179,"play_id":"637d9d96-7d5e-4a27-aa77-206aeef9215d","local_time":"20181225184301","is_ascension_mode":true,"campfire_choices":[{"data":"Streamline","floor":7,"key":"SMITH"},{"floor":15,"key":"REST"}],"neow_cost":"NONE","seed_source_timestamp":172075158409696,"circlet_count":0,"master_deck":["AscendersBane","Strike_B","Strike_B","Strike_B","Strike_B","Defend_B","Defend_B","Defend_B","Defend_B","Zap","Dualcast","Streamline+1","Scrape","Go for the Eyes","Cold Snap","Coolheaded","Undo","Ball Lightning","Loop"],"relics":["Cracked Core","NeowsBlessing","Golden Idol","Letter Opener","Mummified Hand","Vajra","Pen Nib"],"potions_floor_usage":[13,14],"damage_taken":[{"damage":0,"enemies":"Cultist","floor":1,"turns":1},{"damage":0,"enemies":"Small Slimes","floor":2,"turns":1},{"damage":0,"enemies":"2 Louse","floor":3,"turns":1},{"damage":35,"enemies":"Lagavulin","floor":6,"turns":7},{"damage":30,"enemies":"3 Sentries","floor":10,"turns":7},{"damage":12,"enemies":"Exordium Wildlife","floor":11,"turns":4},{"damage":0,"enemies":"Gremlin Gang","floor":13,"turns":5},{"damage":0,"enemies":"Red Slaver","floor":14,"turns":1},{"damage":28,"enemies":"Hexaghost","floor":16,"turns":7}],"seed_played":"6235401258932484969","potions_obtained":[{"floor":6,"key":"Block Potion"},{"floor":11,"key":"SpeedPotion"},{"floor":13,"key":"Energy Potion"}],"is_trial":false,"path_per_floor":["M","M","M","?","?","E","R","?","T","E","M","?","M","M","R","B"],"character_chosen":"DEFECT","items_purchased":[],"campfire_rested":1,"item_purchase_floors":[],"current_hp_per_floor":[68,68,68,68,65,30,30,47,47,17,5,5,5,5,25,0],"gold":202,"neow_bonus":"THREE_ENEMY_KILL","is_prod":false,"is_daily":false,"chose_seed":false,"campfire_upgraded":1,"win_rate":0,"timestamp":1545781381,"path_taken":["M","M","?","?","?","E","R","?","T","E","M","?","M","M","R","BOSS"],"build_version":"2018-12-20","purchased_purges":0,"victory":false,"max_hp_per_floor":[75,75,75,69,69,69,69,69,69,69,69,69,69,69,69,69],"card_choices":[{"not_picked":["Steam","Undo"],"picked":"Streamline","floor":1},{"not_picked":["Reinforced Body","Auto Shields"],"picked":"Scrape","floor":2},{"not_picked":["Scrape","Defragment"],"picked":"Go for the Eyes","floor":3},{"not_picked":["Streamline","Steam Power"],"picked":"Cold Snap","floor":6},{"not_picked":["Cold Snap","Conserve Battery"],"picked":"Coolheaded","floor":10},{"not_picked":["Conserve Battery","Streamline"],"picked":"Undo","floor":11},{"not_picked":["Multi-Cast","Steam"],"picked":"Ball Lightning","floor":13},{"not_picked":["Go for the Eyes","Compile Driver"],"picked":"Loop","floor":14}],"player_experience":403517,"relics_obtained":[{"floor":6,"key":"Mummified Hand"},{"floor":9,"key":"Vajra"},{"floor":10,"key":"Pen Nib"}],"event_choices":[{"damage_healed":0,"gold_gain":0,"player_choice":"Lose Max HP","damage_taken":0,"relics_obtained":["Golden Idol"],"max_hp_gain":0,"max_hp_loss":6,"event_name":"Golden Idol","floor":4,"gold_loss":0},{"damage_healed":0,"gold_gain":0,"player_choice":"Success","damage_taken":3,"relics_obtained":["Letter Opener"],"max_hp_gain":0,"max_hp_loss":0,"event_name":"Scrap Ooze","floor":5,"gold_loss":0},{"damage_healed":17,"gold_gain":0,"player_choice":"Healed","damage_taken":0,"max_hp_gain":0,"max_hp_loss":0,"event_name":"The Cleric","floor":8,"gold_loss":35},{"damage_healed":0,"gold_gain":0,"player_choice":"Left Gold","damage_taken":0,"max_hp_gain":0,"max_hp_loss":0,"event_name":"World of Goop","floor":12,"gold_loss":48}],"is_beta":false,"boss_relics":[],"items_purged_floors":[],"is_endless":false,"potions_floor_spawned":[6,11,13],"killed_by":"Hexaghost","ascension_level":12}