{"gold_per_floor":[119,119,119,137,151,179,179,254,280,315,341,412,389,413,425,540,552,574,133,133,133,148,148,213,213,236,264,264,264,6,26,26,129,129,148,248,295,121,141,141,175,195,195,117,132,142,170,23,23,23,23,23,23,57,57],"floor_reached":55,"playtime":3844,"items_purged":["Strike_B","Strike_B"],"score":857,"play_id":"6e7e3245-4d07-47a4-95f6-49a130451166","local_time":"20190107132040","is_ascension_mode":true,"campfire_choices":[{"floor":7,"key":"REST"},{"floor":15,"key":"REST"},{"data":"Consume","floor":23,"key":"SMITH"},{"data":"Static Discharge","floor":25,"key":"SMITH"},{"floor":32,"key":"REST"},{"floor":40,"key":"RECALL"},{"floor":49,"key":"REST"},{"floor":52,"key":"REST"}],"neow_cost":"NONE","seed_source_timestamp":1090018712773721,"circlet_count":0,"master_deck":["Strike_B+1","Strike_B+1","Defend_B","Defend_B","Defend_B","Defend_B","Zap+1","Dualcast","Doom and Gloom+1","Capacitor","Chill","Cold Snap","Consume+1","Cold Snap","Fusion","Conserve Battery","Electrodynamics","Leap","Blizzard","Writhe","Self Repair","Static Discharge+1","Ball Lightning","Apotheosis","Bandage Up","Streamline","Blizzard+1","Rainbow","Tempest+1","Capacitor","Coolheaded+1","Blizzard","White Noise","Force Field+1","Glacier+1","Buffer+1","Capacitor+1"],"relics":["Cracked Core","Anchor","Centennial Puzzle","Happy Flower","MawBank","FossilizedHelix","Velvet Choker","Regal Pillow","Dream Catcher","Potion Belt","Tiny Chest","Whetstone","Strawberry","Fusion Hammer","StoneCalendar","Boot","Frozen Egg 2","Bag of Marbles","Ancient Tea Set","Pantograph"],"potions_floor_usage":[6,10,12,16,16,24,33,41,42,47,50,50,55],"damage_taken":[{"damage":8,"enemies":"2 Louse","floor":1,"turns":2},{"damage":0,"enemies":"Small Slimes","floor":4,"turns":2},{"damage":2,"enemies":"Jaw Worm","floor":5,"turns":3},{"damage":19,"enemies":"Lagavulin","floor":6,"turns":6},{"damage":14,"enemies":"Gremlin Nob","floor":10,"turns":4},{"damage":8,"enemies":"Exordium Thugs","floor":11,"turns":3},{"damage":14,"enemies":"Lagavulin Event","floor":12,"turns":7},{"damage":0,"enemies":"Large Slime","floor":14,"turns":5},{"damage":15,"enemies":"Hexaghost","floor":16,"turns":8},{"damage":0,"enemies":"Chosen","floor":18,"turns":5},{"damage":0,"enemies":"2 Thieves","floor":22,"turns":3},{"damage":9,"enemies":"Book of Stabbing","floor":24,"turns":6},{"damage":31,"enemies":"Slavers","floor":27,"turns":4},{"damage":14,"enemies":"Cultist and Chosen","floor":31,"turns":8},{"damage":54,"enemies":"Collector","floor":33,"turns":9},{"damage":0,"enemies":"Orb Walker","floor":35,"turns":3},{"damage":0,"enemies":"Mind Bloom Boss Battle","floor":36,"turns":6},{"damage":15,"enemies":"3 Darklings","floor":39,"turns":4},{"damage":1,"enemies":"Nemesis","floor":41,"turns":7},{"damage":8,"enemies":"Sphere and 2 Shapes","floor":42,"turns":3},{"damage":11,"enemies":"Spire Growth","floor":45,"turns":5},{"damage":8,"enemies":"3 Darklings","floor":46,"turns":4},{"damage":4,"enemies":"Giant Head","floor":47,"turns":8},{"damage":34,"enemies":"Donu and Deca","floor":50,"turns":7},{"damage":66,"enemies":"Shield and Spear","floor":54,"turns":7},{"damage":62,"enemies":"The Heart","floor":55,"turns":5}],"seed_played":"212008363527744230","potions_obtained":[{"floor":4,"key":"Fire Potion"},{"floor":6,"key":"SkillPotion"},{"floor":10,"key":"FearPotion"},{"floor":12,"key":"Swift Potion"},{"floor":14,"key":"FearPotion"},{"floor":18,"key":"AttackPotion"},{"floor":22,"key":"FearPotion"},{"floor":24,"key":"Poison Potion"},{"floor":35,"key":"EssenceOfSteel"},{"floor":36,"key":"SpeedPotion"},{"floor":41,"key":"Fire Potion"},{"floor":46,"key":"FocusPotion"},{"floor":47,"key":"Energy Potion"},{"floor":54,"key":"Strength Potion"}],"is_trial":false,"path_per_floor":["M","?","?","M","M","E","R","?","T","E","M","?","?","M","R","B",null,"M","$","?","?","M","R","E","R","T","E","?","?","$","M","R","B",null,"M","?","T","$","M","R","E","M","T","$","M","M","E","$","R","B",null,"R","$","E","B"],"character_chosen":"DEFECT","items_purchased":["Blizzard","Regal Pillow","Dream Catcher","Apotheosis","Bandage Up","Capacitor","White Noise","Ancient Tea Set"],"campfire_rested":5,"item_purchase_floors":[19,19,19,30,30,38,44,48],"current_hp_per_floor":[74,58,55,55,53,34,58,47,47,33,25,11,31,31,55,40,82,82,82,82,82,82,82,80,80,80,63,46,46,46,46,89,46,94,94,94,94,94,79,79,89,92,92,92,83,79,86,86,94,80,94,94,94,28,0],"gold":57,"neow_bonus":"TEN_PERCENT_HP_BONUS","is_prod":false,"is_daily":false,"chose_seed":false,"campfire_upgraded":2,"win_rate":0,"timestamp":1546885240,"path_taken":["M","?","?","M","M","E","R","?","T","E","M","?","?","?","R","BOSS","M","$","?","?","?","R","E","R","T","E","?","?","?","M","R","BOSS","M","?","?","?","M","R","E","M","T","$","M","M","E","$","R","BOSS","R","$","E","BOSS"],"build_version":"2019-01-03v4","purchased_purges":2,"victory":false,"max_hp_per_floor":[82,82,82,82,82,82,82,82,82,82,82,82,82,82,82,82,82,82,82,82,82,82,82,82,82,82,89,94,94,94,94,94,94,94,94,94,94,94,94,94,94,94,94,94,94,94,94,94,94,94,94,94,94,94,94],"card_choices":[{"not_picked":["Cold Snap","Conserve Battery"],"picked":"Doom and Gloom","floor":1},{"not_picked":["Auto Shields","Undo"],"picked":"Capacitor","floor":4},{"not_picked":["Storm","Compile Driver"],"picked":"Chill","floor":5},{"not_picked":["Steam","Storm"],"picked":"Cold Snap","floor":6},{"not_picked":["Fission","Reboot"],"picked":"Consume","floor":10},{"not_picked":["Reinforced Body","Steam"],"picked":"Cold Snap","floor":11},{"not_picked":["Beam Cell","Go for the Eyes"],"picked":"Fusion","floor":12},{"not_picked":["Streamline","Leap"],"picked":"Conserve Battery","floor":14},{"not_picked":["Fission","Reboot"],"picked":"Electrodynamics","floor":16},{"not_picked":["Sunder","Undo"],"picked":"Leap","floor":18},{"not_picked":["Rip and Tear","Go for the Eyes"],"picked":"Self Repair","floor":22},{"not_picked":["Conserve Battery","Leap+1"],"picked":"Static Discharge","floor":24},{"not_picked":["Reboot","Leap"],"picked":"Ball Lightning","floor":27},{"not_picked":["Redo","Turbo"],"picked":"Streamline","floor":31},{"not_picked":["Go for the Eyes+1","Hologram+1"],"picked":"Blizzard+1","floor":32},{"not_picked":["All For One","Seek"],"picked":"Rainbow","floor":33},{"not_picked":["Sweeping Beam","Go for the Eyes+1"],"picked":"Tempest+1","floor":35},{"not_picked":["Lockon","Steam"],"picked":"Coolheaded+1","floor":39},{"not_picked":["Hyperbeam","Heatsinks+1"],"picked":"Blizzard","floor":41},{"not_picked":["Coolheaded+1","Sweeping Beam","Go for the Eyes+1"],"picked":"SKIP","floor":42},{"not_picked":["Storm+1","Hologram+1","Turbo+1"],"picked":"SKIP","floor":45},{"not_picked":["Beam Cell+1","Fusion","Conserve Battery+1"],"picked":"SKIP","floor":46},{"not_picked":["Gash+1","Recycle"],"picked":"Force Field+1","floor":47},{"not_picked":["Go for the Eyes","Ball Lightning"],"picked":"Glacier+1","floor":49},{"not_picked":["Streamline","Capacitor+1"],"picked":"Buffer+1","floor":52},{"not_picked":["Reprogram+1","Reinforced Body+1"],"picked":"Capacitor+1","floor":54}],"player_experience":167547,"relics_obtained":[{"floor":6,"key":"Centennial Puzzle"},{"floor":9,"key":"Happy Flower"},{"floor":10,"key":"MawBank"},{"floor":12,"key":"FossilizedHelix"},{"floor":24,"key":"Tiny Chest"},{"floor":26,"key":"Whetstone"},{"floor":27,"key":"Strawberry"},{"floor":36,"key":"StoneCalendar"},{"floor":41,"key":"Boot"},{"floor":43,"key":"Frozen Egg 2"},{"floor":47,"key":"Bag of Marbles"},{"floor":54,"key":"Pantograph"}],"event_choices":[{"damage_healed":0,"gold_gain":0,"player_choice":"Entered Light","damage_taken":16,"max_hp_gain":0,"max_hp_loss":0,"event_name":"Shining Light","floor":2,"gold_loss":0,"cards_upgraded":["Doom and Gloom","Zap"]},{"damage_healed":0,"gold_gain":0,"player_choice":"Success","damage_taken":3,"relics_obtained":["Anchor"],"max_hp_gain":0,"max_hp_loss":0,"event_name":"Scrap Ooze","floor":3,"gold_loss":0},{"damage_healed":0,"gold_gain":75,"player_choice":"Gather Gold","damage_taken":11,"max_hp_gain":0,"max_hp_loss":0,"event_name":"World of Goop","floor":8,"gold_loss":0},{"damage_healed":0,"gold_gain":0,"player_choice":"Searched \u00272\u0027 times","damage_taken":0,"max_hp_gain":0,"max_hp_loss":0,"event_name":"Dead Adventurer","floor":12,"gold_loss":0},{"damage_healed":20,"gold_gain":0,"player_choice":"Healed","damage_taken":0,"max_hp_gain":0,"max_hp_loss":0,"event_name":"The Cleric","floor":13,"gold_loss":35},{"damage_healed":0,"gold_gain":0,"player_choice":"Opened","damage_taken":0,"relics_obtained":["Potion Belt"],"max_hp_gain":0,"max_hp_loss":0,"event_name":"The Mausoleum","floor":20,"gold_loss":0,"cards_obtained":["Writhe"]},{"damage_healed":0,"gold_gain":0,"player_choice":"Full Heal","damage_taken":0,"max_hp_gain":0,"max_hp_loss":0,"event_name":"Wheel of Change","floor":21,"gold_loss":0},{"damage_healed":0,"gold_gain":0,"player_choice":"Shed Blood","damage_taken":22,"max_hp_gain":5,"max_hp_loss":0,"event_name":"Forgotten Altar","floor":28,"gold_loss":0},{"damage_healed":0,"gold_gain":0,"player_choice":"Ignored","damage_taken":0,"max_hp_gain":0,"max_hp_loss":0,"event_name":"Vampires","floor":29,"gold_loss":0},{"damage_healed":0,"gold_gain":0,"player_choice":"Fight","damage_taken":0,"max_hp_gain":0,"max_hp_loss":0,"event_name":"MindBloom","floor":36,"gold_loss":0}],"is_beta":false,"boss_relics":[{"not_picked":["FrozenCore","Lizard Tail"],"picked":"Velvet Choker"},{"not_picked":["Astrolabe","Empty Cage"],"picked":"Fusion Hammer"}],"items_purged_floors":[19,38],"is_endless":false,"potions_floor_spawned":[4,6,10,12,14,18,22,24,35,36,41,46,47,54],"killed_by":"The Heart","ascension_level":1}