{"gold_per_floor":[109,125,141,155,230,243,272,272,272,272,282,302,302,332,332,429,429,447,447,447,447,372,398,142,157,203,203,217,217,217,217,217,312,312,332,24,24,24,44,44,22,22,22,53,53],"floor_reached":45,"playtime":3048,"items_purged":[],"score":636,"play_id":"127bf61e-942d-4e3d-9ec1-6738d5915c02","local_time":"20190130231929","is_ascension_mode":true,"campfire_choices":[{"floor":8,"key":"REST"},{"data":"Zap","floor":10,"key":"SMITH"},{"floor":13,"key":"REST"},{"data":"Go for the Eyes","floor":15,"key":"SMITH"},{"floor":27,"key":"REST"},{"floor":29,"key":"REST"},{"data":"Creative AI","floor":32,"key":"SMITH"},{"data":"Apotheosis","floor":40,"key":"SMITH"},{"floor":42,"key":"REST"}],"neow_cost":"NONE","seed_source_timestamp":1117245590811850,"circlet_count":0,"master_deck":["Strike_B","Defend_B","Defend_B","Defend_B","Defend_B","Zap+1","Dualcast","Coolheaded","Ball Lightning","Steam","Sweeping Beam+1","Ball Lightning+1","Hologram","Glacier","Recycle","Go for the Eyes+1","Creative AI+1","Tempest","Necronomicurse","Steam","Compile Driver","Electrodynamics","Beam Cell","Reinforced Body+1","Biased Cognition","Apotheosis+1","Writhe","Conserve Battery"],"relics":["Cracked Core","Orichalcum","Pantograph","Blue Candle","Inserter","Oddly Smooth Stone","Necronomicon","Mummified Hand","Cables","Whetstone","Velvet Choker","Regal Pillow","Ginger","Juzu Bracelet"],"potions_floor_usage":[7,7,16,16,23,23,31,33,33,39],"damage_taken":[{"damage":7,"enemies":"Jaw Worm","floor":1,"turns":4},{"damage":2,"enemies":"Small Slimes","floor":2,"turns":4},{"damage":1,"enemies":"2 Louse","floor":3,"turns":3},{"damage":6,"enemies":"2 Fungi Beasts","floor":4,"turns":4},{"damage":18,"enemies":"3 Louse","floor":6,"turns":4},{"damage":14,"enemies":"3 Sentries","floor":7,"turns":5},{"damage":9,"enemies":"Exordium Wildlife","floor":11,"turns":3},{"damage":0,"enemies":"Large Slime","floor":12,"turns":5},{"damage":32,"enemies":"Lagavulin","floor":14,"turns":9},{"damage":34,"enemies":"Hexaghost","floor":16,"turns":11},{"damage":22,"enemies":"Shell Parasite","floor":18,"turns":9},{"damage":13,"enemies":"Gremlin Leader","floor":23,"turns":7},{"damage":5,"enemies":"3 Byrds","floor":25,"turns":3},{"damage":19,"enemies":"Sentry and Sphere","floor":28,"turns":6},{"damage":12,"enemies":"Colosseum Slavers","floor":30,"turns":4},{"damage":0,"enemies":"Centurion and Healer","floor":31,"turns":1},{"damage":29,"enemies":"Champ","floor":33,"turns":13},{"damage":38,"enemies":"3 Darklings","floor":35,"turns":4},{"damage":4,"enemies":"Orb Walker","floor":39,"turns":4},{"damage":53,"enemies":"Reptomancer","floor":44,"turns":6},{"damage":37,"enemies":"Sphere and 2 Shapes","floor":45,"turns":3}],"seed_played":"-180970450543089452","potions_obtained":[{"floor":3,"key":"FocusPotion"},{"floor":4,"key":"FocusPotion"},{"floor":7,"key":"Strength Potion"},{"floor":12,"key":"Ancient Potion"},{"floor":14,"key":"SteroidPotion"},{"floor":16,"key":"Energy Potion"},{"floor":23,"key":"Ancient Potion"},{"floor":25,"key":"FearPotion"},{"floor":28,"key":"SmokeBomb"},{"floor":35,"key":"PowerPotion"}],"is_trial":false,"path_per_floor":["M","M","M","M","?","M","E","R","T","R","M","M","R","E","R","B",null,"M","?","?","?","?","E","$","M","T","R","M","R","?","M","R","B",null,"M","$","?","$","M","R","$","R","T","E","M"],"character_chosen":"DEFECT","items_purchased":["Cables","Apotheosis","Regal Pillow","Conserve Battery"],"campfire_rested":5,"item_purchase_floors":[24,36,36,41],"current_hp_per_floor":[68,66,65,59,48,30,16,40,40,40,31,31,55,23,23,14,65,43,43,27,27,27,14,14,9,9,33,14,38,26,26,26,22,67,29,29,50,50,46,46,46,82,82,29,0],"gold":53,"neow_bonus":"TEN_PERCENT_HP_BONUS","is_prod":false,"is_daily":false,"chose_seed":false,"campfire_upgraded":4,"win_rate":0,"timestamp":1548919169,"path_taken":["M","M","M","M","?","M","E","R","T","R","M","M","R","E","R","BOSS","M","?","?","?","?","E","$","M","T","R","M","R","?","M","R","BOSS","M","$","?","$","M","R","$","R","T","E","M"],"build_version":"2019-01-23","purchased_purges":0,"victory":false,"max_hp_per_floor":[82,82,82,82,82,82,82,82,82,82,82,82,82,82,82,82,82,82,82,82,82,82,82,82,82,82,82,82,82,82,82,82,82,82,82,82,82,82,82,82,82,82,82,82,82],"card_choices":[{"not_picked":["Turbo","Darkness"],"picked":"Coolheaded","floor":1},{"not_picked":["Darkness","Stack"],"picked":"Ball Lightning","floor":2},{"not_picked":["Scrape","Reprogram"],"picked":"Steam","floor":3},{"not_picked":["Undo","Coolheaded"],"picked":"Sweeping Beam","floor":4},{"not_picked":["Barrage","Redo"],"picked":"Ball Lightning","floor":6},{"not_picked":["Barrage","Cold Snap"],"picked":"Hologram","floor":7},{"not_picked":["Conserve Battery","Barrage"],"picked":"Glacier","floor":11},{"not_picked":["Barrage","Conserve Battery"],"picked":"Recycle","floor":12},{"not_picked":["Steam","Chaos"],"picked":"Go for the Eyes","floor":14},{"not_picked":["Machine Learning","Biased Cognition"],"picked":"Creative AI","floor":16},{"not_picked":["Cold Snap","Sunder"],"picked":"Tempest","floor":18},{"not_picked":["Coolheaded+1","Beam Cell"],"picked":"Electrodynamics","floor":23},{"not_picked":["Heatsinks","Gash"],"picked":"Beam Cell","floor":25},{"not_picked":["Rebound","Coolheaded"],"picked":"Reinforced Body+1","floor":28},{"not_picked":["Electrodynamics","Hyperbeam"],"picked":"Biased Cognition","floor":33},{"not_picked":["Streamline","Melter+1","FTL"],"picked":"SKIP","floor":35},{"not_picked":["Steam","Ball Lightning","Streamline"],"picked":"SKIP","floor":39},{"not_picked":["Steam","Ball Lightning","Streamline"],"picked":"SKIP","floor":39},{"not_picked":["Rebound+1","Blizzard","Scrape"],"picked":"SKIP","floor":44}],"player_experience":429603,"relics_obtained":[{"floor":7,"key":"Orichalcum"},{"floor":9,"key":"Pantograph"},{"floor":14,"key":"Blue Candle"},{"floor":20,"key":"Necronomicon"},{"floor":23,"key":"Mummified Hand"},{"floor":26,"key":"Whetstone"},{"floor":43,"key":"Ginger"},{"floor":44,"key":"Juzu Bracelet"}],"event_choices":[{"damage_healed":0,"gold_gain":75,"player_choice":"Gather Gold","damage_taken":11,"max_hp_gain":0,"max_hp_loss":0,"event_name":"World of Goop","floor":5,"gold_loss":0},{"damage_healed":0,"gold_gain":0,"player_choice":"Opened","damage_taken":0,"relics_obtained":["Oddly Smooth Stone"],"max_hp_gain":0,"max_hp_loss":0,"event_name":"The Mausoleum","floor":19,"gold_loss":0},{"damage_healed":0,"gold_gain":0,"player_choice":"Obtained Book","damage_taken":16,"max_hp_gain":0,"max_hp_loss":0,"event_name":"Cursed Tome","floor":20,"gold_loss":0},{"damage_healed":0,"gold_gain":0,"cards_transformed":["Strike_B","Strike_B"],"player_choice":"Became Test Subject","damage_taken":0,"max_hp_gain":0,"max_hp_loss":0,"event_name":"Drug Dealer","floor":21,"gold_loss":0,"cards_obtained":["Steam","Compile Driver"]},{"cards_removed":["Strike_B"],"damage_healed":0,"gold_gain":0,"player_choice":"Gave Gold","damage_taken":0,"max_hp_gain":0,"max_hp_loss":0,"event_name":"Beggar","floor":22,"gold_loss":75},{"damage_healed":0,"gold_gain":0,"player_choice":"Fight","damage_taken":0,"max_hp_gain":0,"max_hp_loss":0,"event_name":"Colosseum","floor":30,"gold_loss":0},{"damage_healed":0,"gold_gain":0,"player_choice":"Fled From Nobs","damage_taken":0,"max_hp_gain":0,"max_hp_loss":0,"event_name":"Colosseum","floor":30,"gold_loss":0},{"damage_healed":21,"gold_gain":0,"player_choice":"Writhe","damage_taken":0,"max_hp_gain":0,"max_hp_loss":0,"event_name":"Winding Halls","floor":37,"gold_loss":0,"cards_obtained":["Writhe"]}],"is_beta":false,"boss_relics":[{"not_picked":["Ectoplasm","Astrolabe"],"picked":"Inserter"},{"not_picked":["Snecko Eye","Tiny House"],"picked":"Velvet Choker"}],"items_purged_floors":[],"is_endless":false,"potions_floor_spawned":[3,4,7,12,14,16,23,25,28,30,35],"killed_by":"Sphere and 2 Shapes","ascension_level":7}