{"gold_per_floor":[112,123,141,160,173,199,199,230,230,264,264],"floor_reached":11,"playtime":425,"items_purged":[],"score":143,"play_id":"8e31c45e-b811-4c31-8c07-0f44fdbdb46c","local_time":"20181215212827","is_ascension_mode":true,"campfire_choices":[{"data":"Streamline","floor":7,"key":"SMITH"}],"neow_cost":"NONE","seed_source_timestamp":109708957369892,"circlet_count":0,"master_deck":["AscendersBane","Strike_B","Strike_B","Strike_B","Strike_B","Defend_B","Defend_B","Defend_B","Defend_B","Zap+1","Dualcast","Barrage","Glacier","Streamline+1","Turbo","Cold Snap","Skim","Coolheaded","Ball Lightning+1"],"relics":["Cracked Core","Matryoshka","Molten Egg 2","Letter Opener","Bottled Flame","Frozen Egg 2"],"potions_floor_usage":[6,8,10],"damage_taken":[{"damage":6,"enemies":"Small Slimes","floor":1,"turns":3},{"damage":4,"enemies":"Jaw Worm","floor":2,"turns":4},{"damage":0,"enemies":"Cultist","floor":3,"turns":3},{"damage":2,"enemies":"Looter","floor":4,"turns":3},{"damage":6,"enemies":"2 Fungi Beasts","floor":5,"turns":3},{"damage":41,"enemies":"Gremlin Nob","floor":6,"turns":5},{"damage":5,"enemies":"Lagavulin","floor":8,"turns":5},{"damage":10,"enemies":"3 Sentries","floor":10,"turns":5},{"damage":6,"enemies":"The Mushroom Lair","floor":11,"turns":1}],"seed_played":"1798663245145579631","potions_obtained":[{"floor":2,"key":"Regen Potion"},{"floor":3,"key":"Explosive Potion"},{"floor":6,"key":"Dexterity Potion"}],"is_trial":false,"path_per_floor":["M","M","M","M","M","E","R","E","T","E","?"],"character_chosen":"DEFECT","items_purchased":[],"campfire_rested":0,"item_purchase_floors":[],"current_hp_per_floor":[62,58,58,56,50,21,21,16,16,6,0],"gold":264,"neow_bonus":"UPGRADE_CARD","is_prod":false,"is_daily":false,"chose_seed":false,"campfire_upgraded":1,"win_rate":0,"timestamp":1544927307,"path_taken":["M","M","M","M","M","E","R","E","T","E","?"],"build_version":"2018-12-13","purchased_purges":0,"victory":false,"max_hp_per_floor":[75,75,75,75,75,75,75,75,75,75,75],"card_choices":[{"not_picked":["Compile Driver","BootSequence"],"picked":"Barrage","floor":1},{"not_picked":["Doom and Gloom","Turbo"],"picked":"Glacier","floor":2},{"not_picked":["Static Discharge","Doom and Gloom"],"picked":"Streamline","floor":3},{"not_picked":["Sunder","Streamline"],"picked":"Turbo","floor":4},{"not_picked":["FTL","Leap"],"picked":"Cold Snap","floor":5},{"not_picked":["Reboot","Force Field"],"picked":"Skim","floor":6},{"not_picked":["Leap","Gash"],"picked":"Coolheaded","floor":8},{"not_picked":["Heatsinks","Hologram"],"picked":"Ball Lightning+1","floor":10}],"player_experience":345735,"relics_obtained":[{"floor":6,"key":"Matryoshka"},{"floor":8,"key":"Molten Egg 2"},{"floor":9,"key":"Letter Opener"},{"floor":9,"key":"Bottled Flame"},{"floor":10,"key":"Frozen Egg 2"}],"event_choices":[{"damage_healed":0,"gold_gain":0,"player_choice":"Fought Mushrooms","damage_taken":0,"max_hp_gain":0,"max_hp_loss":0,"event_name":"Mushrooms","floor":11,"gold_loss":0}],"is_beta":false,"boss_relics":[],"items_purged_floors":[],"is_endless":false,"potions_floor_spawned":[2,3,6],"killed_by":"The Mushroom Lair","ascension_level":10}