{"gold_per_floor":[114,114,129,129,129,129,159,159,159,159,174,24,39,69,69,169,169,184,234,264,279,294,324,239,254,254,254,69,84,84,99,99,199,199,214,214,244,259,34,49,49],"floor_reached":41,"playtime":4550,"items_purged":["Perfected Strike"],"score":521,"play_id":"c7849e3f-72f8-4fab-aa19-6f7e35fae491","local_time":"20181111155836","daily_mods":["Insanity","Diverse","DeadlyEvents"],"is_ascension_mode":false,"campfire_choices":[{"data":"Armaments","floor":6.0,"key":"SMITH"},{"data":"True Grit","floor":8.0,"key":"SMITH"},{"data":"Disarm","floor":10.0,"key":"SMITH"},{"floor":15.0,"key":"REST"},{"floor":27.0,"key":"REST"},{"floor":30.0,"key":"REST"},{"data":"Apotheosis","floor":32,"key":"SMITH"}],"neow_cost":"","seed_source_timestamp":0,"circlet_count":0,"master_deck":["Dagger Spray","Acrobatics","Auto Shields","Cloak And Dagger","Streamline","Iron Wave","Cleave","Battle Trance","Infinite Blades","Cloak And Dagger","Leap","Blizzard","Cloak And Dagger","Entrench","Clothesline","Skim","Sever Soul","Compile Driver","Disarm+1","Sword Boomerang","Iron Wave","Evolve","Stack","FTL","Gash","Lockon","Chaos","Heavy Blade","Clash","Armaments+1","Reinforced Body","Intimidate","Deflect","Flechettes","Deflect","Hologram","Outmaneuver","Hemokinesis","Blood for Blood","Go for the Eyes","Thunderclap","Flex","Reckless Charge","Deadly Poison","Well Laid Plans","Finisher","Sucker Punch","Quick Slash","Go for the Eyes","Trip","Leg Sweep","True Grit+1","White Noise","Bullet Time","Self Repair","Conserve Battery","Burst","Headbutt+1","Apotheosis+1","Shrug It Off","All For One+1","Bludgeon+1","Armaments+1"],"special_seed":17846,"relics":["Ring of the Snake","Molten Egg 2","Bird Faced Urn","Bronze Scales","Omamori","Happy Flower","Lizard Tail","Regal Pillow","Lantern","The Specimen","Incense Burner","Runic Dome","Gambling Chip","Vajra"],"potions_floor_usage":[37,38,40],"damage_taken":[{"damage":2.0,"enemies":"Jaw Worm","floor":1.0,"turns":3.0},{"damage":0.0,"enemies":"Cultist","floor":3.0,"turns":2.0},{"damage":14.0,"enemies":"Lagavulin","floor":7.0,"turns":7.0},{"damage":0.0,"enemies":"Small Slimes","floor":11.0,"turns":2.0},{"damage":6.0,"enemies":"Looter","floor":13.0,"turns":2.0},{"damage":6.0,"enemies":"3 Sentries","floor":14.0,"turns":4.0},{"damage":22.0,"enemies":"The Guardian","floor":16.0,"turns":11.0},{"damage":8.0,"enemies":"2 Thieves","floor":18.0,"turns":4.0},{"damage":17.0,"enemies":"Book of Stabbing","floor":20.0,"turns":6.0},{"damage":0.0,"enemies":"Shell Parasite","floor":21.0,"turns":6.0},{"damage":9.0,"enemies":"Centurion and Healer","floor":22.0,"turns":7.0},{"damage":53.0,"enemies":"Gremlin Leader","floor":23.0,"turns":10.0},{"damage":29.0,"enemies":"Shelled Parasite and Fungi","floor":25.0,"turns":6.0},{"damage":7.0,"enemies":"3 Cultists","floor":29.0,"turns":3.0},{"damage":14.0,"enemies":"Cultist and Chosen","floor":31.0,"turns":6.0},{"damage":74,"enemies":"Champ","floor":33,"turns":13},{"damage":15,"enemies":"3 Shapes","floor":35,"turns":2},{"damage":68,"enemies":"Reptomancer","floor":37,"turns":9},{"damage":6,"enemies":"Orb Walker","floor":38,"turns":2},{"damage":36,"enemies":"Sphere and 2 Shapes","floor":40,"turns":5},{"damage":13,"enemies":"3 Darklings","floor":41,"turns":1}],"seed_played":"4248358927187569089","potions_obtained":[{"floor":7.0,"key":"SpeedPotion"},{"floor":13.0,"key":"LiquidBronze"},{"floor":14.0,"key":"PowerPotion"},{"floor":20.0,"key":"AttackPotion"},{"floor":21.0,"key":"AttackPotion"},{"floor":23.0,"key":"AttackPotion"},{"floor":25.0,"key":"SkillPotion"},{"floor":33,"key":"AttackPotion"},{"floor":37,"key":"AttackPotion"},{"floor":38,"key":"SkillPotion"}],"is_trial":false,"path_per_floor":["M","?","M","?","T","R","E","R","T","R","M","$","M","E","R","B",null,"M","?","E","M","M","E","?","M","T","R","$","M","R","M","R","B",null,"M","?","E","M","$","M","M"],"character_chosen":"THE_SILENT","items_purchased":["Omamori","Apotheosis","Vajra"],"campfire_rested":3,"item_purchase_floors":[12,28,39],"current_hp_per_floor":[68,68,68,73,73,73,59,59,59,59,59,59,55,49,71,57,75,69,69,56,60,64,29,29,13,13,50,50,47,75,70,70,14,75,60,60,44,40,40,8,0],"gold":49,"neow_bonus":"","is_prod":false,"is_daily":true,"chose_seed":false,"campfire_upgraded":4,"win_rate":0,"timestamp":1541969916,"path_taken":["M","?","?","?","?","R","E","R","T","R","M","$","M","?","R","BOSS","M","?","?","M","M","E","?","M","T","R","$","M","R","?","R","BOSS","M","?","?","M","$","M","?"],"build_version":"2018-11-08","purchased_purges":1,"victory":false,"max_hp_per_floor":[70,70,70,75,75,75,75,75,75,75,75,75,75,75,75,75,75,75,75,75,75,75,75,75,75,75,75,75,75,75,75,75,75,75,75,75,75,75,75,75,75],"card_choices":[{"not_picked":["Fusion","Flex"],"picked":"Go for the Eyes","floor":1.0},{"not_picked":["Predator","Concentrate"],"picked":"Leg Sweep","floor":3.0},{"not_picked":["Prepared","Acrobatics"],"picked":"True Grit","floor":7.0},{"not_picked":["Choke+1","Thunderclap+1","Hemokinesis+1"],"picked":"SKIP","floor":11.0},{"not_picked":["Redo","Slice+1","Force Field"],"picked":"SKIP","floor":13.0},{"not_picked":["Wraith Form v2","Sucker Punch+1"],"picked":"White Noise","floor":14.0},{"not_picked":["Biased Cognition","Fission"],"picked":"Bullet Time","floor":16.0},{"not_picked":["Rebound+1","Accuracy","Barrage+1"],"picked":"SKIP","floor":18.0},{"not_picked":["Calculated Gamble","Searing Blow+1"],"picked":"Self Repair","floor":20.0},{"not_picked":["Warcry+1","Redo","Rupture"],"picked":"SKIP","floor":21.0},{"not_picked":["Rebound+1","Cleave+1"],"picked":"Conserve Battery","floor":22.0},{"not_picked":["Skim","Acrobatics"],"picked":"Burst","floor":23.0},{"not_picked":["Deadly Poison","Corruption"],"picked":"Headbutt+1","floor":25.0},{"not_picked":["Clash+1","Wild Strike+1","Barrage+1"],"picked":"SKIP","floor":29.0},{"not_picked":["Barrage+1","Slice+1"],"picked":"Shrug It Off","floor":31.0},{"not_picked":["Wraith Form v2","Feed+1"],"picked":"All For One+1","floor":33},{"not_picked":["Twin Strike+1","Outmaneuver","Poisoned Stab+1"],"picked":"SKIP","floor":35},{"not_picked":["Sucker Punch+1","Flying Knee+1","Fusion+1"],"picked":"SKIP","floor":37},{"not_picked":["Dual Wield+1","Blade Dance+1"],"picked":"Armaments+1","floor":38},{"not_picked":["Leg Sweep+1","Reinforced Body+1","Barrage+1"],"picked":"SKIP","floor":40}],"player_experience":509499,"relics_obtained":[{"floor":5.0,"key":"Molten Egg 2"},{"floor":7.0,"key":"Bird Faced Urn"},{"floor":9.0,"key":"Bronze Scales"},{"floor":14.0,"key":"Happy Flower"},{"floor":20.0,"key":"Regal Pillow"},{"floor":23.0,"key":"Lantern"},{"floor":26.0,"key":"Incense Burner"},{"floor":37,"key":"Gambling Chip"}],"event_choices":[{"damage_healed":0.0,"max_hp_gain":0.0,"max_hp_loss":0.0,"gold_gain":0.0,"event_name":"Match and Keep!","player_choice":"1 cards matched","floor":2.0,"gold_loss":0.0,"damage_taken":0.0,"cards_obtained":["Trip"]},{"damage_healed":0.0,"max_hp_gain":5.0,"max_hp_loss":0.0,"gold_gain":0.0,"event_name":"Big Fish","player_choice":"Donut","floor":4.0,"gold_loss":0.0,"damage_taken":0.0},{"damage_healed":0.0,"max_hp_gain":0.0,"max_hp_loss":0.0,"gold_gain":100.0,"event_name":"The Joust","player_choice":"Bet on Murderer","floor":19.0,"gold_loss":50.0,"damage_taken":0.0},{"damage_healed":0.0,"max_hp_gain":0.0,"max_hp_loss":0.0,"gold_gain":0.0,"event_name":"Addict","player_choice":"Obtained Relic","floor":24.0,"gold_loss":85.0,"damage_taken":0.0,"relics_obtained":["The Specimen"]},{"damage_healed":0,"gold_gain":0,"cards_transformed":["Reflex"],"player_choice":"Transformed","damage_taken":0,"max_hp_gain":0,"max_hp_loss":0,"event_name":"Transmorgrifier","floor":36,"gold_loss":0,"cards_obtained":["Bludgeon"]}],"is_beta":false,"boss_relics":[{"not_picked":["WristBlade","Runic Pyramid"],"picked":"Lizard Tail"},{"not_picked":["Orrery","Empty Cage"],"picked":"Runic Dome"}],"items_purged_floors":[39],"is_endless":false,"potions_floor_spawned":[7,13,14,20,21,23,25,33,37,38],"killed_by":"3 Darklings","ascension_level":0}