{"gold_per_floor":[109,11,28,28,45,45,76,76,76,76,86,118,118,118,118,194,194,212,92,17,17,67,67,67],"floor_reached":24,"playtime":1110,"items_purged":["Strike_G"],"score":400,"play_id":"ec3c77c6-8aed-40a8-a26d-416dbeaaeaeb","local_time":"20181101172218","is_ascension_mode":true,"campfire_choices":[{"data":"Deadly Poison","floor":6,"key":"SMITH"},{"data":"Neutralize","floor":8,"key":"SMITH"},{"floor":10,"key":"REST"},{"floor":13,"key":"REST"},{"floor":15,"key":"REST"},{"floor":23,"key":"REST"}],"neow_cost":"NONE","seed_source_timestamp":85742152254000,"circlet_count":0,"master_deck":["AscendersBane","Defend_G","Defend_G","Defend_G","Defend_G","Defend_G","Strike_G","Strike_G+1","Survivor","Neutralize+1","Deadly Poison+1","Footwork","Deflect","Riddle With Holes","Flying Knee","Crippling Poison","Dagger Spray+1","A Thousand Cuts","All Out Attack","Dash"],"relics":["Black Star","Darkstone Periapt","Pantograph","StoneCalendar","The Courier","Meat on the Bone","Sozu"],"potions_floor_usage":[3,7,12,18,24],"damage_taken":[{"damage":23,"enemies":"Cultist","floor":1,"turns":8},{"damage":4,"enemies":"Jaw Worm","floor":3,"turns":6},{"damage":4,"enemies":"2 Louse","floor":5,"turns":4},{"damage":15,"enemies":"Lagavulin","floor":7,"turns":7},{"damage":7,"enemies":"2 Fungi Beasts","floor":11,"turns":4},{"damage":38,"enemies":"Gremlin Nob","floor":12,"turns":5},{"damage":38,"enemies":"Slime Boss","floor":16,"turns":12},{"damage":9,"enemies":"Spheric Guardian","floor":18,"turns":6},{"damage":43,"enemies":"Colosseum Slavers","floor":21,"turns":6},{"damage":35,"enemies":"Gremlin Leader","floor":24,"turns":4}],"seed_played":"67363445960691844","potions_obtained":[{"floor":1,"key":"Regen Potion"},{"floor":7,"key":"Dexterity Potion"},{"floor":12,"key":"PowerPotion"},{"floor":16,"key":"PowerPotion"}],"is_trial":false,"path_per_floor":["M","$","M","?","M","R","E","R","T","R","M","E","R","?","R","B",null,"M","$","?","?","?","R","E"],"character_chosen":"THE_SILENT","items_purchased":["Footwork","Fire Potion","Dash"],"campfire_rested":4,"item_purchase_floors":[2,2,19],"current_hp_per_floor":[36,36,47,47,43,43,28,28,28,47,40,2,21,1,20,19,54,45,45,45,14,14,33,0],"gold":67,"neow_bonus":"BOSS_RELIC","is_prod":false,"is_daily":false,"chose_seed":false,"campfire_upgraded":2,"win_rate":0,"timestamp":1541107338,"path_taken":["M","$","M","?","M","R","E","R","T","R","?","E","R","?","R","BOSS","M","$","?","?","?","R","E"],"build_version":"2018-11-01","purchased_purges":1,"victory":false,"max_hp_per_floor":[66,66,66,66,66,66,66,66,66,66,66,66,66,66,66,66,66,66,66,66,66,66,66,66],"card_choices":[{"not_picked":["Footwork","Slice"],"picked":"Deadly Poison","floor":1},{"not_picked":["Prepared","Masterful Stab"],"picked":"Deflect","floor":3},{"not_picked":["Blade Dance","Acrobatics"],"picked":"Riddle With Holes","floor":5},{"not_picked":["Underhanded Strike","Phantasmal Killer"],"picked":"Flying Knee","floor":7},{"not_picked":["Setup","Cloak And Dagger"],"picked":"Crippling Poison","floor":11},{"not_picked":["Cloak And Dagger","Unload"],"picked":"Dagger Spray","floor":12},{"not_picked":["Burst","Tools of the Trade"],"picked":"A Thousand Cuts","floor":16},{"not_picked":["Deadly Poison","Blade Dance"],"picked":"All Out Attack","floor":18}],"player_experience":1583242,"relics_obtained":[{"floor":7,"key":"Darkstone Periapt"},{"floor":7,"key":"Pantograph"},{"floor":9,"key":"StoneCalendar"},{"floor":12,"key":"The Courier"},{"floor":12,"key":"Meat on the Bone"}],"event_choices":[{"cards_removed":["Strike_G"],"damage_healed":0,"gold_gain":0,"player_choice":"Offered Basic","damage_taken":0,"max_hp_gain":0,"max_hp_loss":0,"event_name":"Bonfire Elementals","floor":4,"gold_loss":0},{"damage_healed":0,"gold_gain":0,"player_choice":"Entered Light","damage_taken":20,"max_hp_gain":0,"max_hp_loss":0,"event_name":"Shining Light","floor":14,"gold_loss":0,"cards_upgraded":["Strike_G","Dagger Spray"]},{"cards_removed":["Strike_G"],"damage_healed":0,"gold_gain":0,"player_choice":"Gave Gold","damage_taken":0,"max_hp_gain":0,"max_hp_loss":0,"event_name":"Beggar","floor":20,"gold_loss":75},{"damage_healed":0,"gold_gain":0,"player_choice":"Fight","damage_taken":0,"max_hp_gain":0,"max_hp_loss":0,"event_name":"Colosseum","floor":21,"gold_loss":0},{"damage_healed":0,"gold_gain":0,"player_choice":"Fled From Nobs","damage_taken":0,"max_hp_gain":0,"max_hp_loss":0,"event_name":"Colosseum","floor":21,"gold_loss":0},{"damage_healed":0,"gold_gain":50,"player_choice":"Stole From Cult","damage_taken":0,"max_hp_gain":0,"max_hp_loss":0,"event_name":"Nest","floor":22,"gold_loss":0}],"is_beta":true,"boss_relics":[{"not_picked":["Empty Cage","Coffee Dripper"],"picked":"Sozu"}],"items_purged_floors":[19],"is_endless":false,"potions_floor_spawned":[1,7,12,16,21],"killed_by":"Gremlin Leader","ascension_level":20}