{"gold_per_floor":[113,113,128,138,60,60,60,73,73,98,98,117,129,148,148,251,251,263,275,304,304,324,324,350,350,373,373,373,373,389,165,165,267,267,280,280,299,309,309,309,328,328,328,550,129,129,156,156],"floor_reached":48,"playtime":3870,"items_purged":[],"score":530,"play_id":"65e7211f-176f-4e49-9510-807cc758da4c","local_time":"20190120005921","is_ascension_mode":false,"campfire_choices":[{"data":"Flame Barrier","floor":11,"key":"SMITH"},{"data":"Rupture","floor":15,"key":"SMITH"},{"data":"Reaper","floor":23,"key":"SMITH"},{"data":"Brutality","floor":25,"key":"SMITH"},{"data":"Flame Barrier","floor":28,"key":"SMITH"},{"data":"Inflame","floor":32,"key":"SMITH"},{"floor":40,"key":"REST"},{"data":"Limit Break","floor":42,"key":"SMITH"}],"neow_cost":"NONE","seed_source_timestamp":519797870035516,"circlet_count":0,"master_deck":["Strike_R","Strike_R","Strike_R","Defend_R","Defend_R","Defend_R","Defend_R","Bash+1","Whirlwind+1","Flame Barrier+1","Clothesline","Brutality+1","Flame Barrier+1","Shockwave+1","Headbutt","Exhume","Uppercut","Rupture+1","Uppercut","Impervious+1","Anger","Uppercut+1","Blood for Blood","Reaper+1","Shockwave+1","Inflame+1","Combust","Limit Break+1","Headbutt+1","Warcry","Evolve+1","Shrug It Off+1","Armaments","Uppercut+1","Spot Weakness","Offering","Writhe","Flash of Steel"],"relics":["Burning Blood","Orichalcum","Du-Vu Doll","WarpedTongs","Prayer Wheel","Whetstone","Busted Crown","Red Mask","Art of War","Ancient Tea Set","Bag of Preparation","Empty Cage","Bag of Marbles","Frozen Eye","War Paint","Lantern"],"potions_floor_usage":[10,33,33,33,48,48,48],"damage_taken":[{"damage":9,"enemies":"Jaw Worm","floor":1,"turns":4},{"damage":0,"enemies":"2 Louse","floor":3,"turns":3},{"damage":0,"enemies":"Cultist","floor":4,"turns":4},{"damage":6,"enemies":"Large Slime","floor":8,"turns":7},{"damage":27,"enemies":"Lagavulin","floor":10,"turns":8},{"damage":4,"enemies":"2 Fungi Beasts","floor":12,"turns":2},{"damage":2,"enemies":"Looter","floor":13,"turns":3},{"damage":9,"enemies":"Large Slime","floor":14,"turns":4},{"damage":30,"enemies":"Hexaghost","floor":16,"turns":9},{"damage":5,"enemies":"2 Thieves","floor":18,"turns":3},{"damage":0,"enemies":"3 Byrds","floor":19,"turns":1},{"damage":21,"enemies":"Masked Bandits","floor":20,"turns":4},{"damage":9,"enemies":"Snecko","floor":22,"turns":4},{"damage":8,"enemies":"Gremlin Leader","floor":24,"turns":5},{"damage":6,"enemies":"Cultist and Chosen","floor":30,"turns":4},{"damage":63,"enemies":"Champ","floor":33,"turns":9},{"damage":20,"enemies":"Orb Walker","floor":35,"turns":4},{"damage":31,"enemies":"3 Shapes","floor":37,"turns":6},{"damage":54,"enemies":"Spire Growth","floor":38,"turns":6},{"damage":15,"enemies":"3 Darklings","floor":41,"turns":4},{"damage":29,"enemies":"Nemesis","floor":47,"turns":7},{"damage":33,"enemies":"Maw","floor":48,"turns":6}],"seed_played":"-3331723587019002952","potions_obtained":[{"floor":1,"key":"Poison Potion"},{"floor":10,"key":"Dexterity Potion"},{"floor":13,"key":"Strength Potion"},{"floor":14,"key":"Poison Potion"},{"floor":20,"key":"SkillPotion"},{"floor":35,"key":"EssenceOfSteel"},{"floor":37,"key":"Energy Potion"},{"floor":41,"key":"LiquidBronze"}],"is_trial":false,"path_per_floor":["M","?","M","M","$","?","?","M","T","E","R","M","M","M","R","B",null,"M","M","?","?","M","R","E","R","T","?","R","?","M","$","R","B",null,"M","?","M","M","?","R","M","R","T","?","$","?","E","M"],"character_chosen":"IRONCLAD","items_purchased":["Brutality","Combust","Bag of Preparation","Frozen Eye","Spot Weakness","War Paint"],"campfire_rested":1,"item_purchase_floors":[5,31,31,45,45,45],"current_hp_per_floor":[77,77,80,80,80,77,77,77,77,56,56,58,62,59,59,35,80,80,80,65,65,62,62,60,60,60,60,60,60,72,72,72,35,80,66,66,65,17,17,41,53,53,53,53,53,53,30,0],"gold":156,"neow_bonus":"RANDOM_COMMON_RELIC","is_prod":false,"is_daily":false,"chose_seed":false,"campfire_upgraded":7,"win_rate":0,"timestamp":1547963961,"path_taken":["M","?","M","M","$","?","?","M","T","E","R","M","M","M","R","BOSS","M","?","?","?","M","R","E","R","T","?","R","?","M","$","R","BOSS","M","?","?","M","?","R","M","R","T","?","$","?","E","M"],"build_version":"2019-01-17v2","purchased_purges":0,"victory":false,"max_hp_per_floor":[80,80,80,80,80,80,80,80,80,80,80,80,80,80,80,80,80,80,80,80,80,80,80,80,80,80,80,80,80,80,80,80,80,80,80,80,80,80,80,80,80,80,80,80,80,80,80,80],"card_choices":[{"not_picked":["Perfected Strike","Sword Boomerang"],"picked":"Whirlwind","floor":1},{"not_picked":["Rampage","Havoc"],"picked":"Flame Barrier","floor":3},{"not_picked":["Sword Boomerang","Intimidate"],"picked":"Clothesline","floor":4},{"not_picked":["Heavy Blade","Twin Strike"],"picked":"Flame Barrier","floor":8},{"not_picked":["Intimidate","Clothesline","Heavy Blade"],"picked":"SKIP","floor":10},{"not_picked":["Sever Soul","Headbutt"],"picked":"Shockwave","floor":12},{"not_picked":["Thunderclap","Perfected Strike"],"picked":"Headbutt","floor":12},{"not_picked":["Body Slam","Burning Pact"],"picked":"Exhume","floor":13},{"not_picked":["Heavy Blade","Shrug It Off"],"picked":"Uppercut","floor":13},{"not_picked":["Searing Blow","Headbutt"],"picked":"Rupture","floor":14},{"not_picked":["Perfected Strike","Reckless Charge"],"picked":"Uppercut","floor":14},{"not_picked":["Offering","Berserk"],"picked":"Impervious","floor":16},{"not_picked":[],"picked":"Anger","floor":18},{"not_picked":["Wild Strike"],"picked":"SKIP","floor":18},{"not_picked":[],"picked":"Uppercut+1","floor":19},{"not_picked":[],"picked":"Blood for Blood","floor":19},{"not_picked":[],"picked":"Shockwave+1","floor":22},{"not_picked":["Sentinel"],"picked":"SKIP","floor":22},{"not_picked":["Cleave"],"picked":"SKIP","floor":24},{"not_picked":[],"picked":"Inflame","floor":30},{"not_picked":["Flex"],"picked":"SKIP","floor":30},{"not_picked":[],"picked":"Limit Break","floor":33},{"not_picked":[],"picked":"Headbutt+1","floor":35},{"not_picked":["Havoc+1"],"picked":"SKIP","floor":35},{"not_picked":[],"picked":"Evolve+1","floor":37},{"not_picked":["True Grit"],"picked":"SKIP","floor":37},{"not_picked":[],"picked":"Shrug It Off+1","floor":38},{"not_picked":["Sever Soul+1"],"picked":"SKIP","floor":38},{"not_picked":[],"picked":"Armaments","floor":41},{"not_picked":[],"picked":"Uppercut+1","floor":41},{"not_picked":["Armaments"],"picked":"SKIP","floor":47}],"player_experience":77701,"relics_obtained":[{"floor":9,"key":"Prayer Wheel"},{"floor":10,"key":"Whetstone"},{"floor":20,"key":"Red Mask"},{"floor":24,"key":"Art of War"},{"floor":26,"key":"Ancient Tea Set"},{"floor":43,"key":"Bag of Marbles"},{"floor":47,"key":"Lantern"}],"event_choices":[{"damage_healed":0,"gold_gain":0,"player_choice":"Ignored","damage_taken":0,"max_hp_gain":0,"max_hp_loss":0,"event_name":"Golden Wing","floor":2,"gold_loss":0},{"damage_healed":0,"gold_gain":0,"player_choice":"Success","damage_taken":3,"relics_obtained":["Du-Vu Doll"],"max_hp_gain":0,"max_hp_loss":0,"event_name":"Scrap Ooze","floor":6,"gold_loss":0},{"damage_healed":0,"gold_gain":0,"player_choice":"Rummage","damage_taken":0,"relics_obtained":["WarpedTongs"],"max_hp_gain":0,"max_hp_loss":0,"event_name":"Accursed Blacksmith","floor":7,"gold_loss":0,"cards_obtained":["Pain"]},{"damage_healed":0,"gold_gain":0,"player_choice":"Fought Bandits","damage_taken":0,"max_hp_gain":0,"max_hp_loss":0,"event_name":"Masked Bandits","floor":20,"gold_loss":0},{"damage_healed":0,"gold_gain":0,"player_choice":"Read","damage_taken":0,"max_hp_gain":0,"max_hp_loss":0,"event_name":"The Library","floor":21,"gold_loss":0,"cards_obtained":["Reaper"]},{"damage_healed":0,"gold_gain":0,"player_choice":"Ignored","damage_taken":0,"max_hp_gain":0,"max_hp_loss":0,"event_name":"Beggar","floor":27,"gold_loss":0},{"damage_healed":0,"gold_gain":0,"player_choice":"Bought 0 Potions","damage_taken":0,"max_hp_gain":0,"max_hp_loss":0,"event_name":"The Woman in Blue","floor":29,"gold_loss":0},{"damage_healed":0,"gold_gain":0,"cards_transformed":["Strike_R"],"player_choice":"Transformed","damage_taken":0,"max_hp_gain":0,"max_hp_loss":0,"event_name":"Transmorgrifier","floor":36,"gold_loss":0,"cards_obtained":["Warcry"]},{"damage_healed":0,"gold_gain":0,"player_choice":"Ignored","damage_taken":0,"max_hp_gain":0,"max_hp_loss":0,"event_name":"Mysterious Sphere","floor":39,"gold_loss":0},{"damage_healed":0,"gold_gain":222,"player_choice":"Wore Mask","damage_taken":0,"max_hp_gain":0,"max_hp_loss":0,"event_name":"Tomb of Lord Red Mask","floor":44,"gold_loss":0},{"damage_healed":0,"gold_gain":0,"player_choice":"3 cards matched","damage_taken":0,"max_hp_gain":0,"max_hp_loss":0,"event_name":"Match and Keep!","floor":46,"gold_loss":0,"cards_obtained":["Offering","Writhe","Flash of Steel"]}],"is_beta":false,"boss_relics":[{"not_picked":["Mark of Pain","Runic Cube"],"picked":"Busted Crown"},{"not_picked":["Runic Pyramid","Coffee Dripper"],"picked":"Empty Cage"}],"items_purged_floors":[],"is_endless":false,"potions_floor_spawned":[1,10,13,14,20,24,30,35,37,41],"killed_by":"Maw","ascension_level":0}