{"gold_per_floor":[112,128,144,157,177,203,203,238,262,262,291,309,22,22,22,122,122,138,152,152,152,162,190,190,201,201,217,217,242,256,290,290,394,394,412,412,425,443,454,488,588,615,615,635,655,655,674,689,689,689],"floor_reached":50,"playtime":4174,"items_purged":[],"score":722,"play_id":"f87e7c54-09db-4679-a8b9-90d4c30c8050","local_time":"20190113121521","is_ascension_mode":true,"campfire_choices":[{"floor":10,"key":"REST"},{"data":"Zap","floor":15,"key":"SMITH"},{"data":"Defragment","floor":24,"key":"SMITH"},{"data":"Fusion","floor":28,"key":"SMITH"},{"floor":32,"key":"REST"},{"floor":46,"key":"REST"},{"data":"Electrodynamics","floor":49,"key":"SMITH"}],"neow_cost":"NONE","seed_source_timestamp":985527046661874,"circlet_count":0,"master_deck":["Strike_B","Strike_B","Strike_B","Defend_B","Defend_B","Defend_B+1","Defend_B+1","Zap+1","Dualcast","Glacier","Coolheaded","Storm","Fusion+1","Core Surge","Rebound","Hello World","Chill","Glacier","Biased Cognition","Chaos+1","Defragment+1","Writhe","Hologram","Ball Lightning","BootSequence+1","Compile Driver","Reprogram+1","Heatsinks+1","Cold Snap","Machine Learning","Redo+1","Ball Lightning","Sunder+1","Double Energy+1","Steam+1","Recycle","Electrodynamics+1","Blizzard","Sweeping Beam+1","Coolheaded+1","Chill+1","Storm+1","Rainbow+1","Steam Power+1","Hello World+1","Capacitor+1"],"relics":["Cracked Core","War Paint","Cables","Pear","Regal Pillow","Lantern","PreservedInsect","Dead Branch","Runic Dome","Emotion Chip","Bottled Tornado","Vajra","Calipers","Du-Vu Doll","Orrery","StoneCalendar","FossilizedHelix","Toxic Egg 2","Prayer Wheel"],"potions_floor_usage":[39],"damage_taken":[{"damage":0,"enemies":"Cultist","floor":1,"turns":3},{"damage":0,"enemies":"2 Louse","floor":2,"turns":3},{"damage":0,"enemies":"Small Slimes","floor":3,"turns":3},{"damage":0,"enemies":"Blue Slaver","floor":4,"turns":6},{"damage":7,"enemies":"3 Louse","floor":5,"turns":5},{"damage":22,"enemies":"3 Sentries","floor":6,"turns":14},{"damage":34,"enemies":"Gremlin Nob","floor":8,"turns":5},{"damage":7,"enemies":"3 Sentries","floor":11,"turns":10},{"damage":3,"enemies":"Red Slaver","floor":12,"turns":3},{"damage":11,"enemies":"Slime Boss","floor":16,"turns":15},{"damage":0,"enemies":"Chosen","floor":18,"turns":6},{"damage":10,"enemies":"3 Byrds","floor":19,"turns":4},{"damage":0,"enemies":"Cultist and Chosen","floor":22,"turns":6},{"damage":1,"enemies":"Book of Stabbing","floor":23,"turns":5},{"damage":8,"enemies":"Chosen and Byrds","floor":25,"turns":5},{"damage":0,"enemies":"Centurion and Healer","floor":27,"turns":5},{"damage":0,"enemies":"Slavers","floor":29,"turns":6},{"damage":0,"enemies":"Cultist and Chosen","floor":30,"turns":7},{"damage":58,"enemies":"Gremlin Leader","floor":31,"turns":5},{"damage":10,"enemies":"Collector","floor":33,"turns":9},{"damage":8,"enemies":"Orb Walker","floor":35,"turns":3},{"damage":13,"enemies":"3 Shapes","floor":37,"turns":3},{"damage":15,"enemies":"Writhing Mass","floor":38,"turns":3},{"damage":0,"enemies":"3 Darklings","floor":39,"turns":6},{"damage":20,"enemies":"Reptomancer","floor":40,"turns":4},{"damage":3,"enemies":"Mind Bloom Boss Battle","floor":41,"turns":6},{"damage":0,"enemies":"Nemesis","floor":42,"turns":3},{"damage":20,"enemies":"Spire Growth","floor":44,"turns":4},{"damage":0,"enemies":"Maw","floor":45,"turns":7},{"damage":8,"enemies":"3 Darklings","floor":47,"turns":3},{"damage":0,"enemies":"4 Shapes","floor":48,"turns":2},{"damage":64,"enemies":"Time Eater","floor":50,"turns":5}],"seed_played":"-3672999308173380433","potions_obtained":[{"floor":3,"key":"Regen Potion"},{"floor":5,"key":"Dexterity Potion"},{"floor":11,"key":"Explosive Potion"},{"floor":16,"key":"EntropicBrew"},{"floor":39,"key":"Fruit Juice"}],"is_trial":false,"path_per_floor":["M","M","M","M","M","E","?","E","T","R","E","M","$","?","R","B",null,"M","M","?","?","M","E","R","M","T","M","R","E","M","E","R","B",null,"M","?","M","M","M","E","?","E","T","M","M","R","M","M","R","B"],"character_chosen":"DEFECT","items_purchased":["Dead Branch"],"campfire_rested":3,"item_purchase_floors":[13],"current_hp_per_floor":[75,75,75,75,68,46,56,22,22,62,55,52,52,52,52,41,85,85,75,75,75,75,74,74,66,66,66,66,66,66,8,48,38,85,77,85,72,57,62,42,39,39,39,19,19,61,53,53,53,0],"gold":689,"neow_bonus":"RANDOM_COMMON_RELIC","is_prod":false,"is_daily":false,"chose_seed":false,"campfire_upgraded":4,"win_rate":0,"timestamp":1547378121,"path_taken":["M","?","M","M","M","E","?","E","T","R","E","?","$","?","R","BOSS","M","M","?","?","M","E","R","M","T","M","R","E","M","E","R","BOSS","M","?","?","M","M","E","?","E","T","M","M","R","M","M","R","BOSS"],"build_version":"2019-01-10","purchased_purges":0,"victory":false,"max_hp_per_floor":[75,75,75,75,75,75,85,85,85,85,85,85,85,85,85,85,85,85,85,85,85,85,85,85,85,85,85,85,85,85,85,85,85,85,85,85,85,85,90,90,90,90,90,90,90,90,90,90,90,90],"card_choices":[{"not_picked":["Turbo","Beam Cell"],"picked":"Glacier","floor":1},{"not_picked":["Streamline","Turbo"],"picked":"Coolheaded","floor":2},{"not_picked":["Coolheaded","Rebound"],"picked":"Storm","floor":3},{"not_picked":["Stack","Beam Cell"],"picked":"Fusion","floor":4},{"not_picked":["Glacier","Turbo"],"picked":"Core Surge","floor":5},{"not_picked":["Barrage","Stack"],"picked":"Rebound","floor":6},{"not_picked":["Turbo","Compile Driver"],"picked":"Hello World","floor":8},{"not_picked":["Auto Shields","Skim"],"picked":"Chill","floor":11},{"not_picked":["Go for the Eyes","Steam Power"],"picked":"Glacier","floor":12},{"not_picked":["Seek","Amplify"],"picked":"Biased Cognition","floor":16},{"not_picked":["Steam Power","Gash"],"picked":"Chaos+1","floor":18},{"not_picked":["Consume","White Noise+1"],"picked":"Defragment","floor":19},{"not_picked":["Redo","Go for the Eyes+1"],"picked":"Hologram","floor":22},{"not_picked":["Static Discharge","Amplify"],"picked":"Ball Lightning","floor":23},{"not_picked":["Streamline","Redo"],"picked":"BootSequence+1","floor":25},{"not_picked":["Leap+1","Turbo"],"picked":"Compile Driver","floor":27},{"not_picked":["Steam+1","Go for the Eyes"],"picked":"Reprogram+1","floor":29},{"not_picked":["Meteor Strike","Storm"],"picked":"Heatsinks+1","floor":30},{"not_picked":["Gash","Sweeping Beam"],"picked":"Cold Snap","floor":31},{"not_picked":["Hyperbeam","Reboot"],"picked":"Machine Learning","floor":33},{"not_picked":["Compile Driver+1","Sweeping Beam"],"picked":"Redo+1","floor":34},{"not_picked":["Leap","Cold Snap+1"],"picked":"Ball Lightning","floor":34},{"not_picked":["Ball Lightning","Stack"],"picked":"Sunder+1","floor":34},{"not_picked":["Gash","Sweeping Beam"],"picked":"Double Energy+1","floor":34},{"not_picked":["Sweeping Beam","Stack"],"picked":"Steam+1","floor":34},{"not_picked":["Leap","Beam Cell+1"],"picked":"Recycle","floor":35},{"not_picked":["Sweeping Beam","Beam Cell"],"picked":"Electrodynamics","floor":37},{"not_picked":["Hologram+1","Sweeping Beam"],"picked":"Blizzard","floor":38},{"not_picked":["Gash","Beam Cell+1"],"picked":"Sweeping Beam+1","floor":39},{"not_picked":["Scrape","Go for the Eyes","Biased Cognition"],"picked":"SKIP","floor":40},{"not_picked":["Barrage","Conserve Battery","Leap+1"],"picked":"SKIP","floor":42},{"not_picked":["Ball Lightning+1","Redo+1"],"picked":"Coolheaded+1","floor":44},{"not_picked":["Beam Cell","Ball Lightning+1"],"picked":"Chill+1","floor":44},{"not_picked":["Sweeping Beam+1","Tempest+1"],"picked":"Storm+1","floor":45},{"not_picked":["Sweeping Beam","BootSequence+1","Gash+1"],"picked":"SKIP","floor":45},{"not_picked":["Reprogram+1","Sweeping Beam"],"picked":"Rainbow+1","floor":47},{"not_picked":["Barrage","Turbo+1"],"picked":"Steam Power+1","floor":47},{"not_picked":["Streamline","Leap+1"],"picked":"Hello World+1","floor":48},{"not_picked":["Leap+1","Coolheaded+1"],"picked":"Capacitor+1","floor":48}],"player_experience":158727,"relics_obtained":[{"floor":6,"key":"Cables"},{"floor":7,"key":"Pear"},{"floor":8,"key":"Regal Pillow"},{"floor":9,"key":"Lantern"},{"floor":11,"key":"PreservedInsect"},{"floor":23,"key":"Bottled Tornado"},{"floor":26,"key":"Vajra"},{"floor":29,"key":"Calipers"},{"floor":31,"key":"Du-Vu Doll"},{"floor":40,"key":"StoneCalendar"},{"floor":41,"key":"FossilizedHelix"},{"floor":42,"key":"Toxic Egg 2"},{"floor":43,"key":"Prayer Wheel"}],"event_choices":[{"damage_healed":0,"gold_gain":0,"player_choice":"Relic","damage_taken":0,"max_hp_gain":0,"max_hp_loss":0,"event_name":"Wheel of Change","floor":7,"gold_loss":0},{"damage_healed":0,"gold_gain":0,"player_choice":"Leave","damage_taken":0,"max_hp_gain":0,"max_hp_loss":0,"event_name":"The Cleric","floor":14,"gold_loss":0},{"damage_healed":0,"gold_gain":0,"player_choice":"Opened","damage_taken":0,"relics_obtained":["Emotion Chip"],"max_hp_gain":0,"max_hp_loss":0,"event_name":"The Mausoleum","floor":20,"gold_loss":0,"cards_obtained":["Writhe"]},{"cards_removed":["Strike_B"],"damage_healed":0,"gold_gain":0,"player_choice":"Elegance","damage_taken":0,"max_hp_gain":0,"max_hp_loss":0,"event_name":"Back to Basics","floor":21,"gold_loss":0},{"damage_healed":8,"gold_gain":0,"player_choice":"Full Heal","damage_taken":0,"max_hp_gain":0,"max_hp_loss":0,"event_name":"Wheel of Change","floor":36,"gold_loss":0},{"damage_healed":0,"gold_gain":0,"player_choice":"Fight","damage_taken":0,"max_hp_gain":0,"max_hp_loss":0,"event_name":"MindBloom","floor":41,"gold_loss":0}],"is_beta":false,"boss_relics":[{"not_picked":["Ectoplasm","Busted Crown"],"picked":"Runic Dome"},{"not_picked":["Philosopher\u0027s Stone","Coffee Dripper"],"picked":"Orrery"}],"items_purged_floors":[],"is_endless":false,"potions_floor_spawned":[3,5,11,12,16,19,27,29,33,35,38,39,47,48],"killed_by":"Time Eater","ascension_level":1}