{"gold_per_floor":[110,110,33,33,33,69,69,69,69,89,128,128,163,188,188,188],"floor_reached":16,"playtime":586,"items_purged":[],"score":141,"play_id":"d8b6b6f3-74ce-4574-8321-8d5a5c66dc6b","local_time":"20190104132336","is_ascension_mode":false,"campfire_choices":[{"data":"Whirlwind","floor":7,"key":"SMITH"},{"floor":12,"key":"REST"},{"floor":15,"key":"REST"}],"neow_cost":"NONE","seed_source_timestamp":295364697566031,"circlet_count":0,"master_deck":["Strike_R","Strike_R+1","Strike_R","Strike_R+1","Defend_R","Defend_R","Defend_R","Defend_R","Bash","Carnage","Whirlwind+1","Injury","Dual Wield","Entrench","Dropkick","Heavy Blade","Metallicize"],"relics":["Burning Blood","NeowsBlessing","Golden Idol","Potion Belt","Magic Flower","Bottled Lightning","Pen Nib","Nunchaku"],"potions_floor_usage":[],"damage_taken":[{"damage":0,"enemies":"2 Louse","floor":1,"turns":1},{"damage":0,"enemies":"Lagavulin","floor":6,"turns":1},{"damage":0,"enemies":"Jaw Worm","floor":10,"turns":1},{"damage":34,"enemies":"3 Sentries","floor":11,"turns":8},{"damage":41,"enemies":"Gremlin Nob","floor":13,"turns":5},{"damage":11,"enemies":"Small Slimes","floor":14,"turns":2},{"damage":62,"enemies":"The Guardian","floor":16,"turns":9}],"seed_played":"-3378363875369109045","potions_obtained":[{"floor":1,"key":"Poison Potion"},{"floor":10,"key":"GamblersBrew"},{"floor":11,"key":"SteroidPotion"}],"is_trial":false,"path_per_floor":["M","?","$","?","?","E","R","?","T","M","E","R","E","M","R","B"],"character_chosen":"IRONCLAD","items_purchased":["Whirlwind"],"campfire_rested":2,"item_purchase_floors":[3],"current_hp_per_floor":[80,64,64,64,57,63,63,63,63,72,47,71,39,37,61,0],"gold":188,"neow_bonus":"THREE_ENEMY_KILL","is_prod":false,"is_daily":false,"chose_seed":false,"campfire_upgraded":1,"win_rate":0.0,"timestamp":1546604616,"path_taken":["M","?","$","?","?","E","R","?","T","?","E","R","E","M","R","BOSS"],"build_version":"2019-01-03v3","purchased_purges":0,"victory":false,"max_hp_per_floor":[80,80,80,80,80,80,80,80,80,80,80,80,80,80,80,80],"card_choices":[{"not_picked":["Disarm","True Grit"],"picked":"Carnage","floor":1},{"not_picked":["Twin Strike","Fire Breathing"],"picked":"Dual Wield","floor":6},{"not_picked":["Flex","Havoc","Hemokinesis"],"picked":"SKIP","floor":10},{"not_picked":["Burning Pact","Sword Boomerang"],"picked":"Dropkick","floor":11},{"not_picked":["Perfected Strike","Warcry"],"picked":"Heavy Blade","floor":13},{"not_picked":["Entrench","Perfected Strike"],"picked":"Metallicize","floor":14}],"player_experience":90277,"relics_obtained":[{"floor":6,"key":"Magic Flower"},{"floor":9,"key":"Bottled Lightning"},{"floor":11,"key":"Pen Nib"},{"floor":13,"key":"Nunchaku"}],"event_choices":[{"damage_healed":0,"gold_gain":0,"player_choice":"Entered Light","damage_taken":16,"max_hp_gain":0,"max_hp_loss":0,"event_name":"Shining Light","floor":2,"gold_loss":0,"cards_upgraded":["Strike_R","Strike_R"]},{"damage_healed":0,"gold_gain":0,"player_choice":"Take Wound","damage_taken":0,"relics_obtained":["Golden Idol"],"max_hp_gain":0,"max_hp_loss":0,"event_name":"Golden Idol","floor":4,"gold_loss":0,"cards_obtained":["Injury"]},{"damage_healed":0,"gold_gain":0,"player_choice":"Success","damage_taken":7,"relics_obtained":["Potion Belt"],"max_hp_gain":0,"max_hp_loss":0,"event_name":"Scrap Ooze","floor":5,"gold_loss":0},{"damage_healed":0,"gold_gain":0,"cards_transformed":["Strike_R"],"player_choice":"Change","damage_taken":0,"max_hp_gain":0,"max_hp_loss":0,"event_name":"Living Wall","floor":8,"gold_loss":0,"cards_obtained":["Entrench"]}],"is_beta":false,"boss_relics":[],"items_purged_floors":[],"is_endless":false,"potions_floor_spawned":[1,10,11],"killed_by":"The Guardian","ascension_level":0}