{"gold_per_floor":[111,125,200,220,231,257,257,268,295,350,350,362,389,406,406,510,510,483,483,183,197,217,217,217,242,242,242,257,272,292,292,292,292],"floor_reached":33,"playtime":1563,"items_purged":["Warcry+1"],"score":281,"play_id":"b7b6f933-549d-4df0-9560-8f040481f3c4","local_time":"20190206104709","is_ascension_mode":false,"campfire_choices":[{"data":"Bash","floor":7,"key":"SMITH"},{"data":"Flame Barrier","floor":11,"key":"SMITH"},{"floor":15,"key":"REST"},{"data":"Disarm","floor":23,"key":"SMITH"},{"floor":27,"key":"REST"},{"data":"Shrug It Off","floor":32,"key":"SMITH"}],"neow_cost":"NONE","seed_source_timestamp":527157550045163,"circlet_count":0,"master_deck":["Strike_R","Strike_R","Defend_R","Defend_R","Defend_R","Defend_R","Bash+1","Iron Wave","Pommel Strike","Disarm+1","Flame Barrier+1","Clothesline","Battle Trance","Shrug It Off+1","Demon Form","Iron Wave+1","Anger","J.A.X.","Iron Wave+1","Heavy Blade"],"relics":["Burning Blood","Anchor","Smiling Mask","Red Skull","Astrolabe","Kunai","Oddly Smooth Stone"],"potions_floor_usage":[6,13,13,16,22,25,33,33],"damage_taken":[{"damage":1,"enemies":"Jaw Worm","floor":1,"turns":3},{"damage":2,"enemies":"Small Slimes","floor":2,"turns":4},{"damage":1,"enemies":"Cultist","floor":4,"turns":3},{"damage":9,"enemies":"Blue Slaver","floor":5,"turns":4},{"damage":14,"enemies":"Gremlin Nob","floor":6,"turns":5},{"damage":29,"enemies":"Exordium Thugs","floor":8,"turns":8},{"damage":20,"enemies":"Gremlin Gang","floor":12,"turns":4},{"damage":33,"enemies":"Lagavulin","floor":13,"turns":9},{"damage":0,"enemies":"3 Louse","floor":14,"turns":3},{"damage":7,"enemies":"Hexaghost","floor":16,"turns":14},{"damage":21,"enemies":"2 Thieves","floor":18,"turns":5},{"damage":6,"enemies":"3 Byrds","floor":21,"turns":7},{"damage":6,"enemies":"Snake Plant","floor":22,"turns":5},{"damage":56,"enemies":"Gremlin Leader","floor":25,"turns":6},{"damage":9,"enemies":"Cultist and Chosen","floor":28,"turns":7},{"damage":9,"enemies":"Snecko","floor":29,"turns":5},{"damage":12,"enemies":"3 Cultists","floor":30,"turns":7},{"damage":107,"enemies":"Automaton","floor":33,"turns":12}],"seed_played":"8037826637641668357","potions_obtained":[{"floor":1,"key":"Swift Potion"},{"floor":4,"key":"Block Potion"},{"floor":8,"key":"Ancient Potion"},{"floor":13,"key":"BloodPotion"},{"floor":14,"key":"SkillPotion"},{"floor":16,"key":"SpeedPotion"},{"floor":18,"key":"AttackPotion"},{"floor":28,"key":"GamblersBrew"},{"floor":30,"key":"LiquidBronze"}],"is_trial":false,"path_per_floor":["M","M","?","M","M","E","R","M","T","?","R","M","E","M","R","B",null,"M","?","$","M","M","R","?","E","T","R","M","M","M","?","R","B"],"character_chosen":"IRONCLAD","items_purchased":["Kunai"],"campfire_rested":2,"item_purchase_floors":[20],"current_hp_per_floor":[88,88,77,82,79,71,71,48,48,48,48,34,7,13,39,38,88,73,73,73,73,73,73,73,23,23,49,46,43,37,88,88,0],"gold":292,"neow_bonus":"TEN_PERCENT_HP_BONUS","is_prod":false,"is_daily":false,"chose_seed":false,"campfire_upgraded":4,"win_rate":0,"timestamp":1549468029,"path_taken":["M","M","?","M","M","E","R","M","T","?","R","M","E","M","R","BOSS","M","?","$","M","M","R","?","E","T","R","M","M","?","?","R","BOSS"],"build_version":"2019-01-23","purchased_purges":1,"victory":false,"max_hp_per_floor":[88,88,88,88,88,88,88,88,88,88,88,88,88,88,88,88,88,88,88,88,88,88,88,88,88,88,88,88,88,88,88,88,88],"card_choices":[{"not_picked":["Sever Soul","Rupture"],"picked":"Iron Wave","floor":1},{"not_picked":["Flex","Heavy Blade"],"picked":"Pommel Strike","floor":2},{"not_picked":["Reckless Charge","True Grit","Pommel Strike"],"picked":"SKIP","floor":4},{"not_picked":["Body Slam","Infernal Blade"],"picked":"Disarm","floor":5},{"not_picked":["Cleave","Feel No Pain","Warcry"],"picked":"SKIP","floor":6},{"not_picked":["Pommel Strike","True Grit"],"picked":"Flame Barrier","floor":8},{"not_picked":["Havoc","Rupture"],"picked":"Clothesline","floor":12},{"not_picked":["Limit Break","Entrench"],"picked":"Battle Trance","floor":13},{"not_picked":["Flex","Headbutt"],"picked":"Shrug It Off","floor":14},{"not_picked":["Fiend Fire","Berserk"],"picked":"Demon Form","floor":16},{"not_picked":["Twin Strike","True Grit"],"picked":"Anger","floor":18},{"not_picked":["Sentinel","Perfected Strike","True Grit"],"picked":"SKIP","floor":21},{"not_picked":["Thunderclap+1","Rampage"],"picked":"Iron Wave+1","floor":22},{"not_picked":["Clothesline","Hemokinesis","Perfected Strike"],"picked":"SKIP","floor":25},{"not_picked":["Feel No Pain","Intimidate"],"picked":"Heavy Blade","floor":28},{"not_picked":["Sever Soul","Bloodletting","Clothesline"],"picked":"SKIP","floor":29},{"not_picked":["Whirlwind+1","Pommel Strike","Shockwave"],"picked":"SKIP","floor":30}],"player_experience":179842,"relics_obtained":[{"floor":6,"key":"Anchor"},{"floor":9,"key":"Smiling Mask"},{"floor":13,"key":"Red Skull"},{"floor":25,"key":"Oddly Smooth Stone"}],"event_choices":[{"damage_healed":0,"gold_gain":75,"player_choice":"Gather Gold","damage_taken":11,"max_hp_gain":0,"max_hp_loss":0,"event_name":"World of Goop","floor":3,"gold_loss":0},{"damage_healed":0,"gold_gain":55,"player_choice":"Gained Gold","damage_taken":0,"max_hp_gain":0,"max_hp_loss":0,"event_name":"Golden Wing","floor":10,"gold_loss":0},{"damage_healed":0,"gold_gain":0,"player_choice":"Obtain J.A.X.","damage_taken":0,"max_hp_gain":0,"max_hp_loss":0,"event_name":"Drug Dealer","floor":19,"gold_loss":0,"cards_obtained":["J.A.X."]},{"damage_healed":0,"gold_gain":0,"player_choice":"Leave","damage_taken":0,"max_hp_gain":0,"max_hp_loss":0,"event_name":"FaceTrader","floor":24,"gold_loss":0},{"cards_removed":["Burning Pact"],"damage_healed":51,"gold_gain":0,"player_choice":"Offered Uncommon","damage_taken":0,"max_hp_gain":0,"max_hp_loss":0,"event_name":"Bonfire Elementals","floor":31,"gold_loss":0}],"is_beta":false,"boss_relics":[{"not_picked":["Runic Cube","Black Blood"],"picked":"Astrolabe"}],"items_purged_floors":[20],"is_endless":false,"potions_floor_spawned":[1,4,8,13,14,16,18,21,28,30],"killed_by":"Automaton","ascension_level":0}