{"path_per_floor":["M","?","?","M","M","E","$","M","T","R","$","M","?","M","R"],"character_chosen":"IRONCLAD","items_purchased":["Inflame"],"gold_per_floor":[115,115,115,125,137,166,20,39,39,39,39,54,129,140,140,140],"floor_reached":16,"campfire_rested":1,"playtime":819,"current_hp_per_floor":[80,80,80,73,73,26,26,28,28,52,52,49,38,46,46,0],"items_purged":["Strike_R"],"gold":140,"score":102,"play_id":"87aeffa8-2e09-4b9e-b36c-66f962c9912c","local_time":"20180417180022","is_prod":false,"is_daily":false,"chose_seed":false,"is_ascension_mode":false,"campfire_upgraded":1,"timestamp":1523955622,"path_taken":["M","?","?","M","M","E","?","M","T","R","$","M","?","M","R","BOSS"],"build_version":"2018-04-12","seed_source_timestamp":77280857677006,"purchased_purges":1,"victory":false,"master_deck":["Strike_R","Strike_R","Strike_R+1","Strike_R","Defend_R","Defend_R","Defend_R","Defend_R","Bash","Battle Trance","Regret","Normality","Pummel+1","Inflame","Feed","Inflame","Ghostly Armor","Flex","Armaments+1"],"max_hp_per_floor":[80,80,80,80,80,80,80,83,83,83,83,86,86,86,86,86],"relics":["Burning Blood","Ancient Tea Set","Vajra","Bird Faced Urn","Whetstone"],"card_choices":[{"not_picked":["Thunderclap","Twin Strike"],"picked":"Battle Trance","floor":1},{"not_picked":["Shockwave","Searing Blow"],"picked":"Pummel","floor":4},{"not_picked":["Shrug It Off","Flex"],"picked":"Inflame","floor":5},{"not_picked":["Clothesline","Armaments"],"picked":"Feed","floor":6},{"not_picked":["Twin Strike","Reckless Charge"],"picked":"Ghostly Armor","floor":8},{"not_picked":["Wild Strike","Fiend Fire"],"picked":"Flex","floor":12},{"not_picked":["Shrug It Off","Body Slam"],"picked":"Armaments","floor":14}],"player_experience":76339,"potions_floor_usage":[16],"damage_taken":[{"damage":2,"enemies":"Small Slimes","floor":1,"turns":4},{"damage":13,"enemies":"Jaw Worm","floor":4,"turns":4},{"damage":6,"enemies":"Cultist","floor":5,"turns":3},{"damage":53,"enemies":"Lagavulin","floor":6,"turns":7},{"damage":11,"enemies":"Blue Slaver","floor":8,"turns":2},{"damage":16,"enemies":"Exordium Thugs","floor":12,"turns":5},{"damage":2,"enemies":"Looter","floor":14,"turns":4},{"damage":53,"enemies":"Hexaghost","floor":16,"turns":9}],"event_choices":[{"event_name":"Big Fish","player_choice":"Box","floor":2,"damage_taken":0},{"event_name":"Accursed Blacksmith","player_choice":"Rummage","floor":3,"damage_taken":0},{"event_name":"World of Goop","player_choice":"Gather Gold","floor":13,"damage_taken":0}],"boss_relics":[],"potions_floor_spawned":[1,8,12,14],"seed_played":"399284092004572533","killed_by":"Hexaghost","ascension_level":0,"is_trial":false}