{"gold_per_floor":[115,115,126,144,144,179,179,193,239,258,278,278,278,289,289,390,390,408,507,422,422,422,422,440,440,464,208,226,243,51,51],"floor_reached":31,"playtime":1835,"items_purged":[],"score":237,"play_id":"b1e4f3aa-41bc-4ac7-830e-c5a476fa47f9","local_time":"20190106142047","is_ascension_mode":false,"campfire_choices":[{"data":"Demon Form","floor":7,"key":"SMITH"},{"floor":13,"key":"REST"},{"floor":15,"key":"REST"},{"floor":23,"key":"REST"},{"floor":25,"key":"REST"}],"neow_cost":"NONE","seed_source_timestamp":470342017633060,"circlet_count":0,"master_deck":["Strike_R","Strike_R","Strike_R","Defend_R","Defend_R","Defend_R","Defend_R","Bash","Combust","Pommel Strike","Demon Form+1","Evolve","Shockwave","Rampage","Impervious","Feed","Rupture","Whirlwind","Armaments+1"],"relics":["Burning Blood","NeowsBlessing","Question Card","PreservedInsect","Fusion Hammer","Pen Nib","Lantern","Dodecahedron","Sling"],"potions_floor_usage":[],"damage_taken":[{"damage":0,"enemies":"Cultist","floor":1,"turns":1},{"damage":0,"enemies":"Small Slimes","floor":3,"turns":1},{"damage":0,"enemies":"2 Louse","floor":4,"turns":1},{"damage":40,"enemies":"3 Sentries","floor":6,"turns":7},{"damage":18,"enemies":"Large Slime","floor":8,"turns":5},{"damage":24,"enemies":"3 Louse","floor":10,"turns":4},{"damage":13,"enemies":"Lots of Slimes","floor":11,"turns":3},{"damage":6,"enemies":"Looter","floor":14,"turns":4},{"damage":35,"enemies":"The Guardian","floor":16,"turns":7},{"damage":10,"enemies":"Chosen","floor":18,"turns":5},{"damage":41,"enemies":"3 Byrds","floor":24,"turns":5},{"damage":17,"enemies":"Centurion and Healer","floor":28,"turns":4},{"damage":58,"enemies":"Sentry and Sphere","floor":29,"turns":7},{"damage":16,"enemies":"Snake Plant","floor":31,"turns":3}],"seed_played":"-3488401086009513137","potions_obtained":[{"floor":4,"key":"SpeedPotion"},{"floor":6,"key":"Regen Potion"},{"floor":8,"key":"SpeedPotion"},{"floor":28,"key":"PowerPotion"}],"is_trial":false,"path_per_floor":["M","$","M","M","$","E","R","M","T","M","M","?","R","M","R","B",null,"M","?","?","?","?","R","M","R","T","$","M","M","$","M"],"character_chosen":"IRONCLAD","items_purchased":["Dodecahedron","Sling"],"campfire_rested":4,"item_purchase_floors":[27,30],"current_hp_per_floor":[80,80,80,80,80,46,46,34,34,16,9,2,26,26,50,21,80,76,76,76,76,76,80,48,72,72,72,64,15,15,0],"gold":51,"neow_bonus":"THREE_ENEMY_KILL","is_prod":false,"is_daily":false,"chose_seed":false,"campfire_upgraded":1,"win_rate":0.0,"timestamp":1546780847,"path_taken":["M","$","?","?","$","E","R","M","T","M","M","?","R","M","R","BOSS","M","?","?","?","?","R","M","R","T","$","M","M","$","M"],"build_version":"2019-01-03v4","purchased_purges":0,"victory":false,"max_hp_per_floor":[80,80,80,80,80,80,80,80,80,80,80,80,80,80,80,80,80,80,80,80,80,80,80,83,83,83,83,86,89,89,89],"card_choices":[{"not_picked":["Cleave","Perfected Strike"],"picked":"Combust","floor":1},{"not_picked":["Anger","Twin Strike"],"picked":"Pommel Strike","floor":3},{"not_picked":["Metallicize","Perfected Strike"],"picked":"Demon Form","floor":4},{"not_picked":["Body Slam","Iron Wave","Armaments"],"picked":"SKIP","floor":6},{"not_picked":["Bloodletting","Body Slam","Headbutt"],"picked":"Evolve","floor":8},{"not_picked":["Body Slam","Thunderclap","Clothesline"],"picked":"Shockwave","floor":10},{"not_picked":["Battle Trance","Metallicize","Wild Strike"],"picked":"Rampage","floor":11},{"not_picked":["Iron Wave","Bloodletting","Clash"],"picked":"Impervious","floor":14},{"not_picked":["Offering","Fiend Fire","Berserk"],"picked":"Feed","floor":16},{"not_picked":["Bloodletting+1","Havoc","Body Slam","Carnage"],"picked":"SKIP","floor":18},{"not_picked":["Flex","Shrug It Off","Havoc"],"picked":"Whirlwind","floor":24},{"not_picked":["Clash","Warcry","Cleave"],"picked":"Armaments+1","floor":28},{"not_picked":["Warcry","Shockwave+1","Spot Weakness+1","Fiend Fire"],"picked":"SKIP","floor":29}],"player_experience":104530,"relics_obtained":[{"floor":6,"key":"Question Card"},{"floor":9,"key":"PreservedInsect"},{"floor":26,"key":"Lantern"}],"event_choices":[{"cards_removed":["Strike_R"],"damage_healed":0,"gold_gain":0,"player_choice":"Card Removal","damage_taken":7,"max_hp_gain":0,"max_hp_loss":0,"event_name":"Golden Wing","floor":12,"gold_loss":0},{"damage_healed":0,"gold_gain":99,"player_choice":"Stole From Cult","damage_taken":0,"max_hp_gain":0,"max_hp_loss":0,"event_name":"Nest","floor":19,"gold_loss":0},{"damage_healed":0,"gold_gain":0,"player_choice":"Obtained Relic","damage_taken":0,"relics_obtained":["Pen Nib"],"max_hp_gain":0,"max_hp_loss":0,"event_name":"Addict","floor":20,"gold_loss":85},{"damage_healed":0,"gold_gain":0,"player_choice":"Read","damage_taken":0,"max_hp_gain":0,"max_hp_loss":0,"event_name":"The Library","floor":21,"gold_loss":0,"cards_obtained":["Rupture"]},{"cards_removed":["Strike_R"],"damage_healed":0,"gold_gain":0,"player_choice":"Offered Basic","damage_taken":0,"max_hp_gain":0,"max_hp_loss":0,"event_name":"Bonfire Elementals","floor":22,"gold_loss":0}],"is_beta":false,"boss_relics":[{"not_picked":["Lizard Tail","Orrery"],"picked":"Fusion Hammer"}],"items_purged_floors":[],"is_endless":false,"potions_floor_spawned":[4,6,8,14,28],"killed_by":"Snake Plant","ascension_level":0}