{"gold_per_floor":[110,127,50,50,64,64,45,45,94,126,126,141,141,175,175,271,271,281,291,291,291,302,302,320,339,339,339,339,355,355,369,369,471,471,490,507,525,525,321,321,421,432,432,432,448,448,466,312,312,312],"floor_reached":51,"playtime":2564,"items_purged":[],"score":736,"play_id":"40edfb81-1541-4135-b535-4824b6ffac43","local_time":"20181122020135","daily_mods":["SealedDeck","Heirloom"],"is_ascension_mode":false,"campfire_choices":[{"data":"Capacitor","floor":6,"key":"SMITH"},{"data":"Consume","floor":11,"key":"SMITH"},{"data":"Capacitor","floor":15,"key":"SMITH"},{"data":"Echo Form","floor":23,"key":"SMITH"},{"data":"Blizzard","floor":27,"key":"SMITH"},{"data":"Coolheaded","floor":30,"key":"SMITH"},{"data":"Coolheaded","floor":32,"key":"SMITH"},{"floor":40,"key":"REST"},{"floor":44,"key":"REST"},{"floor":46,"key":"REST"},{"floor":49,"key":"REST"}],"neow_cost":"","seed_source_timestamp":0,"circlet_count":0,"master_deck":["Hologram","Gash","Go for the Eyes","Go for the Eyes","Beam Cell","Go for the Eyes","Glacier","Consume+1","Capacitor+1","Scrape","Leap","Loop+1","Self Repair","FTL+1","Capacitor+1","Coolheaded+1","Echo Form+1","Conserve Battery","Self Repair","Glacier","Gash","Blizzard+1","All For One","Glacier","White Noise","Coolheaded+1","Beam Cell","All For One","Go for the Eyes","Gash","Beam Cell+1","Loop","Gash+1","Machine Learning"],"relics":["Cracked Core","Bird Faced Urn","Centennial Puzzle","Potion Belt","CultistMask","Omamori","Orrery","Mummified Hand","Kunai","Fusion Hammer","Runic Capacitor","Calipers","Boot","Bag of Preparation"],"potions_floor_usage":[50,50],"damage_taken":[{"damage":0,"enemies":"Cultist","floor":1,"turns":3},{"damage":8,"enemies":"Jaw Worm","floor":2,"turns":3},{"damage":6,"enemies":"Small Slimes","floor":5,"turns":3},{"damage":0,"enemies":"Exordium Thugs","floor":7,"turns":4},{"damage":6,"enemies":"Gremlin Nob","floor":10,"turns":3},{"damage":0,"enemies":"Large Slime","floor":12,"turns":5},{"damage":0,"enemies":"Lagavulin","floor":14,"turns":6},{"damage":25,"enemies":"Hexaghost","floor":16,"turns":8},{"damage":1,"enemies":"Shell Parasite","floor":18,"turns":6},{"damage":0,"enemies":"Chosen","floor":19,"turns":6},{"damage":9,"enemies":"Centurion and Healer","floor":22,"turns":6},{"damage":16,"enemies":"Snake Plant","floor":24,"turns":6},{"damage":3,"enemies":"Snecko","floor":25,"turns":6},{"damage":10,"enemies":"Chosen and Byrds","floor":29,"turns":5},{"damage":0,"enemies":"Snake Plant","floor":31,"turns":5},{"damage":32,"enemies":"Collector","floor":33,"turns":11},{"damage":1,"enemies":"3 Shapes","floor":35,"turns":6},{"damage":0,"enemies":"Orb Walker","floor":36,"turns":4},{"damage":0,"enemies":"Transient","floor":37,"turns":5},{"damage":28,"enemies":"Mind Bloom Boss Battle","floor":41,"turns":5},{"damage":23,"enemies":"4 Shapes","floor":42,"turns":5},{"damage":1,"enemies":"Sphere and 2 Shapes","floor":45,"turns":3},{"damage":5,"enemies":"Spire Growth","floor":47,"turns":4},{"damage":3,"enemies":"Awakened One","floor":50,"turns":11}],"seed_played":"-2883360720988625648","potions_obtained":[{"floor":10,"key":"Dexterity Potion"},{"floor":12,"key":"Regen Potion"},{"floor":14,"key":"AttackPotion"},{"floor":16,"key":"Poison Potion"},{"floor":19,"key":"FearPotion"},{"floor":29,"key":"Swift Potion"},{"floor":31,"key":"Regen Potion"},{"floor":41,"key":"Energy Potion"}],"is_trial":true,"path_per_floor":["M","M","$","?","M","R","M","?","T","E","R","M","?","E","R","B",null,"M","M","?","?","M","R","M","M","T","R","?","M","R","M","R","B",null,"M","M","M","?","$","R","?","M","T","R","M","R","M","$","R","B",null],"character_chosen":"DEFECT","items_purchased":["Loop","Runic Capacitor","Bag of Preparation"],"campfire_rested":4,"item_purchase_floors":[3,39,48],"current_hp_per_floor":[75,69,69,69,65,65,75,60,60,67,67,75,75,75,75,61,75,75,75,75,75,75,75,75,75,75,75,75,75,75,75,75,63,75,75,75,75,75,75,75,58,65,65,75,75,75,75,75,75,75],"gold":312,"neow_bonus":"","is_prod":false,"is_daily":false,"chose_seed":false,"campfire_upgraded":7,"win_rate":0,"timestamp":1542819695,"path_taken":["M","?","$","?","M","R","M","?","T","E","R","?","?","E","R","BOSS","M","?","?","?","M","R","M","M","T","R","?","M","R","M","R","BOSS","M","?","M","?","$","R","?","M","T","R","M","R","M","?","R","BOSS"],"build_version":"2018-11-15","purchased_purges":0,"victory":true,"max_hp_per_floor":[75,75,75,75,75,75,75,75,75,75,75,75,75,75,75,75,75,75,75,75,75,75,75,75,75,75,75,75,75,75,75,75,75,75,75,75,75,75,75,75,75,75,75,75,75,75,75,75,75,75],"card_choices":[{"not_picked":["Doom and Gloom","Ball Lightning"],"picked":"Scrape","floor":1},{"not_picked":["Stack","Chaos"],"picked":"Leap","floor":2},{"not_picked":["Beam Cell","Sweeping Beam"],"picked":"Self Repair","floor":5},{"not_picked":["Reboot","Scrape"],"picked":"FTL","floor":7},{"not_picked":["Barrage","Reinforced Body"],"picked":"Capacitor","floor":10},{"not_picked":["Sweeping Beam","Ball Lightning","Force Field"],"picked":"SKIP","floor":12},{"not_picked":["Cold Snap","Auto Shields"],"picked":"Coolheaded","floor":14},{"not_picked":["Core Surge","Fission"],"picked":"Echo Form","floor":16},{"not_picked":["Sweeping Beam","Cold Snap"],"picked":"Conserve Battery","floor":17},{"not_picked":["Static Discharge","Cold Snap"],"picked":"Self Repair","floor":17},{"not_picked":["Go for the Eyes","Multi-Cast"],"picked":"Glacier","floor":17},{"not_picked":["Leap","Stack"],"picked":"Gash","floor":17},{"not_picked":["Redo","Reinforced Body"],"picked":"Blizzard","floor":17},{"not_picked":["Coolheaded","Leap"],"picked":"All For One","floor":18},{"not_picked":["Stack","Ball Lightning","Steam"],"picked":"SKIP","floor":19},{"not_picked":["Stack","Ball Lightning","Steam"],"picked":"SKIP","floor":19},{"not_picked":["Streamline","Melter"],"picked":"White Noise","floor":22},{"not_picked":["Consume","Thunder Strike","Steam"],"picked":"SKIP","floor":24},{"not_picked":["Turbo","Streamline"],"picked":"Coolheaded","floor":25},{"not_picked":["Steam+1","Hologram"],"picked":"Beam Cell","floor":29},{"not_picked":["Doom and Gloom","Redo","Ball Lightning"],"picked":"SKIP","floor":31},{"not_picked":["Rainbow","Electrodynamics"],"picked":"All For One","floor":33},{"not_picked":["Recycle","Steam+1"],"picked":"Go for the Eyes","floor":35},{"not_picked":["Beam Cell+1","Rebound"],"picked":"Gash","floor":36},{"not_picked":["Cold Snap","Aggregate+1"],"picked":"Beam Cell+1","floor":37},{"not_picked":["Chill+1","Conserve Battery"],"picked":"Loop","floor":41},{"not_picked":["Chaos","Storm+1","Steam+1"],"picked":"SKIP","floor":42},{"not_picked":["Defragment","Compile Driver+1"],"picked":"Gash+1","floor":45},{"not_picked":["Compile Driver","Barrage"],"picked":"Machine Learning","floor":47}],"player_experience":594849,"relics_obtained":[{"floor":9,"key":"Centennial Puzzle"},{"floor":10,"key":"Potion Belt"},{"floor":14,"key":"Omamori"},{"floor":26,"key":"Mummified Hand"},{"floor":28,"key":"Kunai"},{"floor":41,"key":"Calipers"},{"floor":43,"key":"Boot"}],"event_choices":[{"damage_healed":0,"gold_gain":0,"player_choice":"Grow","damage_taken":0,"max_hp_gain":0,"max_hp_loss":0,"event_name":"Living Wall","floor":4,"gold_loss":0,"cards_upgraded":["Loop"]},{"damage_healed":0,"gold_gain":0,"player_choice":"Entered Light","damage_taken":15,"max_hp_gain":0,"max_hp_loss":0,"event_name":"Shining Light","floor":8,"gold_loss":0,"cards_upgraded":["FTL","Go for the Eyes"]},{"damage_healed":0,"gold_gain":0,"player_choice":"Trade","damage_taken":0,"relics_obtained":["CultistMask"],"max_hp_gain":0,"max_hp_loss":0,"event_name":"FaceTrader","floor":13,"gold_loss":0},{"damage_healed":0,"gold_gain":0,"player_choice":"Read","damage_taken":0,"max_hp_gain":0,"max_hp_loss":0,"event_name":"The Library","floor":20,"gold_loss":0,"cards_obtained":["Glacier"]},{"damage_healed":0,"gold_gain":0,"player_choice":"Ignored","damage_taken":0,"max_hp_gain":0,"max_hp_loss":0,"event_name":"Ghosts","floor":21,"gold_loss":0},{"damage_healed":0,"gold_gain":0,"player_choice":"Relic","damage_taken":0,"max_hp_gain":0,"max_hp_loss":0,"event_name":"Wheel of Change","floor":28,"gold_loss":0},{"cards_removed":["Go for the Eyes"],"damage_healed":0,"gold_gain":0,"player_choice":"Removed Attack","damage_taken":0,"max_hp_gain":0,"max_hp_loss":0,"event_name":"Falling","floor":38,"gold_loss":0},{"damage_healed":0,"gold_gain":0,"player_choice":"Fight","damage_taken":0,"max_hp_gain":0,"max_hp_loss":0,"event_name":"MindBloom","floor":41,"gold_loss":0}],"is_beta":false,"boss_relics":[{"not_picked":["Tiny House","Eternal Feather"],"picked":"Orrery"},{"not_picked":["Busted Crown","Nuclear Battery"],"picked":"Fusion Hammer"}],"items_purged_floors":[],"is_endless":false,"potions_floor_spawned":[10,12,14,16,19,24,29,31,41,42],"ascension_level":0}