{"gold_per_floor":[114,114,126,10,28,58,58,72,72,72,87,87,87,105,105,177,177,195,195,120,140,140,140,194,194,219,237,165,178,192,192],"floor_reached":31,"playtime":1090,"items_purged":["Strike_B"],"score":403,"play_id":"f3da9cbb-1f22-4296-a0e6-0605b7b205a5","local_time":"20190101141302","is_ascension_mode":true,"campfire_choices":[{"data":"Loop","floor":7,"key":"SMITH"},{"data":"Loop","floor":10,"key":"SMITH"},{"floor":13,"key":"REST"},{"floor":15,"key":"REST"},{"data":"Fission","floor":23,"key":"SMITH"},{"data":"Zap","floor":25,"key":"SMITH"}],"neow_cost":"NONE","seed_source_timestamp":1285337914401781,"circlet_count":0,"master_deck":["AscendersBane","Zap+1","Dualcast","Loop+1","Conserve Battery","Loop+1","White Noise","Conserve Battery","Go for the Eyes","Conserve Battery","Echo Form","FTL","Undo","Ball Lightning","Ball Lightning","Fission+1","BootSequence","Capacitor","Chill+1"],"relics":["Cracked Core","NeowsBlessing","Pantograph","Dodecahedron","Question Card","Pandora\u0027s Box","Tiny Chest","Bronze Scales"],"potions_floor_usage":[14,14,29],"damage_taken":[{"damage":0,"enemies":"2 Louse","floor":1,"turns":1},{"damage":0,"enemies":"Cultist","floor":3,"turns":1},{"damage":0,"enemies":"Small Slimes","floor":5,"turns":1},{"damage":23,"enemies":"Lagavulin","floor":6,"turns":6},{"damage":8,"enemies":"2 Fungi Beasts","floor":8,"turns":4},{"damage":14,"enemies":"Blue Slaver","floor":11,"turns":4},{"damage":27,"enemies":"Lots of Slimes","floor":14,"turns":4},{"damage":33,"enemies":"Slime Boss","floor":16,"turns":12},{"damage":0,"enemies":"Spheric Guardian","floor":18,"turns":4},{"damage":0,"enemies":"Chosen","floor":21,"turns":4},{"damage":0,"enemies":"Shelled Parasite and Fungi","floor":27,"turns":4},{"damage":35,"enemies":"3 Cultists","floor":29,"turns":4},{"damage":16,"enemies":"Cultist and Chosen","floor":30,"turns":5},{"damage":19,"enemies":"Sentry and Sphere","floor":31,"turns":5}],"seed_played":"1181370433642622827","potions_obtained":[{"floor":1,"key":"Ancient Potion"},{"floor":6,"key":"Fire Potion"},{"floor":8,"key":"Poison Potion"},{"floor":16,"key":"Fire Potion"},{"floor":29,"key":"FairyPotion"},{"floor":30,"key":"SteroidPotion"}],"is_trial":false,"path_per_floor":["M","?","M","$","M","E","R","M","T","R","M","?","R","M","R","B",null,"M","$","?","M","?","R","T","R","T","M","$","M","M","M"],"character_chosen":"DEFECT","items_purchased":["Loop","Capacitor"],"campfire_rested":2,"item_purchase_floors":[4,28],"current_hp_per_floor":[64,64,64,64,64,41,41,33,33,33,19,12,33,6,27,19,58,58,58,58,58,58,58,58,58,58,58,58,23,7,0],"gold":192,"neow_bonus":"THREE_ENEMY_KILL","is_prod":false,"is_daily":false,"chose_seed":false,"campfire_upgraded":4,"win_rate":0,"timestamp":1546319582,"path_taken":["M","?","M","$","?","E","R","M","T","R","M","?","R","M","R","BOSS","M","$","?","M","?","R","?","R","T","?","$","M","M","M"],"build_version":"2018-12-20","purchased_purges":1,"victory":false,"max_hp_per_floor":[71,71,71,71,71,71,71,71,71,71,71,71,71,71,71,71,71,71,71,71,71,71,71,71,71,71,71,71,71,71,71],"card_choices":[{"not_picked":["White Noise","Turbo"],"picked":"Loop","floor":1},{"not_picked":["Steam","Go for the Eyes"],"picked":"Conserve Battery","floor":3},{"not_picked":["Blizzard","Gash"],"picked":"White Noise","floor":5},{"not_picked":["Recycle","Leap","Meteor Strike"],"picked":"SKIP","floor":6},{"not_picked":["Barrage","Redo"],"picked":"Conserve Battery","floor":8},{"not_picked":["Storm","Fusion","Reprogram"],"picked":"Go for the Eyes","floor":11},{"not_picked":["Beam Cell","Turbo","Steam"],"picked":"Conserve Battery","floor":14},{"not_picked":["All For One","Amplify","Core Surge"],"picked":"Echo Form","floor":16},{"not_picked":["Ball Lightning","Hello World","Aggregate"],"picked":"BootSequence","floor":18},{"not_picked":["Go for the Eyes","Skim","Rebound","Doom and Gloom"],"picked":"SKIP","floor":21},{"not_picked":["Barrage","Sunder","Go for the Eyes","Stack+1"],"picked":"SKIP","floor":27},{"not_picked":["Chill","Compile Driver","Rebound","Streamline+1"],"picked":"SKIP","floor":29},{"not_picked":["Compile Driver+1","Chaos","Machine Learning"],"picked":"Chill+1","floor":30}],"player_experience":696205,"relics_obtained":[{"floor":6,"key":"Dodecahedron"},{"floor":9,"key":"Question Card"},{"floor":24,"key":"Tiny Chest"},{"floor":26,"key":"Bronze Scales"}],"event_choices":[{"damage_healed":0,"gold_gain":0,"player_choice":"Gave Potion","damage_taken":0,"relics_obtained":["Pantograph"],"max_hp_gain":0,"max_hp_loss":0,"event_name":"WeMeetAgain","floor":2,"gold_loss":0},{"cards_removed":["Strike_B"],"damage_healed":0,"gold_gain":0,"player_choice":"Card Removal","damage_taken":7,"max_hp_gain":0,"max_hp_loss":0,"event_name":"Golden Wing","floor":12,"gold_loss":0},{"cards_removed":["Chaos"],"damage_healed":0,"gold_gain":0,"player_choice":"Gave Gold","damage_taken":0,"max_hp_gain":0,"max_hp_loss":0,"event_name":"Beggar","floor":20,"gold_loss":75},{"damage_healed":0,"gold_gain":0,"player_choice":"Simplicity","damage_taken":0,"max_hp_gain":0,"max_hp_loss":0,"event_name":"Back to Basics","floor":22,"gold_loss":0,"cards_upgraded":[]}],"is_beta":false,"boss_relics":[{"not_picked":["Ectoplasm","Eternal Feather"],"picked":"Pandora\u0027s Box"}],"items_purged_floors":[4],"is_endless":false,"potions_floor_spawned":[1,6,8,11,16,29,30],"killed_by":"Sentry and Sphere","ascension_level":14}