{"gold_per_floor":[115,131,131,131,94,94,124,140,166,166,179,196,196,207,207,281,281,295,295,307,319,319,319,334,350,350,350,350,365,53,53,53,132,132,144,144,159,172,195,195,195,195,277,67,83,83,102,115,115,115],"floor_reached":50,"playtime":2507,"items_purged":["Decay"],"score":967,"play_id":"73f7ab47-605a-46d2-a2cf-b3501b8677e9","local_time":"20181029223657","is_ascension_mode":true,"campfire_choices":[{"data":"Skewer","floor":6.0,"key":"SMITH"},{"data":"Neutralize","floor":10.0,"key":"SMITH"},{"data":"Catalyst","floor":15.0,"key":"SMITH"},{"data":"Dagger Spray","floor":23.0,"key":"SMITH"},{"data":"Venomology","floor":27.0,"key":"SMITH"},{"data":"Night Terror","floor":32.0,"key":"SMITH"},{"data":"Deadly Poison","floor":40,"key":"SMITH"},{"data":"Acrobatics","floor":42,"key":"SMITH"},{"data":"Cloak And Dagger","floor":49,"key":"SMITH"}],"neow_cost":"NONE","seed_source_timestamp":0,"circlet_count":0,"master_deck":["Defend_G","Defend_G","Defend_G","Defend_G","Defend_G","Strike_G","Survivor","Neutralize+1","AscendersBane","Poisoned Stab+1","Caltrops","Skewer+1","Sucker Punch","Terror","Catalyst+1","Leg Sweep","Venomology+1","Cloak And Dagger+1","Infinite Blades","Dagger Spray+1","Deadly Poison+1","Night Terror+1","Acrobatics+1","Calculated Gamble+1","Phantasmal Killer+1","Noxious Fumes+1","Bouncing Flask+1","Escape Plan","PiercingWail+1"],"special_seed":0,"relics":["Coffee Dripper","Blood Vial","Ancient Tea Set","White Beast Statue","Pear","MutagenicStrength","TwistedFunnel","Astrolabe","Boot","Shuriken","Lee\u0027s Waffle"],"potions_floor_usage":[33,33,33,35,35,35,35,37,37,38,47,47,47,48,48,50,50],"damage_taken":[{"damage":1.0,"enemies":"Cultist","floor":1.0,"turns":5.0},{"damage":4.0,"enemies":"Jaw Worm","floor":2.0,"turns":3.0},{"damage":32.0,"enemies":"3 Sentries","floor":7.0,"turns":8.0},{"damage":0.0,"enemies":"2 Louse","floor":8.0,"turns":2.0},{"damage":0.0,"enemies":"2 Fungi Beasts","floor":11.0,"turns":2.0},{"damage":10.0,"enemies":"Gremlin Gang","floor":12.0,"turns":6.0},{"damage":0.0,"enemies":"Large Slime","floor":14.0,"turns":4.0},{"damage":6.0,"enemies":"The Guardian","floor":16.0,"turns":7.0},{"damage":13.0,"enemies":"Shell Parasite","floor":18.0,"turns":5.0},{"damage":0.0,"enemies":"3 Byrds","floor":20.0,"turns":2.0},{"damage":17.0,"enemies":"Snecko","floor":21.0,"turns":5.0},{"damage":12.0,"enemies":"Centurion and Healer","floor":24.0,"turns":5.0},{"damage":11.0,"enemies":"Snake Plant","floor":25.0,"turns":4.0},{"damage":23.0,"enemies":"3 Cultists","floor":29.0,"turns":5.0},{"damage":41,"enemies":"Automaton","floor":33,"turns":8},{"damage":0,"enemies":"Orb Walker","floor":35,"turns":2},{"damage":4,"enemies":"3 Darklings","floor":37,"turns":4},{"damage":24,"enemies":"4 Shapes","floor":38,"turns":8},{"damage":0,"enemies":"Maw","floor":45,"turns":2},{"damage":26,"enemies":"Transient","floor":47,"turns":6},{"damage":36,"enemies":"Spire Growth","floor":48,"turns":4},{"damage":39,"enemies":"Awakened One","floor":50,"turns":6}],"seed_played":"-8301672142856570782","potions_obtained":[{"floor":8.0,"key":"LiquidBronze"},{"floor":11.0,"key":"Poison Potion"},{"floor":14.0,"key":"Poison Potion"},{"floor":18.0,"key":"GhostInAJar"},{"floor":20.0,"key":"GamblersBrew"},{"floor":25.0,"key":"FearPotion"},{"floor":29.0,"key":"Ancient Potion"},{"floor":33,"key":"GamblersBrew"},{"floor":35,"key":"FearPotion"},{"floor":37,"key":"Ancient Potion"},{"floor":47,"key":"Poison Potion"},{"floor":48,"key":"PowerPotion"}],"is_trial":false,"path_per_floor":["M","M","?","?","$","R","E","M","T","R","M","M","?","M","R","B",null,"M","?","M","M","?","R","M","M","T","R","?","M","$","?","R","B",null,"M","?","M","M","T","R","?","R","T","$","M","$","M","M","R"],"character_chosen":"THE_SILENT","items_purchased":["Skewer","TwistedFunnel","Acrobatics","Lee\u0027s Waffle"],"campfire_rested":0,"item_purchase_floors":[5,30,30,44],"current_hp_per_floor":[58,54,54,54,54,54,22,24,24,24,26,18,18,20,20,16,54,43,56,58,43,43,43,33,24,34,34,34,13,13,86,86,45,76,78,78,76,54,54,54,54,54,54,93,93,93,67,33,33,0],"gold":115,"neow_bonus":"BOSS_RELIC","is_prod":false,"is_daily":false,"chose_seed":false,"campfire_upgraded":9,"win_rate":0,"timestamp":1540867017,"path_taken":["M","M","?","?","$","R","E","M","T","R","M","M","?","M","R","BOSS","M","?","M","M","?","R","M","M","T","R","?","M","$","?","R","BOSS","M","?","M","M","?","R","?","R","T","$","M","?","M","?","R","BOSS"],"build_version":"2018-10-29v2","purchased_purges":1,"victory":false,"max_hp_per_floor":[66,66,66,66,66,66,66,66,66,66,66,66,66,66,66,66,66,66,66,66,66,66,66,66,66,76,76,76,76,76,86,86,86,86,86,86,86,86,86,86,86,86,86,93,93,93,93,93,93,93],"card_choices":[{"not_picked":["Underhanded Strike","Sucker Punch"],"picked":"Poisoned Stab","floor":1.0},{"not_picked":["Underhanded Strike","Dagger Throw"],"picked":"Caltrops","floor":2.0},{"not_picked":["Phantasmal Killer","Deflect"],"picked":"Sucker Punch","floor":7.0},{"not_picked":["Deflect","Riddle With Holes"],"picked":"Terror","floor":8.0},{"not_picked":["Sucker Punch","PiercingWail"],"picked":"Catalyst","floor":11.0},{"not_picked":["Acrobatics","Outmaneuver"],"picked":"Leg Sweep","floor":12.0},{"not_picked":["Outmaneuver","Flying Knee","Dagger Throw"],"picked":"SKIP","floor":14.0},{"not_picked":["Storm of Steel","Tools of the Trade"],"picked":"Venomology","floor":16.0},{"not_picked":["Prepared","Setup"],"picked":"Cloak And Dagger","floor":18.0},{"not_picked":["Prepared","Sucker Punch"],"picked":"Infinite Blades","floor":20.0},{"not_picked":["Deadly Poison","Deflect"],"picked":"Dagger Spray","floor":21.0},{"not_picked":["Deflect","Terror"],"picked":"Deadly Poison","floor":24.0},{"not_picked":["Slice","Underhanded Strike"],"picked":"Night Terror","floor":25.0},{"not_picked":["Underhanded Strike","Bane","Quick Slash"],"picked":"SKIP","floor":29.0},{"not_picked":["Masterful Stab","Tactician"],"picked":"Bouncing Flask+1","floor":35},{"not_picked":["Deadly Poison","Expertise"],"picked":"Escape Plan","floor":37},{"not_picked":["Skewer","Deflect"],"picked":"PiercingWail+1","floor":38},{"not_picked":["Heel Hook","Dagger Throw+1","Accuracy"],"picked":"SKIP","floor":45},{"not_picked":["Dodge and Roll","Eviscerate","Flying Knee"],"picked":"SKIP","floor":47},{"not_picked":["Blade Dance","Crippling Poison","Dagger Spray+1"],"picked":"SKIP","floor":48}],"player_experience":1550460,"relics_obtained":[{"floor":7.0,"key":"Blood Vial"},{"floor":9.0,"key":"Ancient Tea Set"},{"floor":26.0,"key":"Pear"},{"floor":39,"key":"Boot"},{"floor":43,"key":"Shuriken"}],"event_choices":[{"damage_healed":0.0,"max_hp_gain":0.0,"max_hp_loss":0.0,"gold_gain":0.0,"event_name":"Living Wall","player_choice":"Grow","floor":3.0,"gold_loss":0.0,"damage_taken":0.0,"cards_upgraded":["Poisoned Stab"]},{"damage_healed":0.0,"max_hp_gain":0.0,"max_hp_loss":0.0,"gold_gain":0.0,"event_name":"The Cleric","player_choice":"Leave","floor":4.0,"gold_loss":0.0,"damage_taken":0.0},{"damage_healed":0.0,"max_hp_gain":0.0,"max_hp_loss":0.0,"gold_gain":0.0,"cards_transformed":["Strike_G"],"event_name":"Transmorgrifier","player_choice":"Transformed","floor":13.0,"gold_loss":0.0,"damage_taken":0.0,"cards_obtained":["Unload"]},{"damage_healed":13.0,"max_hp_gain":0.0,"max_hp_loss":0.0,"gold_gain":0.0,"event_name":"The Library","player_choice":"Heal","floor":19.0,"gold_loss":0.0,"damage_taken":0.0},{"damage_healed":0.0,"max_hp_gain":0.0,"max_hp_loss":0.0,"gold_gain":0.0,"event_name":"Forgotten Altar","player_choice":"Smashed Altar","floor":22.0,"gold_loss":0.0,"damage_taken":0.0,"cards_obtained":["Decay"]},{"damage_healed":0.0,"max_hp_gain":0.0,"max_hp_loss":0.0,"gold_gain":0.0,"event_name":"Drug Dealer","player_choice":"Inject Mutagens","floor":28.0,"gold_loss":0.0,"damage_taken":0.0,"relics_obtained":["MutagenicStrength"]},{"cards_removed":["Unload"],"damage_healed":63.0,"max_hp_gain":10.0,"max_hp_loss":0.0,"gold_gain":0.0,"event_name":"Bonfire Elementals","player_choice":"Offered Rare","floor":31.0,"gold_loss":0.0,"damage_taken":0.0},{"damage_healed":0,"gold_gain":0,"player_choice":"Ignored","damage_taken":0,"max_hp_gain":0,"max_hp_loss":0,"event_name":"Tomb of Lord Red Mask","floor":36,"gold_loss":0},{"damage_healed":0,"gold_gain":0,"player_choice":"Ignored","damage_taken":0,"max_hp_gain":0,"max_hp_loss":0,"event_name":"Mysterious Sphere","floor":41,"gold_loss":0}],"is_beta":true,"boss_relics":[{"not_picked":["Orrery","HoveringKite"],"picked":"White Beast Statue"},{"not_picked":["Tiny House","Pandora\u0027s Box"],"picked":"Astrolabe"}],"items_purged_floors":[30],"is_endless":false,"potions_floor_spawned":[8,11,14,18,20,21,24,25,29,33,35,37,38,45,47,48],"killed_by":"Awakened One","ascension_level":20}