{"gold_per_floor":[118,26,26,26,45,79,79,110,122,150,162,209,241,263,275,358,370,397,420,54,70,70,70,90,140,140,4,4,34,46,46,46,122,122,138,138,75,91,110,110,145,145,170,170,204,204,222,239,239,239,239],"floor_reached":52,"playtime":3024,"items_purged":["Escape Plan","Reflex","Neutralize"],"score":2075,"play_id":"c678b67b-a84c-447d-8890-e51bced7056f","local_time":"20190205043628","is_ascension_mode":true,"campfire_choices":[{"floor":7,"key":"REST"},{"data":"Footwork","floor":11,"key":"SMITH"},{"data":"Catalyst","floor":15,"key":"SMITH"},{"data":"Catalyst","floor":23,"key":"SMITH"},{"data":"Bouncing Flask","floor":28,"key":"SMITH"},{"data":"Catalyst","floor":32,"key":"SMITH"},{"data":"Corpse Explosion","floor":40,"key":"SMITH"},{"data":"Leg Sweep","floor":46,"key":"SMITH"},{"floor":49,"key":"REST"}],"neow_cost":"NONE","seed_source_timestamp":8868293142000,"circlet_count":0,"master_deck":["AscendersBane","Survivor","Adrenaline","Blur","All Out Attack","Skewer","All Out Attack","Tactician","Deadly Poison","Wraith Form v2+1","Leg Sweep+1","Dodge and Roll","Footwork+1","Cloak And Dagger+1","Terror","Catalyst+1","Catalyst+1","Backflip","Night Terror","Catalyst+1","Bouncing Flask+1","Dash","Leg Sweep+1","Storm of Steel","Crippling Poison+1","Bouncing Flask","Noxious Fumes","Corpse Explosion+1","Dodge and Roll","Cloak And Dagger+1","PiercingWail+1","PiercingWail","PiercingWail"],"relics":["Pandora\u0027s Box","Gambling Chip","Tingsha","MawBank","Torii","Art of War","Snecko Eye","Membership Card","Turnip","Anchor","Letter Opener","Lizard Tail","Boot","War Paint","Vajra"],"potions_floor_usage":[6,12,41,51,51],"damage_taken":[{"damage":5,"enemies":"Small Slimes","floor":1,"turns":2},{"damage":0,"enemies":"Jaw Worm","floor":5,"turns":5},{"damage":2,"enemies":"3 Sentries","floor":6,"turns":5},{"damage":0,"enemies":"Lagavulin","floor":8,"turns":6},{"damage":0,"enemies":"Cultist","floor":10,"turns":2},{"damage":1,"enemies":"Gremlin Nob","floor":12,"turns":6},{"damage":0,"enemies":"3 Louse","floor":13,"turns":1},{"damage":0,"enemies":"Blue Slaver","floor":14,"turns":2},{"damage":19,"enemies":"Slime Boss","floor":16,"turns":8},{"damage":7,"enemies":"Shell Parasite","floor":18,"turns":8},{"damage":1,"enemies":"Spheric Guardian","floor":19,"turns":6},{"damage":1,"enemies":"Snake Plant","floor":21,"turns":2},{"damage":0,"enemies":"Snecko","floor":24,"turns":3},{"damage":1,"enemies":"Slavers","floor":29,"turns":5},{"damage":0,"enemies":"Sentry and Sphere","floor":30,"turns":3},{"damage":0,"enemies":"Collector","floor":33,"turns":2},{"damage":4,"enemies":"3 Darklings","floor":35,"turns":3},{"damage":0,"enemies":"Orb Walker","floor":38,"turns":2},{"damage":6,"enemies":"Spire Growth","floor":39,"turns":3},{"damage":0,"enemies":"Nemesis","floor":41,"turns":7},{"damage":1,"enemies":"Reptomancer","floor":45,"turns":3},{"damage":0,"enemies":"Sphere and 2 Shapes","floor":47,"turns":2},{"damage":1,"enemies":"Jaw Worm Horde","floor":48,"turns":2},{"damage":3,"enemies":"Time Eater","floor":50,"turns":4},{"damage":56,"enemies":"Awakened One","floor":51,"turns":14}],"seed_played":"-2451549116696389284","potions_obtained":[{"floor":1,"key":"LiquidBronze"},{"floor":5,"key":"Poison Potion"},{"floor":13,"key":"EssenceOfSteel"},{"floor":14,"key":"Block Potion"},{"floor":19,"key":"Strength Potion"},{"floor":47,"key":"Energy Potion"},{"floor":48,"key":"Regen Potion"}],"is_trial":false,"path_per_floor":["M","$","?","?","M","E","R","E","T","M","R","E","M","M","R","B",null,"M","M","$","M","?","R","M","?","T","$","R","E","M","?","R","B",null,"M","?","$","M","M","R","E","?","T","?","E","R","M","M","R","B","B",null],"character_chosen":"THE_SILENT","items_purchased":["Dodge and Roll","Footwork","Membership Card","Dash","Leg Sweep","Storm of Steel","Anchor"],"campfire_rested":2,"item_purchase_floors":[2,2,20,20,20,20,27],"current_hp_per_floor":[54,54,28,28,28,26,45,45,45,45,45,44,44,44,44,25,56,49,48,48,47,47,47,47,47,47,47,47,46,46,46,46,46,61,57,57,57,57,51,51,51,41,41,41,40,40,40,39,57,54,13],"gold":239,"neow_bonus":"BOSS_RELIC","is_prod":false,"is_daily":false,"chose_seed":false,"campfire_upgraded":7,"win_rate":0,"timestamp":1549359388,"path_taken":["M","$","?","?","M","E","R","E","T","M","R","E","?","M","R","BOSS","M","M","$","M","?","R","M","?","T","$","R","E","M","?","R","BOSS","M","?","$","M","M","R","E","?","T","?","E","R","?","M","R","BOSS","BOSS"],"build_version":"2019-01-23","purchased_purges":3,"victory":true,"max_hp_per_floor":[66,66,66,66,66,66,66,66,66,66,66,66,66,66,66,66,66,66,66,66,66,66,66,66,66,66,66,66,66,66,66,66,66,66,66,66,66,66,66,66,66,66,66,63,63,63,63,63,63,63,63],"card_choices":[{"not_picked":["Outmaneuver","Acrobatics","Dagger Spray"],"picked":"SKIP","floor":1},{"not_picked":["Terror","Setup"],"picked":"Cloak And Dagger","floor":5},{"not_picked":["Endless Agony","Sucker Punch","Outmaneuver"],"picked":"SKIP","floor":6},{"not_picked":["Skewer","Setup"],"picked":"Terror","floor":8},{"not_picked":["Underhanded Strike","Bane"],"picked":"Escape Plan","floor":10},{"not_picked":["Quick Slash","Heel Hook"],"picked":"Catalyst","floor":12},{"not_picked":["Sucker Punch","Heel Hook"],"picked":"Catalyst","floor":13},{"not_picked":["Envenom","Expertise"],"picked":"Backflip","floor":14},{"not_picked":["Wraith Form v2","Doppelganger"],"picked":"Night Terror","floor":16},{"not_picked":["Poisoned Stab","Dodge and Roll"],"picked":"Catalyst","floor":18},{"not_picked":["Dagger Spray","Quick Slash"],"picked":"Bouncing Flask","floor":19},{"not_picked":["Underhanded Strike","Unload"],"picked":"Crippling Poison+1","floor":21},{"not_picked":["Poisoned Stab","Outmaneuver+1","Distraction"],"picked":"SKIP","floor":24},{"not_picked":["Bane+1","Dagger Spray"],"picked":"Bouncing Flask","floor":29},{"not_picked":["Flying Knee","Slice"],"picked":"Noxious Fumes","floor":30},{"not_picked":["Night Terror","Grand Finale"],"picked":"Corpse Explosion","floor":33},{"not_picked":["Prepared+1","Tactician","Caltrops"],"picked":"SKIP","floor":35},{"not_picked":["Distraction+1","Noxious Fumes+1"],"picked":"Dodge and Roll","floor":38},{"not_picked":["Distraction","Bane+1"],"picked":"Cloak And Dagger+1","floor":39},{"not_picked":["Noxious Fumes","Masterful Stab+1","Dagger Spray"],"picked":"SKIP","floor":41},{"not_picked":["Terror","Dagger Spray"],"picked":"PiercingWail+1","floor":45},{"not_picked":["Prepared","Outmaneuver"],"picked":"PiercingWail","floor":47},{"not_picked":["Sucker Punch","Dagger Throw"],"picked":"PiercingWail","floor":48}],"player_experience":2027419,"relics_obtained":[{"floor":6,"key":"Tingsha"},{"floor":8,"key":"MawBank"},{"floor":9,"key":"Torii"},{"floor":12,"key":"Art of War"},{"floor":26,"key":"Turnip"},{"floor":29,"key":"Letter Opener"},{"floor":41,"key":"Boot"},{"floor":43,"key":"War Paint"},{"floor":45,"key":"Vajra"}],"event_choices":[{"damage_healed":0,"gold_gain":0,"player_choice":"Success","damage_taken":26,"relics_obtained":["Gambling Chip"],"max_hp_gain":0,"max_hp_loss":0,"event_name":"Scrap Ooze","floor":3,"gold_loss":0},{"damage_healed":0,"gold_gain":0,"player_choice":"Forge","damage_taken":0,"max_hp_gain":0,"max_hp_loss":0,"event_name":"Accursed Blacksmith","floor":4,"gold_loss":0,"cards_upgraded":["Wraith Form v2"]},{"damage_healed":0,"gold_gain":0,"player_choice":"Ignored","damage_taken":0,"max_hp_gain":0,"max_hp_loss":0,"event_name":"The Mausoleum","floor":22,"gold_loss":0},{"damage_healed":0,"gold_gain":50,"player_choice":"Stole From Cult","damage_taken":0,"max_hp_gain":0,"max_hp_loss":0,"event_name":"Nest","floor":25,"gold_loss":0},{"damage_healed":0,"gold_gain":0,"player_choice":"Ignored","damage_taken":0,"max_hp_gain":0,"max_hp_loss":0,"event_name":"Vampires","floor":31,"gold_loss":0},{"damage_healed":0,"gold_gain":0,"player_choice":"Ignored","damage_taken":0,"max_hp_gain":0,"max_hp_loss":0,"event_name":"Tomb of Lord Red Mask","floor":36,"gold_loss":0},{"damage_healed":0,"gold_gain":0,"player_choice":"Memory 3","damage_taken":10,"max_hp_gain":0,"max_hp_loss":0,"event_name":"SensoryStone","floor":42,"gold_loss":0},{"damage_healed":0,"gold_gain":0,"player_choice":"Max HP","damage_taken":0,"max_hp_gain":0,"max_hp_loss":3,"event_name":"Winding Halls","floor":44,"gold_loss":0}],"is_beta":true,"boss_relics":[{"not_picked":["Orrery","Coffee Dripper"],"picked":"Snecko Eye"},{"not_picked":["Runic Pyramid","Runic Dome"],"picked":"Lizard Tail"}],"items_purged_floors":[20,27,37],"is_endless":false,"potions_floor_spawned":[1,5,13,14,19,24,29,35,38,47,48],"ascension_level":20}