{"gold_per_floor":[110,110,8,21,21,21,56,56,56,56,56,81,101,132,132,256,256,275,400,400,55,55,55,71,71,122,122,163,186,186],"floor_reached":30,"playtime":862,"items_purged":[],"score":486,"play_id":"b8980148-f1b3-4dd4-ad1c-e4f5b999aee9","local_time":"20181225191521","is_ascension_mode":true,"campfire_choices":[{"data":"Cold Snap","floor":6,"key":"SMITH"},{"data":"Echo Form","floor":8,"key":"SMITH"},{"data":"Dualcast","floor":10,"key":"SMITH"},{"data":"Coolheaded","floor":15,"key":"SMITH"},{"floor":23,"key":"REST"},{"floor":27,"key":"REST"}],"neow_cost":"NONE","seed_source_timestamp":173582516152796,"circlet_count":0,"master_deck":["AscendersBane","Defend_B+1","Defend_B+1","Defend_B+1","Zap+1","Dualcast+1","Cold Snap+1","Echo Form+1","Undo","Compile Driver","Coolheaded+1","Machine Learning","Electrodynamics+1","Reprogram+1","Lockon+1","Glacier","Self Repair","Storm","Coolheaded","Defragment","Defragment","Consume","Blizzard","Coolheaded","Auto Shields"],"relics":["Cracked Core","NeowsBlessing","Pocketwatch","Pantograph","Emotion Chip","Pen Nib","Golden Idol","The Courier","Astrolabe","Calipers","Blue Candle","Blood Vial","Oddly Smooth Stone","Bag of Marbles"],"potions_floor_usage":[19,19,28,29,30,30],"damage_taken":[{"damage":0,"enemies":"Cultist","floor":1,"turns":1},{"damage":0,"enemies":"Small Slimes","floor":4,"turns":1},{"damage":0,"enemies":"3 Sentries","floor":7,"turns":1},{"damage":0,"enemies":"2 Louse","floor":12,"turns":2},{"damage":10,"enemies":"2 Fungi Beasts","floor":13,"turns":3},{"damage":0,"enemies":"Lagavulin","floor":14,"turns":6},{"damage":16,"enemies":"Slime Boss","floor":16,"turns":8},{"damage":22,"enemies":"2 Thieves","floor":18,"turns":2},{"damage":28,"enemies":"Colosseum Slavers","floor":19,"turns":3},{"damage":13,"enemies":"Colosseum Nobs","floor":19,"turns":4},{"damage":10,"enemies":"Spheric Guardian","floor":24,"turns":6},{"damage":29,"enemies":"Gremlin Leader","floor":28,"turns":4},{"damage":8,"enemies":"3 Cultists","floor":29,"turns":3},{"damage":12,"enemies":"Snecko","floor":30,"turns":3}],"seed_played":"5180644784252515614","potions_obtained":[{"floor":7,"key":"SteroidPotion"},{"floor":14,"key":"Dexterity Potion"},{"floor":19,"key":"PowerPotion"},{"floor":28,"key":"EssenceOfSteel"},{"floor":29,"key":"Poison Potion"}],"is_trial":false,"path_per_floor":["M","?","?","M","?","R","E","R","T","R","?","M","M","E","R","B",null,"M","?","?","$","?","R","M","?","T","R","E","M","M"],"character_chosen":"DEFECT","items_purchased":["Storm","Coolheaded","Blood Vial","Defragment","Defragment","PowerPotion"],"campfire_rested":2,"item_purchase_floors":[21,21,21,21,21,21],"current_hp_per_floor":[68,56,56,56,56,56,56,56,56,56,56,56,46,46,46,53,65,43,2,2,2,2,22,21,21,21,41,14,8,0],"gold":186,"neow_bonus":"THREE_ENEMY_KILL","is_prod":false,"is_daily":false,"chose_seed":false,"campfire_upgraded":4,"win_rate":0,"timestamp":1545783321,"path_taken":["M","?","?","?","?","R","E","R","T","R","?","M","M","E","R","BOSS","M","?","?","$","?","R","M","?","T","R","E","M","M"],"build_version":"2018-12-20","purchased_purges":0,"victory":false,"max_hp_per_floor":[75,75,75,75,75,75,75,75,75,75,69,69,69,69,69,69,69,69,69,69,69,69,69,69,69,69,69,69,69,69],"card_choices":[{"not_picked":["Conserve Battery","Compile Driver"],"picked":"Cold Snap","floor":1},{"not_picked":["Heatsinks","Sunder","Barrage"],"picked":"SKIP","floor":4},{"not_picked":["Undo","Steam"],"picked":"Echo Form","floor":7},{"not_picked":["Steam","Rebound"],"picked":"Undo","floor":12},{"not_picked":["Rebound","Go for the Eyes"],"picked":"Compile Driver","floor":13},{"not_picked":["Tempest","Reinforced Body"],"picked":"Coolheaded","floor":14},{"not_picked":["Biased Cognition","Echo Form"],"picked":"Machine Learning","floor":16},{"not_picked":["Beam Cell","Reprogram"],"picked":"Glacier","floor":18},{"not_picked":["Gash","Sweeping Beam"],"picked":"Self Repair","floor":19},{"not_picked":["Steam Power+1","Ball Lightning"],"picked":"Coolheaded","floor":24},{"not_picked":["Double Energy+1","Genetic Algorithm"],"picked":"Auto Shields","floor":28},{"not_picked":["Reboot","Rebound","Gash"],"picked":"SKIP","floor":29}],"player_experience":404797,"relics_obtained":[{"floor":7,"key":"Emotion Chip"},{"floor":9,"key":"Pen Nib"},{"floor":14,"key":"The Courier"},{"floor":19,"key":"Calipers"},{"floor":19,"key":"Blue Candle"},{"floor":26,"key":"Oddly Smooth Stone"},{"floor":28,"key":"Bag of Marbles"}],"event_choices":[{"damage_healed":0,"gold_gain":0,"player_choice":"Success","damage_taken":12,"relics_obtained":["Pocketwatch"],"max_hp_gain":0,"max_hp_loss":0,"event_name":"Scrap Ooze","floor":2,"gold_loss":0},{"damage_healed":0,"gold_gain":0,"player_choice":"Paid Gold","damage_taken":0,"relics_obtained":["Pantograph"],"max_hp_gain":0,"max_hp_loss":0,"event_name":"WeMeetAgain","floor":3,"gold_loss":102},{"damage_healed":0,"gold_gain":0,"player_choice":"Grow","damage_taken":0,"max_hp_gain":0,"max_hp_loss":0,"event_name":"Living Wall","floor":5,"gold_loss":0,"cards_upgraded":["Zap"]},{"damage_healed":0,"gold_gain":0,"player_choice":"Lose Max HP","damage_taken":0,"relics_obtained":["Golden Idol"],"max_hp_gain":0,"max_hp_loss":6,"event_name":"Golden Idol","floor":11,"gold_loss":0},{"damage_healed":0,"gold_gain":0,"player_choice":"Fight","damage_taken":0,"max_hp_gain":0,"max_hp_loss":0,"event_name":"Colosseum","floor":19,"gold_loss":0},{"damage_healed":0,"gold_gain":0,"player_choice":"Fought Nobs","damage_taken":0,"max_hp_gain":0,"max_hp_loss":0,"event_name":"Colosseum","floor":19,"gold_loss":0},{"damage_healed":0,"gold_gain":0,"player_choice":"Simplicity","damage_taken":0,"max_hp_gain":0,"max_hp_loss":0,"event_name":"Back to Basics","floor":20,"gold_loss":0,"cards_upgraded":["Strike_B","Strike_B","Defend_B","Defend_B","Defend_B"]},{"damage_healed":0,"gold_gain":0,"cards_transformed":["Strike_B","Strike_B"],"player_choice":"Became Test Subject","damage_taken":0,"max_hp_gain":0,"max_hp_loss":0,"event_name":"Drug Dealer","floor":22,"gold_loss":0,"cards_obtained":["Consume","Blizzard"]},{"damage_healed":0,"gold_gain":0,"player_choice":"Ignored","damage_taken":0,"max_hp_gain":0,"max_hp_loss":0,"event_name":"Vampires","floor":25,"gold_loss":0}],"is_beta":false,"boss_relics":[{"not_picked":["Lizard Tail","Tiny House"],"picked":"Astrolabe"}],"items_purged_floors":[],"is_endless":false,"potions_floor_spawned":[7,14,19,28,29],"killed_by":"Snecko","ascension_level":12}