{"gold_per_floor":[119,119,28,44,55,55,90,104,404,404,435,452,462,229,229,306,306,316,316,184,198,68,94,94,124,124,142,142,177,177,89,89,162,162,177,177,187,202,50,50,77,91,118,118,340,352,381,397,397,397,397],"floor_reached":52,"playtime":3311,"items_purged":["Blade Dance"],"score":2145,"play_id":"2c0c1130-f158-4b34-ac4f-bd822c4fe537","local_time":"20181211233548","is_ascension_mode":true,"campfire_choices":[{"data":"Neutralize","floor":6.0,"key":"SMITH"},{"floor":10.0,"key":"REST"},{"floor":15.0,"key":"REST"},{"floor":24.0,"key":"REST"},{"data":"Catalyst","floor":30.0,"key":"SMITH"},{"data":"Well Laid Plans","floor":32.0,"key":"SMITH"},{"data":"Noxious Fumes","floor":40,"key":"SMITH"},{"floor":44,"key":"REST"},{"data":"Malaise","floor":49,"key":"SMITH"}],"neow_cost":"NONE","seed_source_timestamp":67756594857699,"circlet_count":0,"master_deck":["AscendersBane","Survivor","Neutralize+1","Poisoned Stab","Blur","Quick Slash","Underhanded Strike","Acrobatics","Flying Knee","Dagger Spray","Heel Hook","Malaise+1","Catalyst+1","PiercingWail","Dash","Dash","Backflip","Deadly Poison","Dodge and Roll+1","Prepared+1","Corpse Explosion+1","Deflect+1","Well Laid Plans+1","Cloak And Dagger+1","PiercingWail+1","Backflip+1","Noxious Fumes+1","Noxious Fumes","Dodge and Roll+1","Dodge and Roll+1","Ghostly+1","Ghostly+1","Ghostly+1","Corpse Explosion+1","Catalyst+1","Malaise+1","Backflip+1","Adrenaline+1","Backflip+1","Dodge and Roll+1","PiercingWail+1","Backflip+1"],"special_seed":0,"relics":["Pandora\u0027s Box","Calipers","Old Coin","Toxic Egg 2","Lantern","Philosopher\u0027s Stone","Snake Skull","Red Mask","Bottled Tornado","StoneCalendar","Runic Pyramid","Incense Burner","Potion Belt","Centennial Puzzle"],"potions_floor_usage":[37,51],"damage_taken":[{"damage":11.0,"enemies":"2 Louse","floor":1.0,"turns":3.0},{"damage":0.0,"enemies":"Cultist","floor":4.0,"turns":3.0},{"damage":4.0,"enemies":"Jaw Worm","floor":5.0,"turns":2.0},{"damage":20.0,"enemies":"3 Sentries","floor":7.0,"turns":8.0},{"damage":11.0,"enemies":"Exordium Thugs","floor":8.0,"turns":5.0},{"damage":10.0,"enemies":"Lagavulin","floor":11.0,"turns":7.0},{"damage":0.0,"enemies":"2 Fungi Beasts","floor":12.0,"turns":3.0},{"damage":14.0,"enemies":"3 Louse","floor":13.0,"turns":3.0},{"damage":11.0,"enemies":"Hexaghost","floor":16.0,"turns":11.0},{"damage":0.0,"enemies":"3 Byrds","floor":18.0,"turns":2.0},{"damage":2.0,"enemies":"2 Thieves","floor":21.0,"turns":3.0},{"damage":12.0,"enemies":"Slavers","floor":23.0,"turns":3.0},{"damage":0.0,"enemies":"Masked Bandits","floor":25.0,"turns":2.0},{"damage":2.0,"enemies":"Snecko","floor":27.0,"turns":6.0},{"damage":0.0,"enemies":"Book of Stabbing","floor":29.0,"turns":7.0},{"damage":8.0,"enemies":"Champ","floor":33.0,"turns":10.0},{"damage":4.0,"enemies":"3 Darklings","floor":35.0,"turns":3.0},{"damage":0,"enemies":"3 Shapes","floor":37,"turns":3},{"damage":1,"enemies":"Writhing Mass","floor":38,"turns":5},{"damage":2,"enemies":"Reptomancer","floor":41,"turns":4},{"damage":0,"enemies":"Maw","floor":42,"turns":4},{"damage":0,"enemies":"3 Darklings","floor":46,"turns":3},{"damage":1,"enemies":"Nemesis","floor":47,"turns":5},{"damage":0,"enemies":"Writhing Mass","floor":48,"turns":5},{"damage":0,"enemies":"Time Eater","floor":50,"turns":10},{"damage":12,"enemies":"Awakened One","floor":51,"turns":13}],"seed_played":"-601216414968083336","potions_obtained":[{"floor":1.0,"key":"Strength Potion"},{"floor":4.0,"key":"LiquidBronze"},{"floor":11.0,"key":"Energy Potion"},{"floor":13.0,"key":"PowerPotion"},{"floor":18.0,"key":"SkillPotion"},{"floor":27.0,"key":"GhostInAJar"},{"floor":42,"key":"Poison Potion"},{"floor":47,"key":"GamblersBrew"}],"is_trial":false,"path_per_floor":["M","?","$","M","M","R","E","M","T","R","E","M","M","$","R","B",null,"M","?","$","M","$","E","R","?","T","M","?","E","R","$","R","B",null,"M","?","M","M","$","R","E","M","T","R","?","M","E","M","R","B","B",null],"character_chosen":"THE_SILENT","items_purchased":["Catalyst","PiercingWail","Lantern","Well Laid Plans","Cloak And Dagger+1","Backflip+1","Noxious Fumes","Catalyst+1","Adrenaline+1"],"campfire_rested":4,"item_purchase_floors":[3,3,14,20,20,22,22,31,39],"current_hp_per_floor":[48,48,48,48,44,44,24,13,13,32,22,22,8,8,27,16,54,54,48,48,46,46,34,53,53,53,51,33,33,33,33,33,25,31,27,27,27,26,26,26,24,24,24,31,31,31,30,30,30,30,18],"gold":397,"neow_bonus":"BOSS_RELIC","is_prod":false,"is_daily":false,"chose_seed":false,"campfire_upgraded":5,"win_rate":0,"timestamp":1544589348,"path_taken":["M","?","$","M","M","R","E","M","T","R","E","M","?","?","R","BOSS","M","?","?","M","$","E","R","?","T","M","?","E","R","$","R","BOSS","M","?","M","M","$","R","E","M","T","R","?","M","E","M","R","BOSS","BOSS"],"build_version":"2018-11-15","purchased_purges":1,"victory":true,"max_hp_per_floor":[66,66,66,66,66,66,66,66,66,66,66,66,66,66,66,66,66,66,66,66,66,66,66,66,66,66,66,33,33,33,33,33,33,33,33,31,31,31,31,31,31,31,31,31,31,31,31,31,31,31,31],"card_choices":[{"not_picked":["Expertise","Distraction","Outmaneuver"],"picked":"SKIP","floor":1.0},{"not_picked":["Cloak And Dagger","Concentrate"],"picked":"Dash","floor":4.0},{"not_picked":["Poisoned Stab","Blade Dance"],"picked":"Dash","floor":5.0},{"not_picked":["Acrobatics","Poisoned Stab"],"picked":"Backflip","floor":7.0},{"not_picked":["Flying Knee","Infinite Blades"],"picked":"Deadly Poison","floor":8.0},{"not_picked":["Tools of the Trade","Skewer"],"picked":"Dodge and Roll","floor":11.0},{"not_picked":["Bane","Predator"],"picked":"Prepared+1","floor":12.0},{"not_picked":["Acrobatics+1","Bane","Slice"],"picked":"SKIP","floor":13.0},{"not_picked":["After Image","Phantasmal Killer+1"],"picked":"Corpse Explosion+1","floor":16.0},{"not_picked":["Outmaneuver+1","Terror+1"],"picked":"Deflect+1","floor":18.0},{"not_picked":["Outmaneuver+1","Tactician+1"],"picked":"PiercingWail+1","floor":21.0},{"not_picked":["Flying Knee","Well Laid Plans"],"picked":"Noxious Fumes","floor":23.0},{"not_picked":["Accuracy","Dagger Throw+1"],"picked":"Dodge and Roll+1","floor":25.0},{"not_picked":["Flying Knee","Skewer"],"picked":"Dodge and Roll+1","floor":27.0},{"not_picked":["Prepared+1","Calculated Gamble+1"],"picked":"Corpse Explosion+1","floor":29.0},{"not_picked":["Phantasmal Killer+1","Storm of Steel+1"],"picked":"Malaise+1","floor":33.0},{"not_picked":["Blade Dance+1","Deadly Poison+1","Backstab"],"picked":"SKIP","floor":35.0},{"not_picked":["Underhanded Strike","Well Laid Plans"],"picked":"Backflip+1","floor":37},{"not_picked":["Endless Agony","Outmaneuver+1","Deadly Poison+1"],"picked":"SKIP","floor":38},{"not_picked":["Skewer","Prepared+1"],"picked":"Backflip+1","floor":41},{"not_picked":["Reflex+1","Poisoned Stab+1","Outmaneuver+1"],"picked":"SKIP","floor":42},{"not_picked":["Distraction+1","Blade Dance+1"],"picked":"Dodge and Roll+1","floor":46},{"not_picked":["Dash","Slice"],"picked":"PiercingWail+1","floor":47},{"not_picked":["PiercingWail+1","Deflect+1"],"picked":"Backflip+1","floor":48}],"player_experience":1805925,"relics_obtained":[{"floor":7.0,"key":"Calipers"},{"floor":9.0,"key":"Old Coin"},{"floor":11.0,"key":"Toxic Egg 2"},{"floor":23.0,"key":"Snake Skull"},{"floor":25.0,"key":"Red Mask"},{"floor":26.0,"key":"Bottled Tornado"},{"floor":29.0,"key":"StoneCalendar"},{"floor":41,"key":"Incense Burner"},{"floor":43,"key":"Potion Belt"},{"floor":47,"key":"Centennial Puzzle"}],"event_choices":[{"damage_healed":0.0,"max_hp_gain":0.0,"max_hp_loss":0.0,"gold_gain":0.0,"cards_transformed":["Outmaneuver"],"event_name":"Transmorgrifier","player_choice":"Transformed","floor":2.0,"gold_loss":0.0,"damage_taken":0.0,"cards_obtained":["Malaise"]},{"damage_healed":0.0,"max_hp_gain":0.0,"max_hp_loss":0.0,"gold_gain":0.0,"event_name":"Knowing Skull","player_choice":"","floor":19.0,"potions_obtained":[],"gold_loss":0.0,"damage_taken":6.0,"cards_obtained":[]},{"damage_healed":0.0,"max_hp_gain":0.0,"max_hp_loss":0.0,"gold_gain":0.0,"event_name":"Masked Bandits","player_choice":"Fought Bandits","floor":25.0,"gold_loss":0.0,"damage_taken":0.0},{"damage_healed":0.0,"max_hp_gain":0.0,"max_hp_loss":33.0,"gold_gain":0.0,"event_name":"Ghosts","player_choice":"Became a Ghost","floor":28.0,"gold_loss":0.0,"damage_taken":0.0,"cards_obtained":["Ghostly","Ghostly","Ghostly"]},{"damage_healed":0.0,"max_hp_gain":0.0,"max_hp_loss":2.0,"gold_gain":0.0,"event_name":"Winding Halls","player_choice":"Max HP","floor":36.0,"gold_loss":0.0,"damage_taken":0.0},{"damage_healed":0,"gold_gain":222,"player_choice":"Wore Mask","damage_taken":0,"max_hp_gain":0,"max_hp_loss":0,"event_name":"Tomb of Lord Red Mask","floor":45,"gold_loss":0}],"is_beta":true,"boss_relics":[{"not_picked":["Busted Crown","Coffee Dripper"],"picked":"Philosopher\u0027s Stone"},{"not_picked":["Orrery","Tiny House"],"picked":"Runic Pyramid"}],"items_purged_floors":[14],"is_endless":false,"potions_floor_spawned":[1,4,8,11,13,18,27,35,42,47],"ascension_level":20}