{"gold_per_floor":[110,70,70,12,28,28,41,69,69,69,34,50,84,31,31,103,103,123,7,7,17,17,17,27,40,64,64,64,64,83,113,113,191,191,207,207,207,307,307,307,325,325,325,0,18,36,49,62,62,62,62],"floor_reached":52,"playtime":4239,"items_purged":[],"score":1760,"play_id":"9eb74427-2612-4b08-a95f-1dd91187b6fc","local_time":"20181103052007","is_ascension_mode":true,"campfire_choices":[{"data":"Deadly Poison","floor":6.0,"key":"SMITH"},{"floor":10.0,"key":"REST"},{"floor":15.0,"key":"REST"},{"floor":23.0,"key":"DIG"},{"floor":27.0,"key":"DIG"},{"floor":29.0,"key":"REST"},{"floor":32.0,"key":"REST"},{"floor":40,"key":"DIG"},{"floor":42,"key":"DIG"},{"floor":49,"key":"REST"}],"neow_cost":"NONE","seed_source_timestamp":121026585694200,"circlet_count":0,"master_deck":["AscendersBane","Defend_G","Defend_G","Defend_G","Defend_G","Defend_G","Strike_G","Strike_G","Strike_G","Survivor","Neutralize+1","Sucker Punch","Infinite Blades","Deadly Poison+1","Bane","Flying Knee","Blur","Venomology","Well Laid Plans","Die Die Die","Backflip","Blade Dance","Endless Agony+1","Cloak And Dagger","Wraith Form v2+1"],"special_seed":0,"relics":["Empty Cage","StoneCalendar","Dead Branch","Shovel","Busted Crown","Sundial","Art of War","Potion Belt","Bag of Preparation","White Beast Statue","Incense Burner","Bottled Lightning","Letter Opener","Blue Candle","Red Mask"],"potions_floor_usage":[38,41,41,45,45,46,47,48,48,50,50,51],"damage_taken":[{"damage":18.0,"enemies":"Cultist","floor":1.0,"turns":8.0},{"damage":4.0,"enemies":"Small Slimes","floor":5.0,"turns":4.0},{"damage":8.0,"enemies":"2 Louse","floor":7.0,"turns":3.0},{"damage":27.0,"enemies":"3 Sentries","floor":8.0,"turns":11.0},{"damage":0.0,"enemies":"Large Slime","floor":12.0,"turns":7.0},{"damage":22.0,"enemies":"Gremlin Nob","floor":13.0,"turns":4.0},{"damage":9.0,"enemies":"Slime Boss","floor":16.0,"turns":7.0},{"damage":0.0,"enemies":"3 Byrds","floor":18.0,"turns":4.0},{"damage":11.0,"enemies":"2 Thieves","floor":21.0,"turns":5.0},{"damage":15.0,"enemies":"Sentry and Sphere","floor":24.0,"turns":5.0},{"damage":5.0,"enemies":"Centurion and Healer","floor":25.0,"turns":4.0},{"damage":5.0,"enemies":"3 Cultists","floor":30.0,"turns":5.0},{"damage":7.0,"enemies":"Slavers","floor":31.0,"turns":5.0},{"damage":47.0,"enemies":"Automaton","floor":33.0,"turns":14.0},{"damage":6.0,"enemies":"Orb Walker","floor":35.0,"turns":4.0},{"damage":7,"enemies":"Mind Bloom Boss Battle","floor":38,"turns":7},{"damage":9,"enemies":"3 Darklings","floor":41,"turns":7},{"damage":12,"enemies":"Sphere and 2 Shapes","floor":45,"turns":5},{"damage":2,"enemies":"Jaw Worm Horde","floor":46,"turns":4},{"damage":8,"enemies":"Maw","floor":47,"turns":6},{"damage":0,"enemies":"4 Shapes","floor":48,"turns":7},{"damage":24,"enemies":"Donu and Deca","floor":50,"turns":16},{"damage":44,"enemies":"Time Eater","floor":51,"turns":13}],"seed_played":"-1379592745687877300","potions_obtained":[{"floor":5.0,"key":"EssenceOfSteel"},{"floor":13.0,"key":"Explosive Potion"},{"floor":16.0,"key":"LiquidBronze"},{"floor":31.0,"key":"Explosive Potion"},{"floor":33.0,"key":"LiquidBronze"},{"floor":35.0,"key":"Regen Potion"},{"floor":38,"key":"Block Potion"},{"floor":41,"key":"SteroidPotion"},{"floor":45,"key":"Dexterity Potion"},{"floor":48,"key":"GamblersBrew"}],"is_trial":false,"path_per_floor":["M","$","?","$","M","R","M","E","T","R","?","M","E","?","R","B",null,"M","$","?","M","?","R","M","M","T","R","?","R","M","E","R","B",null,"M","?","?","?","?","R","M","R","T","?","M","M","M","M","R","B","B",null],"character_chosen":"THE_SILENT","items_purchased":["Infinite Blades","Deadly Poison","Backflip","Blade Dance"],"campfire_rested":5,"item_purchase_floors":[2,4,19,19],"current_hp_per_floor":[41,41,41,41,37,37,29,2,2,21,37,37,15,15,34,25,56,56,56,56,45,45,45,30,25,25,25,25,44,39,32,51,4,51,45,45,45,53,53,53,44,44,44,44,32,30,22,36,54,30,6],"gold":62,"neow_bonus":"BOSS_RELIC","is_prod":false,"is_daily":false,"chose_seed":false,"campfire_upgraded":1,"win_rate":0,"timestamp":1541236807,"path_taken":["M","?","?","$","M","R","M","E","T","R","?","M","E","?","R","BOSS","M","$","?","M","?","R","M","M","T","R","?","R","M","E","R","BOSS","M","?","?","?","?","R","?","R","T","?","M","M","M","M","R","BOSS","BOSS"],"build_version":"2018-11-01","purchased_purges":0,"victory":true,"max_hp_per_floor":[66,66,66,66,66,66,66,66,66,66,66,66,66,66,66,66,66,66,66,66,66,66,66,66,66,66,66,66,66,66,66,66,66,66,66,63,63,63,63,63,63,63,63,63,63,63,63,63,63,63,63],"card_choices":[{"not_picked":["Acrobatics","Deadly Poison"],"picked":"Sucker Punch","floor":1.0},{"not_picked":["Terror","Deflect"],"picked":"Bane","floor":5.0},{"not_picked":["Bouncing Flask","Quick Slash"],"picked":"Flying Knee","floor":7.0},{"not_picked":["Deadly Poison","Caltrops"],"picked":"Blur","floor":8.0},{"not_picked":["Prepared","Dodge and Roll"],"picked":"Venomology","floor":12.0},{"not_picked":["Riddle With Holes","All Out Attack"],"picked":"Well Laid Plans","floor":13.0},{"not_picked":["Bullet Time","Storm of Steel"],"picked":"Die Die Die","floor":16.0},{"not_picked":["Tactician"],"picked":"SKIP","floor":18.0},{"not_picked":[],"picked":"Endless Agony+1","floor":21.0},{"not_picked":[],"picked":"Cloak And Dagger","floor":24.0},{"not_picked":["Deadly Poison"],"picked":"SKIP","floor":25.0},{"not_picked":["Underhanded Strike"],"picked":"SKIP","floor":30.0},{"not_picked":["Prepared"],"picked":"SKIP","floor":31.0},{"not_picked":[],"picked":"Wraith Form v2","floor":33.0},{"not_picked":["Predator"],"picked":"SKIP","floor":35.0},{"not_picked":["Setup"],"picked":"SKIP","floor":41},{"not_picked":["Dodge and Roll"],"picked":"SKIP","floor":45},{"not_picked":["Skewer"],"picked":"SKIP","floor":46},{"not_picked":["Riddle With Holes"],"picked":"SKIP","floor":47},{"not_picked":["Deflect+1"],"picked":"SKIP","floor":48}],"player_experience":1610766,"relics_obtained":[{"floor":8.0,"key":"StoneCalendar"},{"floor":9.0,"key":"Dead Branch"},{"floor":13.0,"key":"Shovel"},{"floor":23.0,"key":"Sundial"},{"floor":26.0,"key":"Art of War"},{"floor":27.0,"key":"Potion Belt"},{"floor":31.0,"key":"Bag of Preparation"},{"floor":38,"key":"Incense Burner"},{"floor":40,"key":"Bottled Lightning"},{"floor":42,"key":"Letter Opener"},{"floor":43,"key":"Blue Candle"}],"event_choices":[{"damage_healed":0.0,"max_hp_gain":0.0,"max_hp_loss":0.0,"gold_gain":0.0,"event_name":"Living Wall","player_choice":"Grow","floor":3.0,"gold_loss":0.0,"damage_taken":0.0,"cards_upgraded":["Neutralize"]},{"damage_healed":16.0,"max_hp_gain":0.0,"max_hp_loss":0.0,"gold_gain":0.0,"event_name":"The Cleric","player_choice":"Healed","floor":11.0,"gold_loss":35.0,"damage_taken":0.0},{"damage_healed":0.0,"max_hp_gain":0.0,"max_hp_loss":0.0,"gold_gain":0.0,"event_name":"World of Goop","player_choice":"Left Gold","floor":14.0,"gold_loss":53.0,"damage_taken":0.0},{"damage_healed":0.0,"max_hp_gain":0.0,"max_hp_loss":0.0,"gold_gain":0.0,"event_name":"Beggar","player_choice":"Ignored","floor":20.0,"gold_loss":0.0,"damage_taken":0.0},{"damage_healed":0.0,"max_hp_gain":0.0,"max_hp_loss":0.0,"gold_gain":0.0,"event_name":"The Mausoleum","player_choice":"Ignored","floor":22.0,"gold_loss":0.0,"damage_taken":0.0},{"damage_healed":0.0,"max_hp_gain":0.0,"max_hp_loss":0.0,"gold_gain":0.0,"event_name":"Vampires","player_choice":"Ignored","floor":28.0,"gold_loss":0.0,"damage_taken":0.0},{"damage_healed":0.0,"max_hp_gain":0.0,"max_hp_loss":3.0,"gold_gain":0.0,"event_name":"Winding Halls","player_choice":"Max HP","floor":36.0,"gold_loss":0.0,"damage_taken":0.0},{"damage_healed":0,"gold_gain":0,"player_choice":"Ignored","damage_taken":0,"max_hp_gain":0,"max_hp_loss":0,"event_name":"Mysterious Sphere","floor":37,"gold_loss":0},{"damage_healed":0,"gold_gain":0,"player_choice":"Fight","damage_taken":0,"max_hp_gain":0,"max_hp_loss":0,"event_name":"MindBloom","floor":38,"gold_loss":0},{"damage_healed":0,"gold_gain":0,"player_choice":"Forge","damage_taken":0,"max_hp_gain":0,"max_hp_loss":0,"event_name":"Accursed Blacksmith","floor":39,"gold_loss":0,"cards_upgraded":["Wraith Form v2"]},{"damage_healed":0,"gold_gain":0,"player_choice":"Paid","damage_taken":0,"relics_obtained":["Red Mask"],"max_hp_gain":0,"max_hp_loss":0,"event_name":"Tomb of Lord Red Mask","floor":44,"gold_loss":325}],"is_beta":true,"boss_relics":[{"not_picked":["Astrolabe","Runic Pyramid"],"picked":"Busted Crown"},{"not_picked":["Black Star","HoveringKite"],"picked":"White Beast Statue"}],"items_purged_floors":[],"is_endless":false,"potions_floor_spawned":[5,13,16,24,31,33,35,38,41,45,46,47,48],"ascension_level":20}