{"gold_per_floor":[110,72,72,85,85,116,116,142,218,235,410,46,80,97,97,201,201,219,189,189,201,218,218,318,335,403,418,45,56,81,81,81,181,181,201,201,151,201,301,331,347,347,372,372,372],"floor_reached":45,"playtime":1942,"items_purged":["Doubt","Strike_B","Defend_B"],"score":844,"play_id":"91b66d4e-e38a-4487-b354-f5afa037178a","local_time":"20181217175458","is_ascension_mode":true,"campfire_choices":[{"data":"Strike_B","floor":7,"key":"SMITH"},{"data":"Beam Cell","floor":15,"key":"SMITH"},{"data":"Streamline","floor":23,"key":"SMITH"},{"floor":32,"key":"REST"},{"data":"Streamline","floor":42,"key":"SMITH"},{"data":"Buffer","floor":44,"key":"SMITH"}],"neow_cost":"NONE","seed_source_timestamp":268179560483064,"circlet_count":0,"master_deck":["AscendersBane","Strike_B","Strike_B","Strike_B+1","Defend_B","Defend_B","Zap+1","Dualcast","Beam Cell","Scrape","Gash","Streamline+1","Leap+1","Beam Cell+1","Streamline+1","Rebound","Gash","Conserve Battery+1","Gash","Stack+1","Go for the Eyes+1","Steam+1","Buffer+1","Go for the Eyes+1","Sweeping Beam+1","Gash+1","Melter+1","Melter+1","Steam Power+1"],"relics":["FrozenCore","NeowsBlessing","Potion Belt","Toxic Egg 2","Meat on the Bone","Ornamental Fan","Unceasing Top","Nuclear Battery","Prayer Wheel","Sundial","Molten Egg 2","Pen Nib","Tiny Chest","Smiling Mask","Thread and Needle","Peace Pipe","Anchor"],"potions_floor_usage":[13,13,24,24,24,30,39,45,45],"damage_taken":[{"damage":0,"enemies":"Small Slimes","floor":1,"turns":1},{"damage":0,"enemies":"2 Louse","floor":4,"turns":1},{"damage":0,"enemies":"Gremlin Nob","floor":6,"turns":1},{"damage":55,"enemies":"3 Sentries","floor":8,"turns":10},{"damage":0,"enemies":"Cultist","floor":10,"turns":3},{"damage":10,"enemies":"Gremlin Nob","floor":13,"turns":3},{"damage":0,"enemies":"2 Fungi Beasts","floor":14,"turns":3},{"damage":26,"enemies":"Hexaghost","floor":16,"turns":9},{"damage":9,"enemies":"Spheric Guardian","floor":18,"turns":4},{"damage":10,"enemies":"3 Byrds","floor":21,"turns":5},{"damage":16,"enemies":"Cultist and Chosen","floor":22,"turns":6},{"damage":10,"enemies":"Colosseum Slavers","floor":24,"turns":4},{"damage":33,"enemies":"Colosseum Nobs","floor":24,"turns":4},{"damage":1,"enemies":"3 Cultists","floor":25,"turns":4},{"damage":15,"enemies":"Centurion and Healer","floor":27,"turns":4},{"damage":22,"enemies":"Cultist and Chosen","floor":29,"turns":6},{"damage":9,"enemies":"Gremlin Leader","floor":30,"turns":5},{"damage":25,"enemies":"Collector","floor":33,"turns":10},{"damage":0,"enemies":"3 Shapes","floor":35,"turns":7},{"damage":21,"enemies":"2 Orb Walkers","floor":38,"turns":7},{"damage":0,"enemies":"Mind Bloom Boss Battle","floor":39,"turns":6},{"damage":0,"enemies":"Nemesis","floor":40,"turns":5},{"damage":0,"enemies":"3 Darklings","floor":41,"turns":5},{"damage":49,"enemies":"Reptomancer","floor":45,"turns":6}],"seed_played":"-5222298182481254173","potions_obtained":[{"floor":1,"key":"GamblersBrew"},{"floor":4,"key":"PowerPotion"},{"floor":14,"key":"EssenceOfSteel"},{"floor":18,"key":"AttackPotion"},{"floor":19,"key":"Energy Potion"},{"floor":19,"key":"Swift Potion"},{"floor":24,"key":"Strength Potion"},{"floor":27,"key":"FearPotion"},{"floor":29,"key":"GamblersBrew"},{"floor":35,"key":"Ancient Potion"},{"floor":41,"key":"Poison Potion"}],"is_trial":false,"path_per_floor":["M","$","?","M","?","E","R","E","T","M","?","$","E","M","R","B",null,"M","?","$","M","M","R","?","M","T","M","$","M","E","?","R","B",null,"M","?","$","?","?","E","M","R","T","R","E"],"character_chosen":"DEFECT","items_purchased":["Scrape","Ornamental Fan","Fire Potion","Pen Nib","Tiny Chest"],"campfire_rested":1,"item_purchase_floors":[2,12,12,28,28],"current_hp_per_floor":[68,68,68,68,73,73,73,18,18,30,30,30,32,44,44,30,68,59,59,59,49,45,45,26,37,37,34,34,24,27,27,51,38,70,70,70,70,49,49,49,49,49,49,49,0],"gold":372,"neow_bonus":"THREE_ENEMY_KILL","is_prod":false,"is_daily":false,"chose_seed":false,"campfire_upgraded":5,"win_rate":0,"timestamp":1545087298,"path_taken":["M","$","?","M","?","E","R","E","T","M","?","$","E","M","R","BOSS","M","?","$","?","M","R","?","M","T","M","$","M","E","?","R","BOSS","M","?","$","?","?","E","M","R","T","R","E"],"build_version":"2018-12-13","purchased_purges":3,"victory":false,"max_hp_per_floor":[75,75,75,75,80,80,80,80,80,80,80,80,80,80,80,80,80,80,80,80,80,80,80,80,80,80,80,80,80,80,80,80,80,80,80,80,80,80,80,80,80,80,80,80,80],"card_choices":[{"not_picked":["Reprogram","Hologram"],"picked":"Beam Cell","floor":1},{"not_picked":["Heatsinks","Consume","Recycle"],"picked":"SKIP","floor":4},{"not_picked":["Turbo","Compile Driver","Stack"],"picked":"SKIP","floor":6},{"not_picked":["Leap","Beam Cell"],"picked":"Gash","floor":8},{"not_picked":["Sweeping Beam","Compile Driver"],"picked":"Streamline","floor":10},{"not_picked":["Redo+1","Rip and Tear"],"picked":"Leap+1","floor":13},{"not_picked":["Skim+1","Thunder Strike"],"picked":"Beam Cell","floor":14},{"not_picked":["Blizzard","Beam Cell"],"picked":"Streamline","floor":18},{"not_picked":["Barrage","Cold Snap"],"picked":"Rebound","floor":21},{"not_picked":["Rebound","Self Repair+1"],"picked":"Gash","floor":22},{"not_picked":["Redo+1","Rainbow+1"],"picked":"Conserve Battery+1","floor":24},{"not_picked":["Skim+1","Turbo+1"],"picked":"Gash","floor":25},{"not_picked":["Barrage","Aggregate+1","BootSequence+1"],"picked":"SKIP","floor":25},{"not_picked":["Turbo+1","Multi-Cast+1"],"picked":"Stack+1","floor":27},{"not_picked":["Streamline+1","Conserve Battery+1"],"picked":"Go for the Eyes+1","floor":27},{"not_picked":["Stack+1","Creative AI","Reinforced Body+1"],"picked":"SKIP","floor":29},{"not_picked":["Hologram+1","Barrage+1","Streamline+1"],"picked":"SKIP","floor":29},{"not_picked":["Blizzard+1","Defragment","Rainbow+1"],"picked":"SKIP","floor":30},{"not_picked":["Meteor Strike+1","Rainbow+1"],"picked":"Buffer","floor":33},{"not_picked":["Chaos+1","Ball Lightning+1"],"picked":"Go for the Eyes+1","floor":35},{"not_picked":["Barrage+1","Lockon+1","Sunder+1"],"picked":"SKIP","floor":35},{"not_picked":["Sunder+1","Redo+1"],"picked":"Sweeping Beam+1","floor":38},{"not_picked":["Stack+1","Heatsinks+1"],"picked":"Gash+1","floor":39},{"not_picked":["Sweeping Beam+1","Streamline+1"],"picked":"Melter+1","floor":40},{"not_picked":["Cold Snap+1","Compile Driver+1"],"picked":"Melter+1","floor":41},{"not_picked":["Tempest+1","Hologram+1"],"picked":"Steam Power+1","floor":41}],"player_experience":362629,"relics_obtained":[{"floor":6,"key":"Potion Belt"},{"floor":8,"key":"Toxic Egg 2"},{"floor":9,"key":"Meat on the Bone"},{"floor":13,"key":"Unceasing Top"},{"floor":24,"key":"Prayer Wheel"},{"floor":24,"key":"Sundial"},{"floor":26,"key":"Molten Egg 2"},{"floor":30,"key":"Smiling Mask"},{"floor":38,"key":"Thread and Needle"},{"floor":39,"key":"Peace Pipe"},{"floor":40,"key":"Anchor"}],"event_choices":[{"damage_healed":0,"gold_gain":0,"player_choice":"Grow","damage_taken":0,"max_hp_gain":0,"max_hp_loss":0,"event_name":"Living Wall","floor":3,"gold_loss":0,"cards_upgraded":["Zap"]},{"damage_healed":0,"gold_gain":0,"player_choice":"Donut","damage_taken":0,"max_hp_gain":5,"max_hp_loss":0,"event_name":"Big Fish","floor":5,"gold_loss":0},{"damage_healed":0,"gold_gain":175,"player_choice":"AGREE","damage_taken":0,"max_hp_gain":0,"max_hp_loss":0,"event_name":"Liars Game","floor":11,"gold_loss":0,"cards_obtained":["Doubt"]},{"damage_healed":0,"gold_gain":0,"player_choice":"Bought 2 Potions","damage_taken":0,"max_hp_gain":0,"max_hp_loss":0,"event_name":"The Woman in Blue","floor":19,"gold_loss":0},{"damage_healed":0,"gold_gain":0,"player_choice":"Fight","damage_taken":0,"max_hp_gain":0,"max_hp_loss":0,"event_name":"Colosseum","floor":24,"gold_loss":0},{"damage_healed":0,"gold_gain":0,"player_choice":"Fought Nobs","damage_taken":0,"max_hp_gain":0,"max_hp_loss":0,"event_name":"Colosseum","floor":24,"gold_loss":0},{"damage_healed":0,"gold_gain":0,"player_choice":"Read","damage_taken":0,"max_hp_gain":0,"max_hp_loss":0,"event_name":"The Library","floor":31,"gold_loss":0,"cards_obtained":["Steam"]},{"cards_removed":["Defend_B"],"damage_healed":0,"gold_gain":0,"player_choice":"Removed Skill","damage_taken":0,"max_hp_gain":0,"max_hp_loss":0,"event_name":"Falling","floor":36,"gold_loss":0},{"damage_healed":0,"gold_gain":0,"player_choice":"Fight","damage_taken":0,"max_hp_gain":0,"max_hp_loss":0,"event_name":"Mysterious Sphere","floor":38,"gold_loss":0},{"damage_healed":0,"gold_gain":0,"player_choice":"Fight","damage_taken":0,"max_hp_gain":0,"max_hp_loss":0,"event_name":"MindBloom","floor":39,"gold_loss":0}],"is_beta":false,"boss_relics":[{"not_picked":["Coffee Dripper","Ectoplasm"],"picked":"Nuclear Battery"},{"not_picked":["Calling Bell","Inserter"],"picked":"FrozenCore"}],"items_purged_floors":[12,28,37],"is_endless":false,"potions_floor_spawned":[1,4,14,18,22,24,27,29,35,41],"killed_by":"Reptomancer","ascension_level":10}