{"gold_per_floor":[114,114,132,150,167,167,197,197,197,217,217,20,38,71,71,167,167,180,80,80,95,107,107,122,122,122,151,151,180,198,210,210,210],"floor_reached":33,"playtime":2126,"items_purged":["Strike_G","Strike_G"],"score":354,"play_id":"afdeffd5-41f5-49c3-afcd-b876f4d20f03","local_time":"20181018234759","is_ascension_mode":true,"campfire_choices":[{"data":"Backflip","floor":6,"key":"SMITH"},{"data":"Poisoned Stab","floor":11,"key":"SMITH"},{"floor":15,"key":"REST"},{"data":"Noxious Fumes","floor":23,"key":"SMITH"},{"data":"Outmaneuver","floor":25,"key":"SMITH"},{"data":"Prepared","floor":28,"key":"SMITH"},{"floor":32,"key":"REST"}],"neow_cost":"TEN_PERCENT_HP_LOSS","seed_source_timestamp":770666001961088,"circlet_count":0,"master_deck":["Defend_G","Defend_G","Defend_G","Defend_G","Strike_G","Strike_G+1","Survivor","Neutralize+1","Acrobatics","Dagger Throw","Flying Knee","Backflip+1","Poisoned Stab+1","Flying Knee","Noxious Fumes+1","Quick Slash+1","Flying Knee","Crippling Poison","Corpse Explosion","Dodge and Roll","Ghostly","Ghostly","Ghostly","Ghostly","Ghostly","Backflip","Outmaneuver+1","Dagger Throw","Decay","Prepared+1","PiercingWail","PiercingWail","Outmaneuver"],"relics":["Ring of the Snake","Ancient Tea Set","Art of War","Sundial","Cursed Key","Lantern","Whetstone","Frozen Egg 2"],"potions_floor_usage":[14,14,16,22,27,30,33,33],"damage_taken":[{"damage":2,"enemies":"2 Louse","floor":1,"turns":3},{"damage":0,"enemies":"Cultist","floor":3,"turns":3},{"damage":0,"enemies":"Small Slimes","floor":4,"turns":3},{"damage":4,"enemies":"Exordium Thugs","floor":5,"turns":7},{"damage":20,"enemies":"Gremlin Nob","floor":7,"turns":5},{"damage":4,"enemies":"Exordium Wildlife","floor":10,"turns":3},{"damage":5,"enemies":"Large Slime","floor":13,"turns":5},{"damage":12,"enemies":"3 Sentries","floor":14,"turns":6},{"damage":17,"enemies":"The Guardian","floor":16,"turns":8},{"damage":0,"enemies":"Chosen","floor":18,"turns":4},{"damage":6,"enemies":"Shell Parasite","floor":21,"turns":6},{"damage":2,"enemies":"Shelled Parasite and Fungi","floor":22,"turns":6},{"damage":0,"enemies":"Centurion and Healer","floor":24,"turns":5},{"damage":1,"enemies":"Gremlin Leader","floor":27,"turns":6},{"damage":1,"enemies":"Slavers","floor":29,"turns":3},{"damage":3,"enemies":"Snake Plant","floor":30,"turns":4},{"damage":0,"enemies":"3 Cultists","floor":31,"turns":4},{"damage":39,"enemies":"Collector","floor":33,"turns":7}],"seed_played":"9135114639728858417","potions_obtained":[{"floor":4,"key":"GamblersBrew"},{"floor":10,"key":"Poison Potion"},{"floor":13,"key":"GamblersBrew"},{"floor":16,"key":"Explosive Potion"},{"floor":22,"key":"FearPotion"},{"floor":24,"key":"Ancient Potion"},{"floor":27,"key":"GamblersBrew"},{"floor":29,"key":"Block Potion"}],"is_trial":false,"path_per_floor":["M","?","M","M","M","R","E","?","T","M","R","$","M","E","R","B",null,"M","$","?","M","M","R","M","R","T","E","R","E","M","M","R"],"character_chosen":"THE_SILENT","items_purchased":["Noxious Fumes","Quick Slash"],"campfire_rested":2,"item_purchase_floors":[12,12],"current_hp_per_floor":[61,61,61,61,57,57,37,58,58,54,54,54,49,37,55,38,63,63,63,31,25,23,23,23,23,23,22,22,21,18,18,27,0],"gold":210,"neow_bonus":"REMOVE_TWO","is_prod":false,"is_daily":false,"chose_seed":false,"campfire_upgraded":5,"win_rate":0,"timestamp":1539920879,"path_taken":["M","?","M","M","M","R","E","?","T","M","R","$","M","E","R","BOSS","M","$","?","M","M","R","M","R","T","E","R","E","?","M","R","BOSS"],"build_version":"2018-10-18","purchased_purges":2,"victory":false,"max_hp_per_floor":[63,63,63,63,63,63,63,63,63,63,63,63,63,63,63,63,63,63,63,31,31,31,31,31,31,31,31,31,31,31,31,31,31],"card_choices":[{"not_picked":["Underhanded Strike","Sucker Punch"],"picked":"Acrobatics","floor":1},{"not_picked":["Quick Slash","Dodge and Roll"],"picked":"Dagger Throw","floor":3},{"not_picked":["Dagger Spray","Bane"],"picked":"Flying Knee","floor":4},{"not_picked":["Slice","Endless Agony"],"picked":"Backflip","floor":5},{"not_picked":["Dodge and Roll","Envenom"],"picked":"Poisoned Stab","floor":7},{"not_picked":["Dodge and Roll","Accuracy"],"picked":"Flying Knee","floor":10},{"not_picked":["Acrobatics","Riddle With Holes"],"picked":"Flying Knee","floor":13},{"not_picked":["Dagger Spray","Quick Slash"],"picked":"Crippling Poison","floor":14},{"not_picked":["A Thousand Cuts","Malaise"],"picked":"Corpse Explosion","floor":16},{"not_picked":["PiercingWail","Deflect"],"picked":"Dodge and Roll","floor":18},{"not_picked":["Sucker Punch+1","Dagger Throw"],"picked":"Backflip","floor":21},{"not_picked":["Skewer","Well Laid Plans"],"picked":"Outmaneuver","floor":22},{"not_picked":["Dash","Dodge and Roll"],"picked":"Dagger Throw","floor":24},{"not_picked":["Predator","Slice"],"picked":"Prepared","floor":27},{"not_picked":["Venomology","Dagger Throw"],"picked":"PiercingWail","floor":29},{"not_picked":["Heel Hook+1","Dagger Throw"],"picked":"PiercingWail","floor":30},{"not_picked":["Dash","Finisher"],"picked":"Outmaneuver","floor":31}],"player_experience":324295,"relics_obtained":[{"floor":7,"key":"Ancient Tea Set"},{"floor":9,"key":"Art of War"},{"floor":14,"key":"Sundial"},{"floor":26,"key":"Lantern"},{"floor":27,"key":"Whetstone"},{"floor":29,"key":"Frozen Egg 2"}],"event_choices":[{"damage_healed":0,"gold_gain":0,"player_choice":"Upgraded","damage_taken":0,"max_hp_gain":0,"max_hp_loss":0,"event_name":"Upgrade Shrine","floor":2,"gold_loss":0,"cards_upgraded":["Neutralize"]},{"damage_healed":21,"gold_gain":0,"player_choice":"Banana","damage_taken":0,"max_hp_gain":0,"max_hp_loss":0,"event_name":"Big Fish","floor":8,"gold_loss":0},{"damage_healed":0,"gold_gain":0,"player_choice":"Became a Ghost","damage_taken":0,"max_hp_gain":0,"max_hp_loss":32,"event_name":"Ghosts","floor":20,"gold_loss":0,"cards_obtained":["Ghostly","Ghostly","Ghostly","Ghostly","Ghostly"]}],"is_beta":false,"boss_relics":[{"not_picked":["Coffee Dripper","Lizard Tail"],"picked":"Cursed Key"}],"items_purged_floors":[12,19],"is_endless":false,"potions_floor_spawned":[4,10,13,16,22,24,27,29],"killed_by":"Collector","ascension_level":2}