{"gold_per_floor":[114,133,147,222,222,256,270,270,297,297],"floor_reached":10,"playtime":222,"items_purged":[],"score":99,"play_id":"82786f1b-146c-4cfd-9642-39a37cf7632b","local_time":"20181214153959","is_ascension_mode":true,"campfire_choices":[{"data":"Streamline","floor":8,"key":"SMITH"}],"neow_cost":"NONE","seed_source_timestamp":2603852745102,"circlet_count":0,"master_deck":["Strike_B","Strike_B","Strike_B","Defend_B","Defend_B","Defend_B","Defend_B","Zap","Dualcast","Streamline+1","Streamline","Auto Shields","Steam","All For One"],"relics":["Cracked Core","NeowsBlessing","Pen Nib","DataDisk"],"potions_floor_usage":[10],"damage_taken":[{"damage":0,"enemies":"Cultist","floor":1,"turns":1},{"damage":0,"enemies":"Jaw Worm","floor":2,"turns":1},{"damage":0,"enemies":"Small Slimes","floor":3,"turns":1},{"damage":34,"enemies":"3 Sentries","floor":6,"turns":6},{"damage":15,"enemies":"Gremlin Gang","floor":7,"turns":6},{"damage":4,"enemies":"Lagavulin","floor":10,"turns":3}],"seed_played":"6395318307418095681","potions_obtained":[{"floor":6,"key":"FocusPotion"}],"is_trial":false,"path_per_floor":["M","M","M","?","?","E","M","R","T","E"],"character_chosen":"DEFECT","items_purchased":[],"campfire_rested":0,"item_purchase_floors":[],"current_hp_per_floor":[68,68,68,57,57,23,8,8,8,4],"gold":297,"neow_bonus":"THREE_ENEMY_KILL","is_prod":false,"is_daily":false,"chose_seed":false,"campfire_upgraded":1,"win_rate":0,"timestamp":1544819999,"path_taken":["M","M","?","?","?","E","M","R","T","E"],"build_version":"2018-12-13","purchased_purges":0,"victory":false,"max_hp_per_floor":[75,75,75,75,75,75,75,75,75,75],"card_choices":[{"not_picked":["Leap","Compile Driver"],"picked":"Streamline","floor":1},{"not_picked":["Conserve Battery","Stack"],"picked":"Streamline","floor":2},{"not_picked":["Coolheaded","Multi-Cast"],"picked":"Auto Shields","floor":3},{"not_picked":["Force Field","Streamline"],"picked":"Steam","floor":6},{"not_picked":["Conserve Battery","Redo"],"picked":"All For One","floor":7}],"player_experience":335173,"relics_obtained":[{"floor":6,"key":"Pen Nib"},{"floor":9,"key":"DataDisk"}],"event_choices":[{"damage_healed":0,"gold_gain":75,"player_choice":"Gather Gold","damage_taken":11,"max_hp_gain":0,"max_hp_loss":0,"event_name":"World of Goop","floor":4,"gold_loss":0},{"cards_removed":["Strike_B"],"damage_healed":0,"gold_gain":0,"player_choice":"Offered Basic","damage_taken":0,"max_hp_gain":0,"max_hp_loss":0,"event_name":"Bonfire Elementals","floor":5,"gold_loss":0}],"is_beta":false,"boss_relics":[],"items_purged_floors":[],"is_endless":false,"potions_floor_spawned":[6],"killed_by":"Lagavulin","ascension_level":9}