{"path_per_floor":["M","?","M","M","M","R","M","R","T","M","R","?","R","M","R"],"character_chosen":"DEFECT","items_purchased":[],"gold_per_floor":[18,18,34,51,62,62,77,77,77,96,96,96,96,115,115,115],"floor_reached":16,"campfire_rested":0,"playtime":936,"item_purchase_floors":[],"current_hp_per_floor":[74,74,67,66,66,66,66,66,66,54,54,54,54,42,42,0],"items_purged":[],"gold":115,"score":94,"play_id":"1c73c849-a8ba-4644-a9a5-ae17f71641ea","local_time":"20180521234053","is_prod":false,"is_daily":false,"chose_seed":false,"is_ascension_mode":false,"campfire_upgraded":5,"timestamp":1526913653,"campfire_choices":[{"data":"Fusion","floor":6,"key":"SMITH"},{"data":"Zap","floor":8,"key":"SMITH"},{"data":"Turbo","floor":11,"key":"SMITH"},{"data":"Recycle","floor":13,"key":"SMITH"},{"data":"Redo","floor":15,"key":"SMITH"}],"path_taken":["M","?","?","M","M","R","M","R","T","M","R","?","R","M","R","BOSS"],"build_version":"2018-05-18","seed_source_timestamp":44470990983517,"purchased_purges":0,"victory":false,"master_deck":["Strike_B","Strike_B","Strike_B","Defend_B","Defend_B","Defend_B","Zap+1","Dualcast+1","Turbo+1","White Noise","Reboot","Fusion+1","Recycle+1","Redo+1"],"max_hp_per_floor":[75,75,75,75,75,75,75,75,75,75,75,75,75,75,75,75],"relics":["Cracked Core","Toolbox"],"card_choices":[{"not_picked":["Streamline","Chill"],"picked":"Turbo","floor":1},{"not_picked":["Stack","Rebound"],"picked":"White Noise","floor":3},{"not_picked":["Hologram","Leap"],"picked":"Reboot","floor":4},{"not_picked":["Hologram","Ball Lightning"],"picked":"Fusion","floor":5},{"not_picked":["Cold Snap","Hologram"],"picked":"Recycle","floor":7},{"not_picked":["Cold Snap","Leap"],"picked":"Redo","floor":10},{"not_picked":["Go for the Eyes","Amplify","Sunder"],"picked":"SKIP","floor":14}],"player_experience":169553,"potions_floor_usage":[16],"damage_taken":[{"damage":1,"enemies":"Cultist","floor":1,"turns":3},{"damage":7,"enemies":"Small Slimes","floor":3,"turns":4},{"damage":1,"enemies":"Jaw Worm","floor":4,"turns":3},{"damage":0,"enemies":"Large Slime","floor":5,"turns":3},{"damage":0,"enemies":"Looter","floor":7,"turns":3},{"damage":12,"enemies":"Lots of Slimes","floor":10,"turns":4},{"damage":12,"enemies":"Blue Slaver","floor":14,"turns":3},{"damage":43,"enemies":"The Guardian","floor":16,"turns":7}],"relics_obtained":[{"floor":9,"key":"Toolbox"}],"event_choices":[{"event_name":"The Cleric","player_choice":"Leave","floor":2,"damage_taken":0},{"event_name":"Living Wall","player_choice":"Grow","floor":12,"damage_taken":0}],"boss_relics":[],"items_purged_floors":[],"potions_floor_spawned":[4,5,7,14],"seed_played":"2715210386071948846","killed_by":"The Guardian","ascension_level":0,"potions_obtained":[{"floor":4,"key":"SkillPotion"},{"floor":5,"key":"EntropicBrew"},{"floor":7,"key":"FearPotion"},{"floor":14,"key":"Poison Potion"}],"is_trial":false}