{"gold_per_floor":[110,110,110,185,41,68,68,68,68,68,88,118,118,45,45,141,141,81,81,81,0,0,0,0,0,0,0,0,0,0,0,0,0,0,0,0,0,0,0,0,0,0,0,0,0,0,0,0,0,0,0,0,0,0],"floor_reached":54,"playtime":2913,"items_purged":[],"score":864,"play_id":"96db5106-9f69-4afd-9bbc-f951a8b58dbc","local_time":"20181204174817","is_ascension_mode":true,"campfire_choices":[{"data":"Hello World","floor":8.0,"key":"SMITH"},{"data":"Zap","floor":10.0,"key":"SMITH"},{"data":"Capacitor","floor":15.0,"key":"SMITH"},{"data":"Biased Cognition","floor":23.0,"key":"SMITH"},{"floor":25.0,"key":"REST"},{"floor":28.0,"key":"REST"},{"floor":32.0,"key":"REST"},{"floor":40.0,"key":"RECALL"},{"floor":44,"key":"REST"},{"floor":49,"key":"REST"},{"floor":52,"key":"REST"}],"neow_cost":"NONE","seed_source_timestamp":0,"circlet_count":0,"master_deck":["Strike_B","Strike_B","Strike_B","Defend_B","Defend_B","Defend_B","Zap+1","Dualcast","Beam Cell","Core Surge+1","Go for the Eyes","Coolheaded+1","Ball Lightning","Capacitor+1","Biased Cognition+1","Lockon+1","Melter","Coolheaded+1","Leap+1","Glacier+1","Seek+1","Redo+1","Stack+1","Rainbow+1","Streamline+1","Ball Lightning+1","Self Repair","Glacier+1","Darkness+1","Cold Snap+1","Rebound+1"],"special_seed":0,"relics":["Cracked Core","NeowsBlessing","Lantern","Toxic Egg 2","Pantograph","Unceasing Top","Ectoplasm","Bottled Tornado","Potion Belt","Fusion Hammer","Mercury Hourglass"],"potions_floor_usage":[54,54,54],"damage_taken":[{"damage":0.0,"enemies":"2 Louse","floor":1.0,"turns":1.0},{"damage":0.0,"enemies":"Lagavulin","floor":6.0,"turns":1.0},{"damage":0.0,"enemies":"Small Slimes","floor":11.0,"turns":1.0},{"damage":0.0,"enemies":"3 Sentries","floor":12.0,"turns":2.0},{"damage":28.0,"enemies":"The Guardian","floor":16.0,"turns":9.0},{"damage":25.0,"enemies":"2 Thieves","floor":18.0,"turns":4.0},{"damage":28.0,"enemies":"Shell Parasite","floor":20.0,"turns":4.0},{"damage":15.0,"enemies":"Centurion and Healer","floor":22.0,"turns":6.0},{"damage":0.0,"enemies":"Sentry and Sphere","floor":24.0,"turns":2.0},{"damage":29.0,"enemies":"Book of Stabbing","floor":27.0,"turns":5.0},{"damage":21.0,"enemies":"Snake Plant","floor":29.0,"turns":4.0},{"damage":4.0,"enemies":"Centurion and Healer","floor":30.0,"turns":6.0},{"damage":0.0,"enemies":"Snecko","floor":31.0,"turns":4.0},{"damage":17.0,"enemies":"Champ","floor":33.0,"turns":12.0},{"damage":9.0,"enemies":"Orb Walker","floor":35.0,"turns":4.0},{"damage":7.0,"enemies":"3 Shapes","floor":36.0,"turns":4.0},{"damage":4.0,"enemies":"Transient","floor":38.0,"turns":5.0},{"damage":29.0,"enemies":"Nemesis","floor":41.0,"turns":11.0},{"damage":36,"enemies":"Writhing Mass","floor":42,"turns":5},{"damage":3,"enemies":"Maw","floor":45,"turns":5},{"damage":6,"enemies":"Sphere and 2 Shapes","floor":48,"turns":4},{"damage":34,"enemies":"Awakened One","floor":50,"turns":14},{"damage":84,"enemies":"Shield and Spear","floor":54,"turns":5}],"seed_played":"9139916660512603396","potions_obtained":[{"floor":1.0,"key":"FearPotion"},{"floor":6.0,"key":"PowerPotion"},{"floor":16.0,"key":"Block Potion"},{"floor":20.0,"key":"Swift Potion"},{"floor":24.0,"key":"Ancient Potion"},{"floor":27.0,"key":"Energy Potion"},{"floor":31.0,"key":"LiquidBronze"},{"floor":41,"key":"PowerPotion"},{"floor":45,"key":"Block Potion"},{"floor":48,"key":"Weak Potion"}],"is_trial":false,"path_per_floor":["M","?","$","?","$","E","?","R","T","R","M","E","?","$","R","B",null,"M","?","M","?","M","R","M","R","T","E","R","M","M","M","R","B",null,"M","M","?","M","$","R","E","E","M","T","R","M","$","?","M","R","B",null,"R","$","E"],"character_chosen":"DEFECT","items_purchased":["Core Surge","Capacitor"],"campfire_rested":6,"item_purchase_floors":[5,14],"current_hp_per_floor":[75,75,75,64,64,64,57,57,57,57,57,57,62,62,62,52,80,55,55,27,27,12,12,12,36,36,7,31,10,6,6,30,38,80,71,64,64,67,67,67,45,16,16,40,44,44,44,45,69,53,80,80,80,0],"gold":0,"neow_bonus":"THREE_ENEMY_KILL","is_prod":false,"is_daily":false,"chose_seed":false,"campfire_upgraded":4,"win_rate":0,"timestamp":1543963697,"path_taken":["M","?","$","?","$","E","?","R","T","R","M","E","?","?","R","BOSS","M","?","?","?","M","R","M","R","T","E","R","M","M","M","R","BOSS","M","M","?","M","$","R","E","M","T","R","M","?","?","M","R","BOSS","R","$","E"],"build_version":"2018-11-15","purchased_purges":0,"victory":false,"max_hp_per_floor":[75,75,75,75,75,75,75,75,75,75,75,75,80,80,80,80,80,80,80,80,80,80,80,80,80,80,80,80,80,80,80,80,80,80,80,80,80,80,80,80,80,80,80,80,80,80,80,80,80,80,80,80,80,80],"card_choices":[{"not_picked":["Reinforced Body","Turbo"],"picked":"Beam Cell","floor":1.0},{"not_picked":["Recycle","Aggregate"],"picked":"Go for the Eyes","floor":6.0},{"not_picked":["Barrage","Conserve Battery+1"],"picked":"Coolheaded+1","floor":11.0},{"not_picked":["Fusion+1","Go for the Eyes"],"picked":"Ball Lightning","floor":12.0},{"not_picked":["Machine Learning","Rainbow+1"],"picked":"Biased Cognition","floor":16.0},{"not_picked":["Sweeping Beam+1","Beam Cell"],"picked":"Lockon+1","floor":18.0},{"not_picked":["Cold Snap+1","BootSequence+1"],"picked":"Coolheaded+1","floor":20.0},{"not_picked":["Tempest+1","Static Discharge"],"picked":"Leap+1","floor":22.0},{"not_picked":["Doom and Gloom","Lockon","Beam Cell"],"picked":"SKIP","floor":24.0},{"not_picked":["Reprogram+1","Redo+1"],"picked":"Glacier+1","floor":27.0},{"not_picked":["FTL","Chill+1"],"picked":"Seek+1","floor":29.0},{"not_picked":["Steam+1","Gash"],"picked":"Redo+1","floor":30.0},{"not_picked":["Rebound","Gash"],"picked":"Stack+1","floor":31.0},{"not_picked":["Seek+1","Machine Learning"],"picked":"Rainbow+1","floor":33.0},{"not_picked":["Compile Driver+1","Scrape+1"],"picked":"Streamline+1","floor":35.0},{"not_picked":["Conserve Battery+1","Streamline+1"],"picked":"Ball Lightning+1","floor":36.0},{"not_picked":["Sweeping Beam+1","Leap+1"],"picked":"Glacier+1","floor":38.0},{"not_picked":["Glacier+1","Doom and Gloom+1"],"picked":"Darkness+1","floor":41},{"not_picked":["Barrage","Stack+1"],"picked":"Cold Snap+1","floor":42},{"not_picked":["Turbo+1","Fusion+1","Compile Driver"],"picked":"SKIP","floor":45},{"not_picked":["Gash","Self Repair+1"],"picked":"Rebound+1","floor":48}],"player_experience":274097,"relics_obtained":[{"floor":6.0,"key":"Lantern"},{"floor":9.0,"key":"Pantograph"},{"floor":12.0,"key":"Unceasing Top"},{"floor":26.0,"key":"Bottled Tornado"},{"floor":27.0,"key":"Potion Belt"},{"floor":41,"key":"Mercury Hourglass"}],"event_choices":[{"damage_healed":0.0,"max_hp_gain":0.0,"max_hp_loss":0.0,"gold_gain":0.0,"cards_transformed":["Defend_B"],"event_name":"Living Wall","player_choice":"Change","floor":2.0,"gold_loss":0.0,"damage_taken":0.0,"cards_obtained":["Hello World"]},{"damage_healed":0.0,"max_hp_gain":0.0,"max_hp_loss":0.0,"gold_gain":75.0,"event_name":"World of Goop","player_choice":"Gather Gold","floor":4.0,"gold_loss":0.0,"damage_taken":11.0},{"damage_healed":0.0,"max_hp_gain":0.0,"max_hp_loss":0.0,"gold_gain":0.0,"event_name":"Scrap Ooze","player_choice":"Success","floor":7.0,"gold_loss":0.0,"damage_taken":7.0,"relics_obtained":["Toxic Egg 2"]},{"damage_healed":0.0,"max_hp_gain":5.0,"max_hp_loss":0.0,"gold_gain":0.0,"event_name":"Big Fish","player_choice":"Donut","floor":13.0,"gold_loss":0.0,"damage_taken":0.0},{"damage_healed":0.0,"max_hp_gain":0.0,"max_hp_loss":0.0,"gold_gain":0.0,"cards_transformed":["Strike_B"],"event_name":"Transmorgrifier","player_choice":"Transformed","floor":19.0,"gold_loss":0.0,"damage_taken":0.0,"cards_obtained":["Melter"]},{"damage_healed":0.0,"max_hp_gain":0.0,"max_hp_loss":0.0,"gold_gain":0.0,"event_name":"Masked Bandits","player_choice":"Paid Fearfully","floor":21.0,"gold_loss":81.0,"damage_taken":0.0},{"damage_healed":0.0,"max_hp_gain":0.0,"max_hp_loss":0.0,"gold_gain":0.0,"cards_transformed":["Hello World"],"event_name":"Transmorgrifier","player_choice":"Transformed","floor":37.0,"gold_loss":0.0,"damage_taken":0.0,"cards_obtained":["Self Repair"]},{"damage_healed":0,"gold_gain":0,"player_choice":"Upgraded","damage_taken":0,"max_hp_gain":0,"max_hp_loss":0,"event_name":"Upgrade Shrine","floor":47,"gold_loss":0,"cards_upgraded":["Core Surge"]}],"is_beta":false,"boss_relics":[{"not_picked":["Runic Pyramid","Velvet Choker"],"picked":"Ectoplasm"},{"not_picked":["Calling Bell","Sozu"],"picked":"Fusion Hammer"}],"items_purged_floors":[],"is_endless":false,"potions_floor_spawned":[1,6,16,20,24,27,31,41,45,48],"killed_by":"Shield and Spear","ascension_level":4}