{"gold_per_floor":[114,129,144,144,69,69,84,99,149,179,179,194,194,194,194,294,294,309,359,359,374,389,389,434,449,449,464,14,14],"floor_reached":29,"playtime":2442,"items_purged":["Defend_B","Madness"],"score":247,"play_id":"89f58c9e-33d3-4e8e-8358-50752b093cee","local_time":"20180927171607","daily_mods":["Allstar","Uncertain Future","Lethality"],"is_ascension_mode":false,"campfire_choices":[{"data":"Hologram","floor":6,"key":"SMITH"},{"floor":11,"key":"REST"},{"data":"Jack Of All Trades","floor":15,"key":"SMITH"},{"floor":23,"key":"REST"}],"neow_cost":"","seed_source_timestamp":1117122894100626,"circlet_count":0,"master_deck":["Strike_B+1","Strike_B+1","Strike_B+1","Defend_B+1","Defend_B+1","Defend_B+1","Zap","Dualcast","PanicButton","Swift Strike","Jack Of All Trades+1","The Bomb","Hologram+1","White Noise","Hologram+1","Scrape","Self Repair","Coolheaded+1","FTL","Rainbow","Leap+1","Conserve Battery+1","Beam Cell+1","White Noise+1","Coolheaded+1","Barrage+1"],"special_seed":17801,"relics":["Cracked Core","Anchor","Regal Pillow","Black Star","Pen Nib","Blood Vial","Shovel","Omamori","Strange Spoon"],"potions_floor_usage":[10,10,10,18,24,27],"damage_taken":[{"damage":4,"enemies":"2 Louse","floor":1,"turns":2},{"damage":1,"enemies":"Cultist","floor":2,"turns":3},{"damage":9,"enemies":"Jaw Worm","floor":3,"turns":3},{"damage":7,"enemies":"Looter","floor":7,"turns":3},{"damage":17,"enemies":"Red Slaver","floor":8,"turns":4},{"damage":11,"enemies":"3 Sentries","floor":10,"turns":5},{"damage":0,"enemies":"2 Fungi Beasts","floor":12,"turns":2},{"damage":45,"enemies":"The Guardian","floor":16,"turns":10},{"damage":35,"enemies":"2 Thieves","floor":18,"turns":4},{"damage":16,"enemies":"Shell Parasite","floor":21,"turns":5},{"damage":24,"enemies":"Shelled Parasite and Fungi","floor":22,"turns":6},{"damage":47,"enemies":"Slavers","floor":24,"turns":5},{"damage":10,"enemies":"Snecko","floor":25,"turns":4},{"damage":0,"enemies":"Snake Plant","floor":27,"turns":2},{"damage":12,"enemies":"3 Cultists","floor":29,"turns":2}],"seed_played":"-5863381733931304207","potions_obtained":[{"floor":2,"key":"EssenceOfSteel"},{"floor":3,"key":"Ancient Potion"},{"floor":8,"key":"EssenceOfSteel"},{"floor":16,"key":"AttackPotion"},{"floor":22,"key":"Weak Potion"},{"floor":25,"key":"Poison Potion"}],"is_trial":false,"path_per_floor":["M","M","M","?","$","R","M","M","T","E","R","M","?","?","R","B",null,"M","?","?","M","M","R","E","M","T","M","$"],"character_chosen":"DEFECT","items_purchased":["Omamori","Strange Spoon"],"campfire_rested":2,"item_purchase_floors":[28,28],"current_hp_per_floor":[71,70,61,54,54,54,47,30,30,26,63,63,63,63,63,18,75,47,47,47,38,24,61,14,6,6,8,8,0],"gold":14,"neow_bonus":"","is_prod":false,"is_daily":true,"chose_seed":false,"campfire_upgraded":2,"win_rate":0.0,"timestamp":1538082967,"path_taken":["M","M","M","?","$","R","M","M","T","E","R","M","?","?","R","BOSS","M","?","?","M","M","R","E","M","T","M","$","M"],"build_version":"2018-09-20","purchased_purges":2,"victory":false,"max_hp_per_floor":[75,75,75,75,75,75,75,75,75,75,75,75,75,75,75,75,75,75,75,75,75,75,75,75,75,75,75,75,75],"card_choices":[{"not_picked":["Barrage","Storm"],"picked":"Hologram","floor":1},{"not_picked":["Aggregate","Cold Snap"],"picked":"White Noise","floor":2},{"not_picked":["Compile Driver","Storm"],"picked":"Hologram","floor":3},{"not_picked":["Skim","Barrage"],"picked":"Scrape","floor":7},{"not_picked":["Recycle","Beam Cell"],"picked":"Self Repair","floor":8},{"not_picked":["Redo","Undo"],"picked":"Coolheaded","floor":10},{"not_picked":["Redo","Turbo"],"picked":"FTL","floor":12},{"not_picked":["Electrodynamics","Creative AI"],"picked":"Rainbow","floor":16},{"not_picked":["Turbo","Lockon+1"],"picked":"Leap+1","floor":18},{"not_picked":["Darkness+1","Turbo"],"picked":"Conserve Battery+1","floor":21},{"not_picked":["Auto Shields+1","Darkness"],"picked":"Beam Cell+1","floor":22},{"not_picked":["Cold Snap","Gash"],"picked":"White Noise+1","floor":24},{"not_picked":["Sunder","Turbo"],"picked":"Coolheaded+1","floor":25},{"not_picked":["Steam","Turbo"],"picked":"Barrage+1","floor":27}],"player_experience":88517,"relics_obtained":[{"floor":9,"key":"Anchor"},{"floor":10,"key":"Regal Pillow"},{"floor":24,"key":"Pen Nib"},{"floor":24,"key":"Blood Vial"},{"floor":26,"key":"Shovel"}],"event_choices":[{"event_name":"Golden Wing","player_choice":"Card Removal","floor":4,"damage_taken":0},{"event_name":"Accursed Blacksmith","player_choice":"Forge","floor":13,"damage_taken":0},{"event_name":"Living Wall","player_choice":"Grow","floor":14,"damage_taken":0},{"event_name":"The Joust","player_choice":"Bet on Murderer","floor":19,"damage_taken":0},{"event_name":"Back to Basics","player_choice":"Simplicity","floor":20,"damage_taken":0}],"is_beta":false,"boss_relics":[{"not_picked":["Eternal Feather","Snecko Eye"],"picked":"Black Star"}],"items_purged_floors":[5,28],"is_endless":false,"potions_floor_spawned":[2,3,8,16,22,25],"killed_by":"3 Cultists","ascension_level":0}