{"gold_per_floor":[113,113,188,36,47,47,72,72,98,118,118,135,152,170,170,265,265,277,192,207,222,222,222,240,240,267,290,290,308,323,56,56,156,156,173,173,22,22,39,39,39],"floor_reached":41,"playtime":2304,"items_purged":["Decay"],"score":391,"play_id":"0baa2c90-caf9-4f32-bffa-fa62f1f5e4b3","local_time":"20190106090817","is_ascension_mode":false,"campfire_choices":[{"data":"Whirlwind","floor":6,"key":"SMITH"},{"data":"Berserk","floor":8,"key":"SMITH"},{"floor":15,"key":"REST"},{"floor":23,"key":"REST"},{"floor":28,"key":"REST"},{"floor":32,"key":"REST"}],"neow_cost":"TEN_PERCENT_HP_LOSS","seed_source_timestamp":451125154798581,"circlet_count":0,"master_deck":["Strike_R","Strike_R+1","Strike_R","Strike_R","Strike_R","Defend_R","Defend_R","Defend_R+1","Bash","Demon Form","Whirlwind+1","Berserk+1","Feel No Pain","Burning Pact","Fiend Fire","Seeing Red","Feed","Creative AI","Reaper","Madness","Madness","Enlightenment"],"relics":["Burning Blood","Bag of Preparation","Anchor","Odd Mushroom","Letter Opener","Lizard Tail","Unceasing Top","Nloth\u0027s Gift","Bag of Marbles","Bronze Scales","PrismaticShard","Sozu","Happy Flower"],"potions_floor_usage":[],"damage_taken":[{"damage":6,"enemies":"2 Louse","floor":1,"turns":3},{"damage":2,"enemies":"Jaw Worm","floor":5,"turns":5},{"damage":20,"enemies":"Lagavulin","floor":7,"turns":8},{"damage":13,"enemies":"The Mushroom Lair","floor":10,"turns":5},{"damage":5,"enemies":"Small Slimes","floor":12,"turns":3},{"damage":7,"enemies":"Gremlin Gang","floor":13,"turns":3},{"damage":0,"enemies":"Looter","floor":14,"turns":3},{"damage":49,"enemies":"Hexaghost","floor":16,"turns":9},{"damage":9,"enemies":"Chosen","floor":18,"turns":7},{"damage":22,"enemies":"Shell Parasite","floor":20,"turns":6},{"damage":32,"enemies":"Snake Plant","floor":21,"turns":5},{"damage":33,"enemies":"Cultist and Chosen","floor":24,"turns":8},{"damage":12,"enemies":"Centurion and Healer","floor":29,"turns":5},{"damage":40,"enemies":"3 Cultists","floor":30,"turns":5},{"damage":55,"enemies":"Champ","floor":33,"turns":13},{"damage":2,"enemies":"3 Shapes","floor":35,"turns":2},{"damage":48,"enemies":"Orb Walker","floor":39,"turns":5},{"damage":30,"enemies":"Reptomancer","floor":41,"turns":2}],"seed_played":"-154342102265806730","potions_obtained":[{"floor":7,"key":"Block Potion"},{"floor":12,"key":"Energy Potion"},{"floor":13,"key":"PowerPotion"}],"is_trial":false,"path_per_floor":["M","?","?","$","M","R","E","R","T","?","?","M","M","M","R","B",null,"M","?","M","M","?","R","M","?","T","T","R","M","M","$","R","B",null,"M","?","$","?","M","?","E"],"character_chosen":"IRONCLAD","items_purchased":["Bag of Preparation","PrismaticShard","Happy Flower"],"campfire_rested":4,"item_purchase_floors":[4,31,37],"current_hp_per_floor":[72,58,47,47,51,51,37,37,37,30,23,24,23,29,50,7,72,69,69,53,27,27,48,21,21,21,21,42,36,42,42,63,14,72,72,63,63,63,21,21,0],"gold":39,"neow_bonus":"THREE_RARE_CARDS","is_prod":false,"is_daily":false,"chose_seed":false,"campfire_upgraded":2,"win_rate":0.0,"timestamp":1546762097,"path_taken":["M","?","?","$","M","R","E","R","T","?","?","M","M","M","R","BOSS","M","?","M","M","?","R","?","?","T","?","R","M","?","?","R","BOSS","M","?","$","?","M","?","E"],"build_version":"2019-01-03v4","purchased_purges":1,"victory":false,"max_hp_per_floor":[72,72,72,72,72,72,72,72,72,72,72,72,72,72,72,72,72,72,72,72,72,72,72,72,72,72,72,72,72,72,72,72,72,72,72,72,72,72,72,72,72],"card_choices":[{"not_picked":["Feed","Barricade"],"picked":"Demon Form","floor":0},{"not_picked":["Warcry","Blood for Blood","Intimidate"],"picked":"SKIP","floor":1},{"not_picked":["Twin Strike","Intimidate"],"picked":"Whirlwind","floor":5},{"not_picked":["Shrug It Off","Clothesline"],"picked":"Berserk","floor":7},{"not_picked":["Flex","Blood for Blood"],"picked":"Feel No Pain","floor":10},{"not_picked":["Cleave","Twin Strike","True Grit"],"picked":"SKIP","floor":12},{"not_picked":["Anger","Pommel Strike","Cleave"],"picked":"SKIP","floor":13},{"not_picked":["Headbutt","Inflame"],"picked":"Burning Pact","floor":14},{"not_picked":["Demon Form","Limit Break"],"picked":"Fiend Fire","floor":16},{"not_picked":["Sever Soul","Twin Strike+1","Body Slam"],"picked":"SKIP","floor":18},{"not_picked":["Thunderclap+1","Clash","Pommel Strike"],"picked":"SKIP","floor":20},{"not_picked":["Perfected Strike","Body Slam"],"picked":"Seeing Red","floor":21},{"not_picked":["Power Through","Ghostly Armor+1","Flex+1"],"picked":"SKIP","floor":24},{"not_picked":["Anger","Sword Boomerang+1","Ghostly Armor+1"],"picked":"SKIP","floor":29},{"not_picked":["Wild Strike","True Grit"],"picked":"Feed","floor":30},{"not_picked":["Hyperbeam","Burst"],"picked":"Creative AI","floor":33},{"not_picked":["Clothesline+1","Cold Snap"],"picked":"Reaper","floor":35},{"not_picked":["Cloak And Dagger+1","Wild Strike","Crippling Poison+1"],"picked":"SKIP","floor":39},{"not_picked":["Panache","Secret Technique"],"picked":"Enlightenment","floor":40}],"player_experience":100189,"relics_obtained":[{"floor":7,"key":"Anchor"},{"floor":9,"key":"Juzu Bracelet"},{"floor":10,"key":"Odd Mushroom"},{"floor":26,"key":"Bag of Marbles"},{"floor":27,"key":"Bronze Scales"}],"event_choices":[{"damage_healed":0,"gold_gain":0,"player_choice":"Entered Light","damage_taken":14,"max_hp_gain":0,"max_hp_loss":0,"event_name":"Shining Light","floor":2,"gold_loss":0,"cards_upgraded":["Strike_R","Defend_R"]},{"damage_healed":0,"gold_gain":75,"player_choice":"Gather Gold","damage_taken":11,"max_hp_gain":0,"max_hp_loss":0,"event_name":"World of Goop","floor":3,"gold_loss":0},{"damage_healed":0,"gold_gain":0,"player_choice":"Fought Mushrooms","damage_taken":0,"max_hp_gain":0,"max_hp_loss":0,"event_name":"Mushrooms","floor":10,"gold_loss":0},{"damage_healed":0,"gold_gain":0,"player_choice":"Success","damage_taken":7,"relics_obtained":["Letter Opener"],"max_hp_gain":0,"max_hp_loss":0,"event_name":"Scrap Ooze","floor":11,"gold_loss":0},{"damage_healed":0,"gold_gain":0,"player_choice":"Obtained Relic","damage_taken":0,"relics_obtained":["Unceasing Top"],"max_hp_gain":0,"max_hp_loss":0,"event_name":"Addict","floor":19,"gold_loss":85},{"damage_healed":0,"gold_gain":0,"player_choice":"Traded Relic","damage_taken":0,"relics_obtained":["Nloth\u0027s Gift"],"max_hp_gain":0,"max_hp_loss":0,"event_name":"N\u0027loth","floor":22,"relics_lost":["Juzu Bracelet"],"gold_loss":0},{"damage_healed":0,"gold_gain":0,"player_choice":"Smashed Altar","damage_taken":0,"max_hp_gain":0,"max_hp_loss":0,"event_name":"Forgotten Altar","floor":25,"gold_loss":0,"cards_obtained":["Decay"]},{"damage_healed":0,"gold_gain":0,"player_choice":"Embrace Madness","damage_taken":9,"max_hp_gain":0,"max_hp_loss":0,"event_name":"Winding Halls","floor":36,"gold_loss":0,"cards_obtained":["Madness","Madness"]},{"cards_removed":["Defend_R"],"damage_healed":0,"gold_gain":0,"player_choice":"Removed Skill","damage_taken":0,"max_hp_gain":0,"max_hp_loss":0,"event_name":"Falling","floor":38,"gold_loss":0},{"damage_healed":0,"gold_gain":0,"player_choice":"Memory 1","damage_taken":0,"max_hp_gain":0,"max_hp_loss":0,"event_name":"SensoryStone","floor":40,"gold_loss":0}],"is_beta":false,"boss_relics":[{"not_picked":["Runic Cube","Tiny House"],"picked":"Lizard Tail"},{"not_picked":["Velvet Choker","Black Star"],"picked":"Sozu"}],"items_purged_floors":[31],"is_endless":false,"potions_floor_spawned":[7,12,13,16,21,33],"killed_by":"Reptomancer","ascension_level":0}