{"gold_per_floor":[110,110,127,227,182,182,196,214,238,238,87,118,138,158,158,261,261,281,331,34,50,60,60,60,60,60,79,90,117,17,34,34,129,129,145,145],"floor_reached":36,"playtime":1868,"items_purged":["Strike_R","Strike_R"],"score":461,"play_id":"37017288-12f4-4cb1-893a-b594886180d2","local_time":"20190206102052","is_ascension_mode":false,"campfire_choices":[{"data":"Armaments","floor":6,"key":"SMITH"},{"data":"Bash","floor":10,"key":"SMITH"},{"data":"True Grit","floor":15,"key":"SMITH"},{"data":"Barricade","floor":23,"key":"SMITH"},{"data":"Body Slam","floor":25,"key":"SMITH"},{"data":"Spot Weakness","floor":32,"key":"SMITH"}],"neow_cost":"PERCENT_DAMAGE","seed_source_timestamp":525273494223278,"circlet_count":0,"master_deck":["Strike_R","Strike_R","Strike_R+1","Defend_R","Defend_R","Defend_R","Defend_R","Bash+1","Headbutt","Armaments+1","Anger+1","Hemokinesis","True Grit+1","Spot Weakness+1","Barricade+1","Body Slam+1","Iron Wave","Impervious","Uppercut","Demon Form","Disarm"],"relics":["Burning Blood","Mango","Whetstone","Anchor","Mark of Pain","Incense Burner","Thread and Needle","Bottled Lightning","Sozu"],"potions_floor_usage":[8,8,18,36,36],"damage_taken":[{"damage":1,"enemies":"Jaw Worm","floor":1,"turns":5},{"damage":7,"enemies":"2 Louse","floor":3,"turns":3},{"damage":1,"enemies":"Cultist","floor":7,"turns":3},{"damage":11,"enemies":"3 Louse","floor":8,"turns":5},{"damage":19,"enemies":"3 Sentries","floor":12,"turns":7},{"damage":4,"enemies":"Exordium Thugs","floor":13,"turns":4},{"damage":3,"enemies":"Red Slaver","floor":14,"turns":3},{"damage":42,"enemies":"Hexaghost","floor":16,"turns":9},{"damage":12,"enemies":"3 Byrds","floor":18,"turns":6},{"damage":5,"enemies":"Shell Parasite","floor":21,"turns":4},{"damage":15,"enemies":"Cultist and Chosen","floor":22,"turns":6},{"damage":2,"enemies":"Chosen and Byrds","floor":27,"turns":7},{"damage":0,"enemies":"3 Cultists","floor":28,"turns":8},{"damage":0,"enemies":"Gremlin Leader","floor":29,"turns":9},{"damage":7,"enemies":"Sentry and Sphere","floor":31,"turns":7},{"damage":6,"enemies":"Automaton","floor":33,"turns":11},{"damage":1,"enemies":"3 Shapes","floor":35,"turns":6},{"damage":120,"enemies":"2 Orb Walkers","floor":36,"turns":6}],"seed_played":"5303752672158649493","potions_obtained":[{"floor":3,"key":"SteroidPotion"},{"floor":7,"key":"EntropicBrew"},{"floor":12,"key":"Block Potion"},{"floor":18,"key":"Dexterity Potion"}],"is_trial":false,"path_per_floor":["M","?","M","?","$","R","M","M","T","R","$","E","M","M","R","B",null,"M","?","$","M","M","R","?","R","T","M","M","E","$","M","R","B",null,"M","?"],"character_chosen":"IRONCLAD","items_purchased":["Armaments","Hemokinesis","Incense Burner"],"campfire_rested":0,"item_purchase_floors":[5,11,20],"current_hp_per_floor":[75,75,74,74,74,74,79,74,74,74,74,61,63,66,66,30,94,88,88,88,89,80,80,80,80,80,84,90,94,94,93,93,93,94,94,0],"gold":145,"neow_bonus":"ONE_RARE_RELIC","is_prod":false,"is_daily":false,"chose_seed":false,"campfire_upgraded":6,"win_rate":0,"timestamp":1549466452,"path_taken":["M","?","M","?","$","R","?","M","T","R","$","E","M","M","R","BOSS","M","?","?","M","?","R","?","R","T","M","M","E","$","M","R","BOSS","M","?"],"build_version":"2019-01-23","purchased_purges":2,"victory":false,"max_hp_per_floor":[94,94,94,94,94,94,94,94,94,94,94,94,94,94,94,94,94,94,94,94,94,94,94,94,94,94,94,94,94,94,94,94,94,94,94,94],"card_choices":[{"not_picked":["Body Slam","Perfected Strike","Ghostly Armor"],"picked":"SKIP","floor":1},{"not_picked":["Fire Breathing","Clash"],"picked":"Headbutt","floor":3},{"not_picked":["Clash","Havoc","Reckless Charge"],"picked":"SKIP","floor":7},{"not_picked":["Iron Wave","Shockwave"],"picked":"Anger","floor":8},{"not_picked":["Perfected Strike","Rampage"],"picked":"True Grit","floor":12},{"not_picked":["Reckless Charge","Armaments"],"picked":"Spot Weakness","floor":13},{"not_picked":["Anger","Headbutt","Burning Pact"],"picked":"SKIP","floor":14},{"not_picked":["Offering","Berserk"],"picked":"Barricade","floor":16},{"not_picked":["Blood for Blood","Corruption+1"],"picked":"Body Slam","floor":18},{"not_picked":["Havoc","Flex"],"picked":"Iron Wave","floor":21},{"not_picked":["Heavy Blade","Sword Boomerang+1"],"picked":"Impervious","floor":22},{"not_picked":["Headbutt","Flex","Whirlwind"],"picked":"SKIP","floor":27},{"not_picked":["Warcry","Clash"],"picked":"Uppercut","floor":28},{"not_picked":["Warcry","Limit Break","Armaments"],"picked":"SKIP","floor":29},{"not_picked":["Clothesline","Clash","Anger"],"picked":"SKIP","floor":31},{"not_picked":["Bludgeon","Juggernaut"],"picked":"Demon Form","floor":33},{"not_picked":["Whirlwind","Cleave"],"picked":"Disarm","floor":35}],"player_experience":177974,"relics_obtained":[{"floor":9,"key":"Whetstone"},{"floor":12,"key":"Anchor"},{"floor":26,"key":"Thread and Needle"},{"floor":29,"key":"Bottled Lightning"}],"event_choices":[{"damage_healed":0,"gold_gain":0,"player_choice":"Ignored","damage_taken":0,"max_hp_gain":0,"max_hp_loss":0,"event_name":"Golden Wing","floor":2,"gold_loss":0},{"damage_healed":0,"gold_gain":100,"player_choice":"Pray","damage_taken":0,"max_hp_gain":0,"max_hp_loss":0,"event_name":"Golden Shrine","floor":4,"gold_loss":0},{"damage_healed":0,"gold_gain":100,"player_choice":"Bet on Murderer","damage_taken":0,"max_hp_gain":0,"max_hp_loss":0,"event_name":"The Joust","floor":19,"gold_loss":50},{"damage_healed":0,"gold_gain":0,"player_choice":"Ignored","damage_taken":0,"max_hp_gain":0,"max_hp_loss":0,"event_name":"The Mausoleum","floor":24,"gold_loss":0},{"damage_healed":0,"gold_gain":0,"player_choice":"Fight","damage_taken":0,"max_hp_gain":0,"max_hp_loss":0,"event_name":"Mysterious Sphere","floor":36,"gold_loss":0}],"is_beta":false,"boss_relics":[{"not_picked":["Black Blood","Runic Dome"],"picked":"Mark of Pain"},{"not_picked":["Cursed Key","Snecko Eye"],"picked":"Sozu"}],"items_purged_floors":[11,30],"is_endless":false,"potions_floor_spawned":[3,7,12,18,22,35],"killed_by":"2 Orb Walkers","ascension_level":0}