{"gold_per_floor":[114,7,7,7,23,23,23,36,90,110,110,149,149,180,180,270,270,294,294,8,8,31,31,65,21,21,61,77,21,21,60,60,159,159,182,515,48,48,0,0,27,40,112,130,130,130,16,28,28,28,28],"floor_reached":52,"playtime":3916,"items_purged":["Parasite"],"score":2009,"play_id":"ad96e402-09b2-4b89-b47d-2e2cab8d6c67","local_time":"20190120203923","is_ascension_mode":true,"campfire_choices":[{"data":"Skewer","floor":6,"key":"SMITH"},{"floor":13,"key":"REST"},{"data":"Footwork","floor":15,"key":"SMITH"},{"floor":23,"key":"REST"},{"floor":30,"key":"REST"},{"floor":32,"key":"REST"},{"floor":40,"key":"REST"},{"floor":46,"key":"REST"},{"floor":49,"key":"REST"}],"neow_cost":"NONE","seed_source_timestamp":14140974406400,"circlet_count":0,"master_deck":["AscendersBane","Defend_G","Defend_G","Defend_G","Defend_G","Defend_G","Strike_G","Strike_G","Strike_G","Strike_G","Survivor","Neutralize","Skewer+1","Footwork+1","Sucker Punch","Deadly Poison","Blur","Dodge and Roll","Infinite Blades","Eviscerate","Bullet Time","PiercingWail","Cloak And Dagger","Backflip","Eviscerate+1","Dash+1","Terror","Eviscerate+1","Night Terror","Backflip","Dodge and Roll+1","Eviscerate+1","Dodge and Roll","PiercingWail+1","Blade Dance+1","Acrobatics+1","Leg Sweep+1","Footwork+1","Crippling Poison+1"],"relics":["Snecko Eye","Bag of Marbles","Oddly Smooth Stone","Bottled Lightning","Fusion Hammer","Kunai","Molten Egg 2","Frozen Egg 2","Anchor","Sundial","Orrery","Toxic Egg 2","Red Mask","Vajra","Pear"],"potions_floor_usage":[12,14,14,24,27,31,33,41,51,51],"damage_taken":[{"damage":5,"enemies":"2 Louse","floor":1,"turns":3},{"damage":1,"enemies":"Jaw Worm","floor":5,"turns":4},{"damage":0,"enemies":"Small Slimes","floor":8,"turns":2},{"damage":5,"enemies":"2 Fungi Beasts","floor":10,"turns":3},{"damage":0,"enemies":"3 Sentries","floor":12,"turns":9},{"damage":19,"enemies":"Gremlin Nob","floor":14,"turns":5},{"damage":26,"enemies":"Slime Boss","floor":16,"turns":13},{"damage":4,"enemies":"Spheric Guardian","floor":18,"turns":6},{"damage":5,"enemies":"2 Thieves","floor":22,"turns":3},{"damage":18,"enemies":"Slavers","floor":24,"turns":5},{"damage":24,"enemies":"Gremlin Leader","floor":27,"turns":9},{"damage":0,"enemies":"Snake Plant","floor":28,"turns":4},{"damage":8,"enemies":"Book of Stabbing","floor":31,"turns":3},{"damage":32,"enemies":"Champ","floor":33,"turns":15},{"damage":9,"enemies":"Orb Walker","floor":35,"turns":4},{"damage":42,"enemies":"Reptomancer","floor":41,"turns":7},{"damage":0,"enemies":"3 Darklings","floor":42,"turns":4},{"damage":0,"enemies":"4 Shapes","floor":44,"turns":4},{"damage":0,"enemies":"Jaw Worm Horde","floor":48,"turns":5},{"damage":31,"enemies":"Donu and Deca","floor":50,"turns":15},{"damage":0,"enemies":"Awakened One","floor":51,"turns":18}],"seed_played":"-3596291915168582408","potions_obtained":[{"floor":8,"key":"EssenceOfSteel"},{"floor":10,"key":"SpeedPotion"},{"floor":12,"key":"FearPotion"},{"floor":18,"key":"Explosive Potion"},{"floor":22,"key":"SteroidPotion"},{"floor":27,"key":"EssenceOfSteel"},{"floor":44,"key":"Dexterity Potion"},{"floor":48,"key":"LiquidBronze"}],"is_trial":false,"path_per_floor":["M","$","?","?","M","R","?","M","T","M","?","E","R","E","R","B",null,"M","?","$","?","M","R","E","$","T","E","M","$","R","E","R","B",null,"M","?","$","?","?","R","E","M","T","M","?","R","$","M","R","B","B",null],"character_chosen":"THE_SILENT","items_purchased":["Footwork","Sucker Punch","Kunai","Eviscerate+1","SkillPotion","Toxic Egg 2","Blade Dance+1","Block Potion","Footwork+1","Crippling Poison+1"],"campfire_rested":7,"item_purchase_floors":[2,2,20,25,29,37,37,37,47,47],"current_hp_per_floor":[54,54,54,47,46,46,20,20,20,15,30,30,48,29,29,3,46,42,42,42,42,37,55,37,37,37,13,13,13,31,23,41,9,47,38,38,38,38,38,54,12,12,22,22,17,36,36,36,55,24,24],"gold":28,"neow_bonus":"BOSS_RELIC","is_prod":false,"is_daily":false,"chose_seed":false,"campfire_upgraded":2,"win_rate":0,"timestamp":1548034763,"path_taken":["M","$","?","?","M","R","?","M","T","M","?","E","R","E","R","BOSS","M","?","$","?","M","R","E","$","T","E","M","$","R","E","R","BOSS","M","?","$","?","?","R","E","M","T","?","?","R","$","M","R","BOSS","BOSS"],"build_version":"2019-01-16","purchased_purges":1,"victory":true,"max_hp_per_floor":[66,66,60,60,60,60,60,60,60,60,60,60,60,60,60,60,60,60,60,60,60,60,60,60,60,60,60,60,60,60,60,60,60,60,60,60,57,54,54,54,54,54,64,64,64,64,64,64,64,64,64],"card_choices":[{"not_picked":["Bane","Acrobatics"],"picked":"Skewer","floor":1},{"not_picked":["Masterful Stab","Dagger Spray"],"picked":"Deadly Poison","floor":5},{"not_picked":["Deflect","Acrobatics"],"picked":"Blur","floor":8},{"not_picked":["Flying Knee","Prepared"],"picked":"Dodge and Roll","floor":10},{"not_picked":["Venomology","Sucker Punch"],"picked":"Infinite Blades","floor":12},{"not_picked":["Dagger Throw","Quick Slash"],"picked":"Eviscerate","floor":14},{"not_picked":["Night Terror","Die Die Die"],"picked":"Bullet Time","floor":16},{"not_picked":["Poisoned Stab","All Out Attack"],"picked":"PiercingWail","floor":18},{"not_picked":["All Out Attack","Tactician"],"picked":"Cloak And Dagger","floor":22},{"not_picked":["Choke","Sucker Punch"],"picked":"Backflip","floor":24},{"not_picked":["Bane+1","Quick Slash+1"],"picked":"Dash+1","floor":27},{"not_picked":["Sucker Punch+1","Concentrate"],"picked":"Terror","floor":28},{"not_picked":["Acrobatics","Sucker Punch+1"],"picked":"Eviscerate+1","floor":31},{"not_picked":["Tools of the Trade+1","Malaise"],"picked":"Night Terror","floor":33},{"not_picked":["Accuracy+1","Phantasmal Killer"],"picked":"Backflip","floor":34},{"not_picked":["Quick Slash+1","Dagger Spray+1"],"picked":"Dodge and Roll+1","floor":34},{"not_picked":["Endless Agony+1","Distraction"],"picked":"Eviscerate+1","floor":34},{"not_picked":["Deflect","Quick Slash+1"],"picked":"Dodge and Roll","floor":34},{"not_picked":["Dagger Throw+1","Sucker Punch+1"],"picked":"PiercingWail+1","floor":35},{"not_picked":["Deadly Poison+1","Escape Plan+1"],"picked":"Acrobatics+1","floor":41},{"not_picked":["Deadly Poison+1","Expertise+1","Quick Slash+1"],"picked":"SKIP","floor":42},{"not_picked":["Bane+1","Blade Dance+1"],"picked":"Leg Sweep+1","floor":44},{"not_picked":["Slice+1","Dagger Spray+1","Eviscerate+1"],"picked":"SKIP","floor":48}],"player_experience":1905422,"relics_obtained":[{"floor":9,"key":"Bag of Marbles"},{"floor":12,"key":"Oddly Smooth Stone"},{"floor":14,"key":"Bottled Lightning"},{"floor":24,"key":"Molten Egg 2"},{"floor":26,"key":"Frozen Egg 2"},{"floor":27,"key":"Anchor"},{"floor":31,"key":"Sundial"},{"floor":41,"key":"Vajra"},{"floor":43,"key":"Pear"}],"event_choices":[{"damage_healed":0,"gold_gain":0,"player_choice":"Lose Max HP","damage_taken":0,"relics_obtained":["Golden Idol"],"max_hp_gain":0,"max_hp_loss":6,"event_name":"Golden Idol","floor":3,"gold_loss":0},{"cards_removed":["Strike_G"],"damage_healed":0,"gold_gain":0,"player_choice":"Card Removal","damage_taken":7,"max_hp_gain":0,"max_hp_loss":0,"event_name":"Golden Wing","floor":4,"gold_loss":0},{"damage_healed":0,"gold_gain":0,"player_choice":"Fled","damage_taken":26,"max_hp_gain":0,"max_hp_loss":0,"event_name":"Scrap Ooze","floor":7,"gold_loss":0},{"damage_healed":15,"gold_gain":0,"player_choice":"Healed and dodged fight","damage_taken":0,"max_hp_gain":0,"max_hp_loss":0,"event_name":"Mushrooms","floor":11,"gold_loss":0,"cards_obtained":["Parasite"]},{"damage_healed":0,"gold_gain":0,"player_choice":"Ignored","damage_taken":0,"max_hp_gain":0,"max_hp_loss":0,"event_name":"Vampires","floor":19,"gold_loss":0},{"damage_healed":0,"gold_gain":0,"player_choice":"Ignored","damage_taken":0,"max_hp_gain":0,"max_hp_loss":0,"event_name":"Beggar","floor":21,"gold_loss":0},{"damage_healed":0,"gold_gain":333,"player_choice":"Gave Idol","damage_taken":0,"max_hp_gain":0,"max_hp_loss":0,"event_name":"The Moai Head","floor":36,"relics_lost":["Golden Idol"],"gold_loss":0},{"damage_healed":0,"gold_gain":0,"player_choice":"Max HP","damage_taken":0,"max_hp_gain":0,"max_hp_loss":3,"event_name":"Winding Halls","floor":38,"gold_loss":0},{"damage_healed":0,"gold_gain":0,"player_choice":"Paid","damage_taken":0,"relics_obtained":["Red Mask"],"max_hp_gain":0,"max_hp_loss":0,"event_name":"Tomb of Lord Red Mask","floor":39,"gold_loss":48},{"damage_healed":0,"gold_gain":0,"player_choice":"Memory 2","damage_taken":5,"max_hp_gain":0,"max_hp_loss":0,"event_name":"SensoryStone","floor":45,"gold_loss":0}],"is_beta":true,"boss_relics":[{"not_picked":["Tiny House","Black Star"],"picked":"Fusion Hammer"},{"not_picked":["Runic Dome","Empty Cage"],"picked":"Orrery"}],"items_purged_floors":[37],"is_endless":false,"potions_floor_spawned":[8,10,12,18,22,27,44,48],"ascension_level":20}