{"gold_per_floor":[114,134,146,164,178,213,213,239,266,266],"floor_reached":10,"playtime":591,"items_purged":[],"score":84,"play_id":"155036d7-31f8-4b7e-898e-71b59cec583e","local_time":"20181116200448","is_ascension_mode":true,"campfire_choices":[{"data":"Scrape","floor":7,"key":"SMITH"}],"neow_cost":"TEN_PERCENT_HP_LOSS","seed_source_timestamp":187023131539670,"circlet_count":0,"master_deck":["Strike_B","Strike_B","Strike_B","Strike_B","Defend_B","Defend_B","Defend_B","Defend_B","Zap","Dualcast","All For One","Gash","Gash","Scrape+1","Melter","Streamline","Leap","Beam Cell"],"relics":["Cracked Core","Mummified Hand","Anchor","Happy Flower"],"potions_floor_usage":[8],"damage_taken":[{"damage":0,"enemies":"Small Slimes","floor":1,"turns":3},{"damage":1,"enemies":"Cultist","floor":2,"turns":3},{"damage":1,"enemies":"Jaw Worm","floor":3,"turns":3},{"damage":0,"enemies":"Gremlin Gang","floor":4,"turns":3},{"damage":12,"enemies":"3 Louse","floor":5,"turns":2},{"damage":26,"enemies":"Lagavulin","floor":6,"turns":6},{"damage":26,"enemies":"3 Sentries","floor":8,"turns":7},{"damage":18,"enemies":"Lagavulin","floor":10,"turns":2}],"seed_played":"2381953358006034088","potions_obtained":[{"floor":4,"key":"LiquidBronze"},{"floor":5,"key":"Swift Potion"},{"floor":8,"key":"LiquidBronze"}],"is_trial":false,"path_per_floor":["M","M","M","M","M","E","R","E","T","E"],"character_chosen":"DEFECT","items_purchased":[],"campfire_rested":0,"item_purchase_floors":[],"current_hp_per_floor":[68,67,66,66,54,28,28,2,2,0],"gold":266,"neow_bonus":"THREE_RARE_CARDS","is_prod":false,"is_daily":false,"chose_seed":false,"campfire_upgraded":1,"win_rate":0,"timestamp":1542416688,"path_taken":["M","M","M","M","M","E","R","E","T","E"],"build_version":"2018-11-15","purchased_purges":0,"victory":false,"max_hp_per_floor":[68,68,68,68,68,68,68,68,68,68],"card_choices":[{"not_picked":["Multi-Cast","Core Surge"],"picked":"All For One","floor":0},{"not_picked":["Redo","Stack"],"picked":"Gash","floor":1},{"not_picked":["Compile Driver","Conserve Battery"],"picked":"Gash","floor":2},{"not_picked":["Steam","Streamline"],"picked":"Scrape","floor":3},{"not_picked":["Hello World","Leap"],"picked":"Melter","floor":4},{"not_picked":["Turbo","Coolheaded"],"picked":"Streamline","floor":5},{"not_picked":["Force Field","Fusion"],"picked":"Leap","floor":6},{"not_picked":["Cold Snap","Ball Lightning"],"picked":"Beam Cell","floor":8}],"player_experience":118567,"relics_obtained":[{"floor":6,"key":"Mummified Hand"},{"floor":8,"key":"Anchor"},{"floor":9,"key":"Happy Flower"}],"event_choices":[],"is_beta":false,"boss_relics":[],"items_purged_floors":[],"is_endless":false,"potions_floor_spawned":[4,5,8],"killed_by":"Lagavulin","ascension_level":1}