{"gold_per_floor":[118,118,118,135,135,135,151,151,163,187,199,238,250,291,303,315],"floor_reached":16,"playtime":558,"items_purged":[],"score":98,"play_id":"e1116014-346e-4360-86c6-bd3e4f9d4487","local_time":"20181220152528","is_ascension_mode":false,"campfire_choices":[{"data":"Armaments","floor":6,"key":"SMITH"},{"floor":11,"key":"RECALL"},{"data":"Shockwave","floor":13,"key":"SMITH"},{"data":"Strike_R","floor":15,"key":"PURGE"}],"neow_cost":"TEN_PERCENT_HP_LOSS","seed_source_timestamp":253425003987791,"circlet_count":0,"master_deck":["Strike_R","Strike_R","Defend_R","Defend_R+1","Defend_R+1","Bash","Shockwave+1","Wild Strike","Armaments+1","Spot Weakness"],"relics":["Burning Blood","Bag of Marbles","MawBank","Odd Mushroom","Peace Pipe"],"potions_floor_usage":[],"damage_taken":[{"damage":0,"enemies":"2 Louse","floor":1,"turns":2},{"damage":3,"enemies":"Jaw Worm","floor":4,"turns":3},{"damage":0,"enemies":"Small Slimes","floor":7,"turns":3},{"damage":3,"enemies":"2 Fungi Beasts","floor":10,"turns":3},{"damage":13,"enemies":"The Mushroom Lair","floor":12,"turns":4},{"damage":13,"enemies":"Lagavulin","floor":14,"turns":7},{"damage":31,"enemies":"Slime Boss","floor":16,"turns":9}],"seed_played":"4220657030559332838","potions_obtained":[{"floor":1,"key":"SpeedPotion"},{"floor":10,"key":"GamblersBrew"}],"is_trial":false,"path_per_floor":["M","?","?","M","?","R","M","?","T","M","R","?","R","E","R","B"],"character_chosen":"IRONCLAD","items_purchased":[],"campfire_rested":0,"item_purchase_floors":[],"current_hp_per_floor":[72,58,40,43,36,36,42,42,42,45,45,38,38,31,31,0],"gold":315,"neow_bonus":"TRANSFORM_TWO_CARDS","is_prod":false,"is_daily":false,"chose_seed":false,"campfire_upgraded":2,"win_rate":0,"timestamp":1545287128,"path_taken":["M","?","?","M","?","R","M","?","T","M","R","?","R","E","R","BOSS"],"build_version":"2018-12-13","purchased_purges":0,"victory":false,"max_hp_per_floor":[72,72,72,72,72,72,72,72,72,72,72,72,72,72,72,72],"card_choices":[{"not_picked":["Pummel","Burning Pact","True Grit"],"picked":"SKIP","floor":1},{"not_picked":["Clash","Shrug It Off"],"picked":"Armaments","floor":4},{"not_picked":["Heavy Blade","Infernal Blade","Havoc"],"picked":"SKIP","floor":7},{"not_picked":["Pummel","Flex","Blood for Blood"],"picked":"SKIP","floor":10},{"not_picked":["Clash","Pummel"],"picked":"Spot Weakness","floor":12},{"not_picked":["Feel No Pain","Armaments","Body Slam"],"picked":"SKIP","floor":14}],"player_experience":648713,"relics_obtained":[{"floor":12,"key":"Odd Mushroom"},{"floor":14,"key":"Peace Pipe"}],"event_choices":[{"damage_healed":0,"gold_gain":0,"player_choice":"Entered Light","damage_taken":14,"max_hp_gain":0,"max_hp_loss":0,"event_name":"Shining Light","floor":2,"gold_loss":0,"cards_upgraded":["Defend_R","Defend_R"]},{"damage_healed":0,"gold_gain":0,"player_choice":"Success","damage_taken":18,"relics_obtained":["Bag of Marbles"],"max_hp_gain":0,"max_hp_loss":0,"event_name":"Scrap Ooze","floor":3,"gold_loss":0},{"cards_removed":["Defend_R"],"damage_healed":0,"gold_gain":0,"player_choice":"Card Removal","damage_taken":7,"max_hp_gain":0,"max_hp_loss":0,"event_name":"Golden Wing","floor":5,"gold_loss":0},{"damage_healed":0,"gold_gain":0,"player_choice":"Searched \u00271\u0027 times","damage_taken":0,"relics_obtained":["MawBank"],"max_hp_gain":0,"max_hp_loss":0,"event_name":"Dead Adventurer","floor":8,"gold_loss":0},{"damage_healed":0,"gold_gain":0,"player_choice":"Fought Mushrooms","damage_taken":0,"max_hp_gain":0,"max_hp_loss":0,"event_name":"Mushrooms","floor":12,"gold_loss":0}],"is_beta":false,"boss_relics":[],"items_purged_floors":[],"is_endless":false,"potions_floor_spawned":[1,10],"killed_by":"Slime Boss","ascension_level":0}