{"gold_per_floor":[118,193,207,225,237,271,336,336,336,353,318,318,331,366,366,470,470,490,490,415,430,440,465,465,478,556,556,568,568,83,0,0,102,102,117,127,0,13,26,53,53,53,53,67,67,100,113,131,131,131],"floor_reached":50,"playtime":5130,"items_purged":["Defend_B"],"score":611,"play_id":"fc8d7523-6aac-434a-afc9-d4d3a004f704","local_time":"20180930094644","is_ascension_mode":false,"campfire_choices":[{"floor":8.0,"key":"REST"},{"data":"Consume","floor":12.0,"key":"SMITH"},{"floor":15.0,"key":"REST"},{"floor":24.0,"key":"REST"},{"data":"White Noise","floor":27.0,"key":"SMITH"},{"floor":32.0,"key":"REST"},{"data":"Doom and Gloom","floor":41,"key":"SMITH"},{"data":"Defragment","floor":49,"key":"SMITH"}],"neow_cost":"NONE","seed_source_timestamp":1377383710447636,"circlet_count":0,"master_deck":["Zap","Dualcast","Conserve Battery","Consume+1","White Noise+1","Doom and Gloom+1","Conserve Battery","Sweeping Beam","Redo+1","Coolheaded+1","Glacier+1","Multi-Cast+1","Scrape","Bite","Bite","Bite","Fusion+1","FTL+1","Conserve Battery+1","Conserve Battery+1","Fission+1","Rebound+1","Meteor Strike+1","Panacea+1","Cold Snap+1","Gash","Recycle+1","White Noise+1","Defragment+1","Melter+1"],"special_seed":0,"relics":["Cracked Core","Unceasing Top","Pear","Toxic Egg 2","Sundial","Nuclear Battery","Lantern","Gremlin Horn","Enchiridion","Mummified Hand","Oddly Smooth Stone","Astrolabe","Red Mask","Boot","Matryoshka","Centennial Puzzle"],"potions_floor_usage":[36,40,50],"damage_taken":[{"damage":0.0,"enemies":"Cultist","floor":1.0,"turns":3.0},{"damage":0.0,"enemies":"2 Louse","floor":3.0,"turns":2.0},{"damage":11.0,"enemies":"Jaw Worm","floor":4.0,"turns":3.0},{"damage":8.0,"enemies":"Gremlin Gang","floor":5.0,"turns":6.0},{"damage":19.0,"enemies":"3 Sentries","floor":6.0,"turns":5.0},{"damage":17.0,"enemies":"3 Sentries","floor":7.0,"turns":5.0},{"damage":3.0,"enemies":"3 Louse","floor":10.0,"turns":2.0},{"damage":0.0,"enemies":"Large Slime","floor":13.0,"turns":3.0},{"damage":26.0,"enemies":"Lagavulin","floor":14.0,"turns":7.0},{"damage":35.0,"enemies":"The Guardian","floor":16.0,"turns":16.0},{"damage":10.0,"enemies":"3 Byrds","floor":18.0,"turns":5.0},{"damage":19.0,"enemies":"Shell Parasite","floor":21.0,"turns":10.0},{"damage":18.0,"enemies":"3 Cultists","floor":22.0,"turns":4.0},{"damage":40.0,"enemies":"Slavers","floor":23.0,"turns":5.0},{"damage":16.0,"enemies":"Snake Plant","floor":25.0,"turns":6.0},{"damage":14.0,"enemies":"Centurion and Healer","floor":28.0,"turns":7.0},{"damage":63.0,"enemies":"Champ","floor":33.0,"turns":12.0},{"damage":7,"enemies":"3 Shapes","floor":35,"turns":4},{"damage":33,"enemies":"3 Darklings","floor":36,"turns":3},{"damage":7,"enemies":"Transient","floor":38,"turns":5},{"damage":5,"enemies":"Maw","floor":39,"turns":7},{"damage":0,"enemies":"2 Orb Walkers","floor":40,"turns":4},{"damage":0,"enemies":"Sphere and 2 Shapes","floor":44,"turns":3},{"damage":11,"enemies":"Giant Head","floor":46,"turns":7},{"damage":0,"enemies":"3 Darklings","floor":47,"turns":2},{"damage":15,"enemies":"Reptomancer","floor":48,"turns":4},{"damage":79,"enemies":"Donu and Deca","floor":50,"turns":6}],"seed_played":"-2657007089331229461","potions_obtained":[{"floor":0.0,"key":"SpeedPotion"},{"floor":0.0,"key":"Poison Potion"},{"floor":0.0,"key":"SteroidPotion"},{"floor":6.0,"key":"AttackPotion"},{"floor":7.0,"key":"Regen Potion"},{"floor":13.0,"key":"Poison Potion"},{"floor":18.0,"key":"FearPotion"},{"floor":23.0,"key":"Swift Potion"},{"floor":33.0,"key":"LiquidBronze"},{"floor":39,"key":"Swift Potion"},{"floor":40,"key":"Regen Potion"}],"is_trial":false,"path_per_floor":["M","?","M","M","M","E","?","R","T","M","?","R","M","E","R","B",null,"M","?","?","M","M","E","R","M","T","R","M","?","$","?","R","B",null,"M","M","?","M","M","E","R","?","T","M","?","E","M","M","R"],"character_chosen":"DEFECT","items_purchased":["Mummified Hand","Oddly Smooth Stone"],"campfire_rested":4,"item_purchase_floors":[30,30],"current_hp_per_floor":[75,64,64,53,45,26,19,44,44,46,67,67,67,41,66,31,85,75,59,59,55,43,19,36,40,40,40,44,28,28,28,45,4,59,52,31,31,36,51,59,59,56,56,56,56,49,53,43,43,0],"gold":131,"neow_bonus":"THREE_SMALL_POTIONS","is_prod":false,"is_daily":false,"chose_seed":false,"campfire_upgraded":4,"win_rate":0.0,"timestamp":1538315204,"path_taken":["M","?","M","?","M","E","?","R","T","M","?","R","M","E","R","BOSS","M","?","?","M","M","E","R","M","T","R","M","?","$","?","R","BOSS","M","M","?","?","M","E","R","?","T","M","?","E","M","M","R","BOSS"],"build_version":"2018-09-27","purchased_purges":1,"victory":false,"max_hp_per_floor":[75,75,75,75,75,75,85,85,85,85,85,85,85,85,85,85,85,85,59,59,59,59,59,59,59,59,59,59,59,59,59,59,59,59,59,59,59,59,59,59,59,56,56,56,56,56,56,56,56,56],"card_choices":[{"not_picked":["Rebound","Ball Lightning"],"picked":"Conserve Battery","floor":1.0},{"not_picked":["Darkness","Biased Cognition"],"picked":"Consume","floor":3.0},{"not_picked":["Conserve Battery","Streamline"],"picked":"White Noise","floor":4.0},{"not_picked":["Compile Driver","Streamline"],"picked":"Doom and Gloom","floor":5.0},{"not_picked":["Beam Cell","Leap"],"picked":"Conserve Battery","floor":6.0},{"not_picked":["Conserve Battery","Turbo"],"picked":"Sweeping Beam","floor":7.0},{"not_picked":["Sweeping Beam","Conserve Battery+1"],"picked":"Redo+1","floor":10.0},{"not_picked":["Rebound","Barrage"],"picked":"Coolheaded+1","floor":13.0},{"not_picked":["Cold Snap","Reboot+1"],"picked":"Glacier+1","floor":14.0},{"not_picked":["Echo Form","Reboot+1"],"picked":"Multi-Cast+1","floor":16.0},{"not_picked":["Reinforced Body+1","Cold Snap+1"],"picked":"Scrape","floor":18.0},{"not_picked":["Barrage+1","Cold Snap","Aggregate+1"],"picked":"SKIP","floor":21.0},{"not_picked":["Reinforced Body+1","Hologram+1"],"picked":"Fusion+1","floor":22.0},{"not_picked":["Consume+1","Hologram+1"],"picked":"FTL+1","floor":23.0},{"not_picked":["Hologram+1","Ball Lightning+1"],"picked":"Conserve Battery+1","floor":25.0},{"not_picked":["Barrage","Chill+1"],"picked":"Conserve Battery+1","floor":28.0},{"not_picked":["Thunder Strike","Core Surge"],"picked":"Fission+1","floor":33.0},{"not_picked":["Stack+1","Rip and Tear","Barrage"],"picked":"SKIP","floor":35},{"not_picked":["Reinforced Body+1","Conserve Battery+1","Sunder"],"picked":"SKIP","floor":36},{"not_picked":["Hologram+1","Conserve Battery+1"],"picked":"Cold Snap+1","floor":38},{"not_picked":["Go for the Eyes+1","Static Discharge+1"],"picked":"Gash","floor":39},{"not_picked":["Conserve Battery+1","Leap+1"],"picked":"Recycle+1","floor":40},{"not_picked":["Skim+1","Recycle+1"],"picked":"White Noise+1","floor":44},{"not_picked":["Gash+1","Chill+1"],"picked":"Defragment","floor":46},{"not_picked":["Darkness+1","BootSequence+1","Blizzard+1"],"picked":"SKIP","floor":47},{"not_picked":["Cold Snap","Hello World"],"picked":"Melter+1","floor":48}],"player_experience":121877,"relics_obtained":[{"floor":6.0,"key":"Unceasing Top"},{"floor":7.0,"key":"Pear"},{"floor":9.0,"key":"Toxic Egg 2"},{"floor":14.0,"key":"Sundial"},{"floor":23.0,"key":"Lantern"},{"floor":26.0,"key":"Gremlin Horn"},{"floor":29.0,"key":"Enchiridion"},{"floor":40,"key":"Boot"},{"floor":43,"key":"Matryoshka"},{"floor":46,"key":"Centennial Puzzle"}],"event_choices":[{"event_name":"World of Goop","player_choice":"Gather Gold","floor":2.0,"damage_taken":0.0},{"event_name":"Dead Adventurer","player_choice":"Searched \u00271\u0027 times","floor":7.0,"damage_taken":0.0},{"event_name":"The Cleric","player_choice":"Healed","floor":11.0,"damage_taken":0.0},{"event_name":"Vampires","player_choice":"Became a vampire","floor":19.0,"damage_taken":0.0},{"event_name":"Beggar","player_choice":"Gave Gold","floor":20.0,"damage_taken":0.0},{"event_name":"Cursed Tome","player_choice":"Obtained Book","floor":29.0,"damage_taken":0.0},{"event_name":"Masked Bandits","player_choice":"Paid Fearfully","floor":31.0,"damage_taken":0.0},{"event_name":"Tomb of Lord Red Mask","player_choice":"Paid","floor":37,"damage_taken":0},{"event_name":"Winding Halls","player_choice":"Max HP","floor":42,"damage_taken":0},{"event_name":"Falling","player_choice":"Removed Attack","floor":45,"damage_taken":0}],"is_beta":false,"boss_relics":[{"not_picked":["Ectoplasm","Cursed Key"],"picked":"Nuclear Battery"},{"not_picked":["Snecko Eye","Black Star"],"picked":"Astrolabe"}],"items_purged_floors":[30],"is_endless":false,"potions_floor_spawned":[1,3,6,7,13,18,23,33,39,40],"killed_by":"Donu and Deca","ascension_level":0}