{"path_per_floor":["M","?","M","?","$","E","R","?","T","M","R","$","M","M","R","B",null,"M","?","?","M","$","R","M"],"character_chosen":"DEFECT","items_purchased":["Defragment","Redo"],"gold_per_floor":[114,114,126,126,57,87,87,87,87,105,105,4,28,47,47,176,176,197,197,112,136,36,36,52,52],"floor_reached":25,"campfire_rested":0,"playtime":1437,"item_purchase_floors":[5,12],"current_hp_per_floor":[75,60,60,60,60,60,60,60,60,60,60,60,59,55,55,55,69,69,53,53,28,28,28,12,0],"items_purged":["Strike_B","Strike_B"],"gold":52,"score":276,"play_id":"84d666fc-1eb0-44e2-adab-5de79182580b","local_time":"20180530225938","is_prod":false,"is_daily":false,"chose_seed":false,"is_ascension_mode":false,"campfire_upgraded":4,"win_rate":0,"timestamp":1527688778,"campfire_choices":[{"data":"Defragment","floor":7,"key":"SMITH"},{"data":"Defragment","floor":11,"key":"SMITH"},{"data":"Loop","floor":15,"key":"SMITH"},{"data":"Defragment","floor":23,"key":"SMITH"}],"path_taken":["M","?","M","?","$","E","R","?","T","M","R","$","?","M","R","BOSS","M","?","?","M","$","R","M","M"],"build_version":"2018-05-29","seed_source_timestamp":86785175839583,"purchased_purges":2,"victory":false,"master_deck":["Strike_B+1","Defend_B+1","Defend_B","Defend_B","Defend_B+1","Zap","Dualcast","Steam","Coolheaded","Defragment+1","Loop+1","Defragment+1","Redo","BootSequence","Turbo+1","Defragment+1","Redo","Fission","Ball Lightning","Hologram","Glacier","Ball Lightning+1","Redo","Echo Form"],"max_hp_per_floor":[75,75,75,75,75,75,75,69,69,69,69,69,69,69,69,69,69,69,69,69,69,69,69,69,69],"relics":["Cracked Core","NeowsBlessing","Prayer Wheel","Golden Idol","Peace Pipe","Sozu","Nilry\u0027s Codex","War Paint"],"card_choices":[{"not_picked":["Hologram","Stack"],"picked":"Steam","floor":1},{"not_picked":["Hologram","Conserve Battery"],"picked":"Coolheaded","floor":3},{"not_picked":["Conserve Battery","Rip and Tear","Compile Driver"],"picked":"SKIP","floor":6},{"not_picked":["Beam Cell","Leap"],"picked":"Loop","floor":10},{"not_picked":["Hello World","Conserve Battery"],"picked":"Defragment","floor":10},{"not_picked":["Leap","Compile Driver"],"picked":"BootSequence","floor":13},{"not_picked":["Core Surge","Barrage"],"picked":"Turbo","floor":13},{"not_picked":["Coolheaded","Barrage"],"picked":"Defragment","floor":14},{"not_picked":["Stack","Beam Cell"],"picked":"Redo","floor":14},{"not_picked":["Meteor Strike","Thunder Strike"],"picked":"Fission","floor":16},{"not_picked":["Compile Driver","Melter"],"picked":"Ball Lightning","floor":18},{"not_picked":["Gash","Compile Driver"],"picked":"Hologram","floor":18},{"not_picked":["Cold Snap","Ball Lightning"],"picked":"Glacier","floor":21},{"not_picked":["Glacier","Double Energy+1"],"picked":"Ball Lightning+1","floor":21},{"not_picked":["Genetic Algorithm+1","Undo+1"],"picked":"Redo","floor":24},{"not_picked":["Barrage+1","Go for the Eyes"],"picked":"Echo Form","floor":24}],"player_experience":213920,"potions_floor_usage":[18,18],"damage_taken":[{"damage":0,"enemies":"Small Slimes","floor":1,"turns":1},{"damage":0,"enemies":"Jaw Worm","floor":3,"turns":1},{"damage":0,"enemies":"Lagavulin","floor":6,"turns":1},{"damage":0,"enemies":"2 Louse","floor":10,"turns":3},{"damage":1,"enemies":"2 Fungi Beasts","floor":13,"turns":3},{"damage":4,"enemies":"Lots of Slimes","floor":14,"turns":4},{"damage":0,"enemies":"Slime Boss","floor":16,"turns":8},{"damage":0,"enemies":"3 Byrds","floor":18,"turns":9},{"damage":25,"enemies":"2 Thieves","floor":21,"turns":5},{"damage":16,"enemies":"Cultist and Chosen","floor":24,"turns":7},{"damage":15,"enemies":"Snake Plant","floor":25,"turns":2}],"relics_obtained":[{"floor":6,"key":"Prayer Wheel"},{"floor":9,"key":"Peace Pipe"},{"floor":19,"key":"Nilry\u0027s Codex"}],"event_choices":[{"event_name":"Shining Light","player_choice":"Entered Light","floor":2,"damage_taken":0},{"event_name":"Bonfire Elementals","player_choice":"BASIC","floor":4,"damage_taken":0},{"event_name":"Golden Idol","player_choice":"Lose Max HP","floor":8,"damage_taken":0},{"event_name":"Cursed Tome","player_choice":"Obtained Book","floor":19,"damage_taken":0},{"event_name":"Addict","player_choice":"Obtained Relic","floor":20,"damage_taken":0}],"boss_relics":[{"not_picked":["Calling Bell","Pandora\u0027s Box"],"picked":"Sozu"}],"items_purged_floors":[12,22],"potions_floor_spawned":[3,13,14],"seed_played":"-6297360662497058246","killed_by":"Snake Plant","ascension_level":0,"potions_obtained":[{"floor":3,"key":"Ancient Potion"},{"floor":13,"key":"Poison Potion"},{"floor":14,"key":"Poison Potion"}],"is_trial":false}