{"path_per_floor":["M","M","?","?","?","R","E","M","T","R","M","R","M","M","R","B",null,"M","?","M","?","$","R","M","R","T","?","M"],"character_chosen":"DEFECT","items_purchased":[],"gold_per_floor":[110,130,130,130,130,130,165,184,237,237,255,255,271,289,289,391,391,410,410,428,343,268,268,285,285,360,360,380,380],"floor_reached":29,"campfire_rested":3,"playtime":1752,"item_purchase_floors":[],"current_hp_per_floor":[70,69,69,75,57,75,50,44,44,44,44,44,44,44,66,57,75,54,38,21,21,21,27,17,45,45,31,23,0],"items_purged":["Defend_B"],"gold":380,"score":225,"play_id":"bbd1bae6-9f56-4ca6-a43b-3591deb91cf5","local_time":"20180603014311","is_prod":false,"is_daily":false,"chose_seed":false,"is_ascension_mode":false,"campfire_upgraded":3,"win_rate":0.0,"timestamp":1528004591,"campfire_choices":[{"floor":6,"key":"REST"},{"data":"Streamline","floor":10,"key":"SMITH"},{"data":"Dualcast","floor":12,"key":"SMITH"},{"floor":15,"key":"REST"},{"data":"Fission","floor":23,"key":"SMITH"},{"floor":25,"key":"REST"}],"path_taken":["M","M","?","?","?","R","E","M","T","R","M","R","M","M","R","BOSS","M","?","M","?","$","R","M","R","T","?","M","M"],"build_version":"2018-05-31","seed_source_timestamp":450368533103940,"purchased_purges":1,"victory":false,"master_deck":["Strike_B","Strike_B","Strike_B","Defend_B","Defend_B","Defend_B","Zap","Dualcast+1","Gash","Streamline+1","FTL","Auto Shields","Cold Snap","Gash","Fission+1","Beam Cell","Cold Snap","Double Energy+1","Static Discharge"],"max_hp_per_floor":[75,75,75,75,75,75,75,75,75,75,75,75,75,75,75,75,75,75,75,75,75,75,75,75,75,75,80,80,80],"relics":["Cracked Core","Art of War","Potion Belt","Anchor","Eternal Feather","Torii","Meat on the Bone"],"card_choices":[{"not_picked":["Melter","Stack"],"picked":"Gash","floor":1},{"not_picked":["Compile Driver","Stack"],"picked":"Defragment","floor":2},{"not_picked":["Aggregate","Amplify"],"picked":"Streamline","floor":7},{"not_picked":["Stack","Compile Driver"],"picked":"FTL","floor":8},{"not_picked":["Conserve Battery","Hologram"],"picked":"Auto Shields","floor":11},{"not_picked":["Chaos","BootSequence"],"picked":"Cold Snap","floor":13},{"not_picked":["Genetic Algorithm","Stack"],"picked":"Gash","floor":14},{"not_picked":["Buffer","Amplify"],"picked":"Fission","floor":16},{"not_picked":["Go for the Eyes","Auto Shields"],"picked":"Beam Cell","floor":18},{"not_picked":["Reprogram","Steam+1"],"picked":"Cold Snap","floor":20},{"not_picked":["Reboot","Go for the Eyes"],"picked":"Double Energy+1","floor":24},{"not_picked":["Rip and Tear+1","Doom and Gloom+1"],"picked":"Static Discharge","floor":28}],"player_experience":102558,"potions_floor_usage":[7,16,18,28,29],"damage_taken":[{"damage":5,"enemies":"Small Slimes","floor":1,"turns":3},{"damage":1,"enemies":"Cultist","floor":2,"turns":3},{"damage":25,"enemies":"3 Sentries","floor":7,"turns":8},{"damage":6,"enemies":"Jaw Worm","floor":8,"turns":2},{"damage":0,"enemies":"Red Slaver","floor":11,"turns":2},{"damage":0,"enemies":"Exordium Thugs","floor":13,"turns":3},{"damage":0,"enemies":"3 Louse","floor":14,"turns":3},{"damage":9,"enemies":"Slime Boss","floor":16,"turns":8},{"damage":21,"enemies":"3 Byrds","floor":18,"turns":6},{"damage":17,"enemies":"Chosen","floor":20,"turns":6},{"damage":10,"enemies":"Centurion and Healer","floor":24,"turns":10},{"damage":20,"enemies":"Snake Plant","floor":28,"turns":5},{"damage":24,"enemies":"3 Cultists","floor":29,"turns":5}],"relics_obtained":[{"floor":7,"key":"Potion Belt"},{"floor":9,"key":"Anchor"},{"floor":26,"key":"Meat on the Bone"}],"event_choices":[{"event_name":"Purifier","player_choice":"One Purge","floor":3,"damage_taken":0},{"event_name":"Bonfire Elementals","player_choice":"UNCOMMON","floor":4,"damage_taken":0},{"event_name":"Scrap Ooze","player_choice":"success","floor":5,"damage_taken":18},{"event_name":"Cursed Tome","player_choice":"Obtained Book","floor":19,"damage_taken":0},{"event_name":"Addict","player_choice":"Obtained Relic","floor":21,"damage_taken":0},{"event_name":"Forgotten Altar","player_choice":"Shed Blood","floor":27,"damage_taken":0}],"boss_relics":[{"not_picked":["Inserter","Runic Dome"],"picked":"Eternal Feather"}],"items_purged_floors":[22],"potions_floor_spawned":[1,7,11,14,28],"seed_played":"7790800786551384709","killed_by":"3 Cultists","ascension_level":0,"potions_obtained":[{"floor":1,"key":"Energy Potion"},{"floor":7,"key":"Strength Potion"},{"floor":11,"key":"SteroidPotion"},{"floor":14,"key":"Energy Potion"},{"floor":28,"key":"Block Potion"}],"is_trial":false}