{"gold_per_floor":[114,129,304,304,323,361,361,361,411,411,11,30,49,68,68,193,193,212,231,195,195,214,214,252,352,427,446,465,484,484,503,503,628,628,647,708,727,727,746,746,765,765,765,803,42,61,61,80,80,80],"floor_reached":51,"playtime":6735,"items_purged":["Pain"],"score":753,"play_id":"5f9818e3-64c7-476b-b815-62c7312d0dad","local_time":"20190130221249","daily_mods":["Shiny","Uncertain Future","Terminal"],"is_ascension_mode":false,"campfire_choices":[{"data":"A Thousand Cuts","floor":7.0,"key":"SMITH"},{"data":"Night Terror","floor":10.0,"key":"SMITH"},{"data":"Adrenaline","floor":15.0,"key":"SMITH"},{"data":"Crippling Poison","floor":23.0,"key":"SMITH"},{"data":"Footwork","floor":30,"key":"SMITH"},{"floor":32,"key":"REST"},{"floor":40,"key":"REST"},{"floor":42,"key":"REST"},{"data":"Sadistic Nature","floor":49,"key":"SMITH"}],"neow_cost":"","seed_source_timestamp":0,"circlet_count":0,"master_deck":["Venomology","Corpse Explosion","Malaise","Phantasmal Killer","Die Die Die+1","Adrenaline+1","Envenom","Doppelganger","Burst","Tools of the Trade","Night Terror+1","Unload","After Image","Bullet Time","Storm of Steel","Glass Knife","A Thousand Cuts+1","Backstab","Noxious Fumes","Backstab","Glass Knife","Well Laid Plans","Crippling Poison+1","Footwork+1","RitualDagger","Backflip","Backflip+1","Cloak And Dagger","After Image","Night Terror+1","Skewer+1","Leg Sweep","Dash+1","Blur+1","Escape Plan+1","Sadistic Nature+1","Footwork","Writhe"],"special_seed":17922,"relics":["Ring of the Snake","Golden Idol","Strawberry","Mercury Hourglass","Anchor","Whetstone","Bottled Lightning","HoveringKite","StoneCalendar","Meat on the Bone","Astrolabe","Turnip","Tough Bandages","Nunchaku","Chemical X","Ornamental Fan"],"potions_floor_usage":[29,29,36,36,39,41,41,41,50,50],"damage_taken":[{"damage":0.0,"enemies":"2 Louse","floor":1.0,"turns":3.0},{"damage":0.0,"enemies":"Jaw Worm","floor":2.0,"turns":2.0},{"damage":0.0,"enemies":"Small Slimes","floor":5.0,"turns":3.0},{"damage":0.0,"enemies":"Lagavulin","floor":6.0,"turns":7.0},{"damage":0.0,"enemies":"Red Slaver","floor":12.0,"turns":2.0},{"damage":0.0,"enemies":"Blue Slaver","floor":13.0,"turns":1.0},{"damage":0.0,"enemies":"2 Fungi Beasts","floor":14.0,"turns":2.0},{"damage":16.0,"enemies":"The Guardian","floor":16.0,"turns":8.0},{"damage":0.0,"enemies":"2 Thieves","floor":18.0,"turns":2.0},{"damage":0.0,"enemies":"3 Byrds","floor":19.0,"turns":2.0},{"damage":0.0,"enemies":"Cultist and Chosen","floor":22.0,"turns":4.0},{"damage":8.0,"enemies":"Slavers","floor":24.0,"turns":2.0},{"damage":0.0,"enemies":"Centurion and Healer","floor":27.0,"turns":3.0},{"damage":12.0,"enemies":"Snecko","floor":28.0,"turns":5.0},{"damage":0,"enemies":"Cultist and Chosen","floor":29,"turns":5},{"damage":0,"enemies":"3 Cultists","floor":31,"turns":1},{"damage":3,"enemies":"Automaton","floor":33,"turns":7},{"damage":10,"enemies":"3 Darklings","floor":35,"turns":3},{"damage":0,"enemies":"2 Orb Walkers","floor":36,"turns":2},{"damage":0,"enemies":"3 Shapes","floor":37,"turns":2},{"damage":11,"enemies":"Writhing Mass","floor":39,"turns":5},{"damage":4,"enemies":"Maw","floor":41,"turns":8},{"damage":11,"enemies":"Reptomancer","floor":44,"turns":7},{"damage":0,"enemies":"Jaw Worm Horde","floor":46,"turns":3},{"damage":0,"enemies":"Writhing Mass","floor":48,"turns":5},{"damage":16,"enemies":"Donu and Deca","floor":50,"turns":7}],"seed_played":"8774462537706310572","potions_obtained":[{"floor":12.0,"key":"GamblersBrew"},{"floor":22.0,"key":"Strength Potion"},{"floor":28,"key":"Weak Potion"},{"floor":33,"key":"EssenceOfSteel"},{"floor":35,"key":"Swift Potion"},{"floor":36,"key":"FearPotion"},{"floor":39,"key":"AttackPotion"},{"floor":48,"key":"AttackPotion"}],"is_trial":false,"path_per_floor":["M","M","?","?","M","E","R","T","T","R","$","M","M","M","R","B",null,"M","M","$","?","M","R","E","?","T","M","M","M","R","M","R","B",null,"M","?","M","?","M","R","M","R","T","E","$","M","?","M","R","B",null],"character_chosen":"THE_SILENT","items_purchased":["Whetstone","Bottled Lightning","Footwork","Sadistic Nature","Chemical X","Ornamental Fan","Footwork"],"campfire_rested":3,"item_purchase_floors":[11,11,20,45,45,45,45],"current_hp_per_floor":[68,67,66,50,50,57,57,57,57,57,57,57,57,57,57,41,59,58,57,56,50,50,50,42,42,42,42,30,30,30,30,43,40,42,32,32,32,32,21,32,28,34,33,22,22,22,29,28,27,23],"gold":80,"neow_bonus":"","is_prod":false,"is_daily":true,"chose_seed":false,"campfire_upgraded":6,"win_rate":0,"timestamp":1548904369,"path_taken":["M","M","?","?","M","E","R","?","T","R","$","M","M","M","R","BOSS","M","M","$","?","M","R","E","?","T","?","M","M","R","M","R","BOSS","M","?","M","?","M","R","M","R","T","E","$","M","?","M","R","BOSS"],"build_version":"2019-01-23","purchased_purges":1,"victory":true,"max_hp_per_floor":[68,67,66,65,64,70,69,68,67,66,65,64,63,62,61,60,59,58,57,56,55,54,53,52,51,50,49,48,47,46,45,44,43,42,41,40,39,38,37,36,35,34,33,32,31,30,29,28,27,26],"card_choices":[{"not_picked":["Prepared","Dagger Spray","Slice"],"picked":"SKIP","floor":1.0},{"not_picked":["Poisoned Stab","Deadly Poison","Accuracy"],"picked":"SKIP","floor":2.0},{"not_picked":["Wraith Form v2","Concentrate"],"picked":"Backstab","floor":5.0},{"not_picked":["Sucker Punch","Slice"],"picked":"Noxious Fumes","floor":6.0},{"not_picked":["Blade Dance","Prepared"],"picked":"Backstab","floor":12.0},{"not_picked":["PiercingWail","Deflect","Venomology"],"picked":"SKIP","floor":13.0},{"not_picked":["Flying Knee","Dagger Spray","Outmaneuver"],"picked":"SKIP","floor":14.0},{"not_picked":["Doppelganger","Wraith Form v2"],"picked":"Glass Knife","floor":16.0},{"not_picked":["Deflect","Expertise"],"picked":"Well Laid Plans","floor":18.0},{"not_picked":["PiercingWail","Flechettes"],"picked":"Crippling Poison","floor":19.0},{"not_picked":["Dagger Throw+1","Accuracy","Riddle With Holes+1"],"picked":"SKIP","floor":22.0},{"not_picked":["Flechettes","Bane","Deadly Poison"],"picked":"SKIP","floor":24.0},{"not_picked":["Bane","Concentrate+1"],"picked":"Escape Plan","floor":27.0},{"not_picked":["Sucker Punch+1","Blade Dance"],"picked":"Backflip","floor":28},{"not_picked":["Bane","Well Laid Plans"],"picked":"Backflip+1","floor":29},{"not_picked":["Storm of Steel","Acrobatics"],"picked":"Cloak And Dagger","floor":31},{"not_picked":["Unload","A Thousand Cuts"],"picked":"After Image","floor":33},{"not_picked":["Blade Dance+1","Concentrate","Prepared+1"],"picked":"SKIP","floor":35},{"not_picked":["Quick Slash","Prepared+1"],"picked":"Leg Sweep","floor":36},{"not_picked":["Underhanded Strike+1","PiercingWail"],"picked":"Dash+1","floor":37},{"not_picked":["Acrobatics+1","Eviscerate","Bane"],"picked":"SKIP","floor":39},{"not_picked":["Terror","Catalyst"],"picked":"Blur+1","floor":41},{"not_picked":["Concentrate+1","Distraction+1"],"picked":"Escape Plan+1","floor":44},{"not_picked":["Phantasmal Killer","Underhanded Strike","Backstab"],"picked":"SKIP","floor":46},{"not_picked":["Deflect","Accuracy","Dodge and Roll+1"],"picked":"SKIP","floor":48}],"player_experience":834902,"relics_obtained":[{"floor":6.0,"key":"Strawberry"},{"floor":8.0,"key":"Mercury Hourglass"},{"floor":9.0,"key":"Anchor"},{"floor":24.0,"key":"StoneCalendar"},{"floor":26.0,"key":"Meat on the Bone"},{"floor":36,"key":"Turnip"},{"floor":43,"key":"Tough Bandages"},{"floor":44,"key":"Nunchaku"}],"event_choices":[{"damage_healed":0.0,"max_hp_gain":0.0,"max_hp_loss":0.0,"gold_gain":175.0,"event_name":"Liars Game","player_choice":"AGREE","floor":3.0,"gold_loss":0.0,"damage_taken":0.0,"cards_obtained":["Doubt"]},{"damage_healed":0.0,"max_hp_gain":0.0,"max_hp_loss":0.0,"gold_gain":0.0,"event_name":"Golden Idol","player_choice":"Take Damage","floor":4.0,"gold_loss":0.0,"damage_taken":16.0,"relics_obtained":["Golden Idol"]},{"damage_healed":0.0,"max_hp_gain":0.0,"max_hp_loss":0.0,"gold_gain":0.0,"event_name":"Nest","player_choice":"Joined the Cult","floor":21.0,"gold_loss":0.0,"damage_taken":6.0,"cards_obtained":["RitualDagger"]},{"damage_healed":0.0,"max_hp_gain":0.0,"max_hp_loss":0.0,"gold_gain":100.0,"event_name":"Golden Shrine","player_choice":"Pray","floor":25.0,"gold_loss":0.0,"damage_taken":0.0},{"damage_healed":0,"gold_gain":0,"player_choice":"Fight","damage_taken":0,"max_hp_gain":0,"max_hp_loss":0,"event_name":"Mysterious Sphere","floor":36,"gold_loss":0},{"cards_removed":["Escape Plan"],"damage_healed":0,"gold_gain":0,"player_choice":"Removed Skill","damage_taken":0,"max_hp_gain":0,"max_hp_loss":0,"event_name":"Falling","floor":38,"gold_loss":0},{"damage_healed":8,"gold_gain":0,"player_choice":"Writhe","damage_taken":0,"max_hp_gain":0,"max_hp_loss":0,"event_name":"Winding Halls","floor":47,"gold_loss":0,"cards_obtained":["Writhe"]}],"is_beta":false,"boss_relics":[{"not_picked":["Sozu","Fusion Hammer"],"picked":"HoveringKite"},{"not_picked":["Cursed Key","Runic Dome"],"picked":"Astrolabe"}],"items_purged_floors":[45],"is_endless":false,"potions_floor_spawned":[12,13,14,22,28,33,35,36,39,48],"ascension_level":0}