{"path_per_floor":["M","?","M","M","?","E","M","M","T","M","R","M","R","M","R"],"character_chosen":"DEFECT","items_purchased":[],"gold_per_floor":[117,67,78,88,88,119,138,149,149,160,160,178,178,197,197,197],"floor_reached":16,"campfire_rested":1,"playtime":1220,"item_purchase_floors":[],"current_hp_per_floor":[75,75,65,65,65,51,25,18,18,25,25,11,11,11,33,0],"items_purged":[],"gold":197,"score":106,"play_id":"94eb244d-8c3e-44a0-8599-260bf230b0b5","local_time":"20180521122245","is_prod":false,"is_daily":false,"chose_seed":false,"is_ascension_mode":false,"campfire_upgraded":2,"timestamp":1526872965,"campfire_choices":[{"data":"Fusion","floor":11,"key":"SMITH"},{"data":"Fusion","floor":13,"key":"SMITH"},{"floor":15,"key":"REST"}],"path_taken":["M","?","?","M","?","E","M","?","T","?","R","M","R","M","R","BOSS"],"build_version":"2018-05-18","seed_source_timestamp":3583488330492,"purchased_purges":0,"victory":false,"master_deck":["Strike_B","Strike_B","Defend_B","Defend_B","Defend_B","Defend_B","Zap","Dualcast","Conserve Battery","Sweeping Beam","White Noise","Leap","Fission","Capacitor","Capacitor","Fusion+1","Fusion+1","Double Energy"],"max_hp_per_floor":[75,75,75,75,75,75,75,75,75,75,75,75,75,75,75,75],"relics":["Cracked Core","Oddly Smooth Stone","Ancient Tea Set","The Courier"],"card_choices":[{"not_picked":["Hologram","Melter"],"picked":"Conserve Battery","floor":1},{"not_picked":["Coolheaded","Beam Cell"],"picked":"Sweeping Beam","floor":3},{"not_picked":["Stack","Hologram"],"picked":"White Noise","floor":4},{"not_picked":["Leap","Heatsinks"],"picked":"Fission","floor":6},{"not_picked":["Steam","Sweeping Beam"],"picked":"Capacitor","floor":7},{"not_picked":["Tempest","Rebound"],"picked":"Capacitor","floor":8},{"not_picked":["Coolheaded","Steam"],"picked":"Fusion","floor":10},{"not_picked":["Skim","Hologram"],"picked":"Fusion","floor":12},{"not_picked":["Steam","Coolheaded"],"picked":"Double Energy","floor":14}],"player_experience":140493,"potions_floor_usage":[14,14,16],"damage_taken":[{"damage":0,"enemies":"2 Louse","floor":1,"turns":2},{"damage":10,"enemies":"Small Slimes","floor":3,"turns":3},{"damage":0,"enemies":"Jaw Worm","floor":4,"turns":3},{"damage":21,"enemies":"3 Sentries","floor":6,"turns":8},{"damage":26,"enemies":"Gremlin Gang","floor":7,"turns":4},{"damage":7,"enemies":"3 Louse","floor":8,"turns":4},{"damage":0,"enemies":"Large Slime","floor":10,"turns":8},{"damage":14,"enemies":"Gremlin Gang","floor":12,"turns":5},{"damage":0,"enemies":"Exordium Wildlife","floor":14,"turns":3},{"damage":34,"enemies":"The Guardian","floor":16,"turns":11}],"relics_obtained":[{"floor":6,"key":"Ancient Tea Set"},{"floor":9,"key":"The Courier"}],"event_choices":[{"event_name":"The Cleric","player_choice":"Card Removal","floor":2,"damage_taken":0},{"event_name":"Transmorgrifier","player_choice":"Transform","floor":5,"damage_taken":0}],"boss_relics":[],"items_purged_floors":[],"potions_floor_spawned":[3,6,12,14],"seed_played":"5047880164629094488","killed_by":"The Guardian","ascension_level":0,"potions_obtained":[{"floor":3,"key":"Energy Potion"},{"floor":6,"key":"Ancient Potion"},{"floor":12,"key":"Swift Potion"},{"floor":14,"key":"Weak Potion"}],"is_trial":false}