{"gold_per_floor":[114,130,130,144,63,63,63,93,118,133,133,174,249,272,272,395,395,409,534,459,454,454,454,83,104,156,170,191,191,11,47,47,175,175,188,188,188,188,521,521,556,568,607,672,36,55,70,103,103,103,103,103,2,27,27],"floor_reached":55,"playtime":3555,"items_purged":["Strike_R","Defend_R","Defend_R"],"score":844,"play_id":"fc2f2b19-7f4d-425b-9ee8-60d01cff31b4","local_time":"20181209133748","is_ascension_mode":true,"campfire_choices":[{"data":"Flame Barrier","floor":6.0,"key":"SMITH"},{"data":"Demon Form","floor":15.0,"key":"SMITH"},{"floor":23.0,"key":"REST"},{"data":"Reaper","floor":29.0,"key":"SMITH"},{"data":"Bash","floor":32.0,"key":"SMITH"},{"data":"Disarm","floor":40,"key":"SMITH"},{"floor":49,"key":"RECALL"},{"data":"Feel No Pain","floor":52,"key":"SMITH"}],"neow_cost":"NONE","seed_source_timestamp":0,"circlet_count":0,"master_deck":["Strike_R+1","Strike_R+1","Defend_R","Defend_R","Bash+1","Flame Barrier+1","Demon Form+1","Disarm+1","Seeing Red","Reaper+1","Headbutt","Ghostly+1","Ghostly+1","Ghostly+1","Ghostly+1","Shrug It Off+1","Ghostly Armor+1","Feel No Pain+1","Twin Strike+1","Offering+1","Pommel Strike+1","Madness+1","Madness+1","Swift Strike","Violence+1","Twin Strike+1","Body Slam","Heavy Blade","Inflame+1","Shrug It Off+1","Dual Wield+1"],"special_seed":0,"relics":["Burning Blood","Omamori","Whetstone","Busted Crown","Torii","Toxic Egg 2","Mercury Hourglass","Art of War","Sundial","Velvet Choker","MawBank","The Courier","Potion Belt","Champion Belt","Frozen Egg 2","Pen Nib","Ancient Tea Set","Thread and Needle","Strawberry"],"potions_floor_usage":[35,46,48,50,55,55],"damage_taken":[{"damage":10.0,"enemies":"Small Slimes","floor":1.0,"turns":4.0},{"damage":0.0,"enemies":"Jaw Worm","floor":2.0,"turns":3.0},{"damage":0.0,"enemies":"2 Louse","floor":4.0,"turns":3.0},{"damage":24.0,"enemies":"3 Sentries","floor":8.0,"turns":8.0},{"damage":1.0,"enemies":"Large Slime","floor":10.0,"turns":7.0},{"damage":9.0,"enemies":"Lagavulin","floor":12.0,"turns":8.0},{"damage":10.0,"enemies":"Blue Slaver","floor":14.0,"turns":6.0},{"damage":43.0,"enemies":"The Guardian","floor":16.0,"turns":10.0},{"damage":13.0,"enemies":"Shell Parasite","floor":18.0,"turns":6.0},{"damage":24.0,"enemies":"Colosseum Slavers","floor":19.0,"turns":5.0},{"damage":67.0,"enemies":"Colosseum Nobs","floor":19.0,"turns":6.0},{"damage":21.0,"enemies":"2 Thieves","floor":21.0,"turns":4.0},{"damage":10.0,"enemies":"Cultist and Chosen","floor":25.0,"turns":8.0},{"damage":1.0,"enemies":"3 Cultists","floor":27.0,"turns":6.0},{"damage":0.0,"enemies":"Snecko","floor":28.0,"turns":6.0},{"damage":0.0,"enemies":"Book of Stabbing","floor":31.0,"turns":7.0},{"damage":9.0,"enemies":"Automaton","floor":33.0,"turns":12.0},{"damage":3,"enemies":"3 Shapes","floor":35,"turns":6},{"damage":7,"enemies":"Giant Head","floor":41,"turns":8},{"damage":25,"enemies":"2 Orb Walkers","floor":44,"turns":7},{"damage":10,"enemies":"3 Darklings","floor":46,"turns":4},{"damage":6,"enemies":"Jaw Worm Horde","floor":47,"turns":5},{"damage":2,"enemies":"Nemesis","floor":48,"turns":9},{"damage":27,"enemies":"Awakened One","floor":50,"turns":11},{"damage":17,"enemies":"Shield and Spear","floor":54,"turns":7},{"damage":49,"enemies":"The Heart","floor":55,"turns":8}],"seed_played":"-2479303206056089686","potions_obtained":[{"floor":8.0,"key":"Block Potion"},{"floor":12.0,"key":"BloodPotion"},{"floor":16.0,"key":"SpeedPotion"},{"floor":18.0,"key":"Fire Potion"},{"floor":19.0,"key":"SpeedPotion"},{"floor":31.0,"key":"EssenceOfSteel"},{"floor":33.0,"key":"Fruit Juice"},{"floor":44,"key":"SpeedPotion"},{"floor":46,"key":"AttackPotion"},{"floor":54,"key":"Strength Potion"}],"is_trial":false,"path_per_floor":["M","M","?","M","$","R","$","E","T","M","?","E","?","M","R","B",null,"M","?","?","M","?","R","$","M","T","M","M","R","$","E","R","B",null,"M","?","?","?","?","R","E","T","T","?","$","M","M","E","R","B",null,"R","$","E","B"],"character_chosen":"IRONCLAD","items_purchased":["Disarm","Shrug It Off+1","Mercury Hourglass","Feel No Pain","Frozen Egg 2","Pen Nib","Regen Potion","Block Potion","Ancient Tea Set","Heavy Blade","Inflame+1","Shrug It Off+1"],"campfire_rested":1,"item_purchase_floors":[5,24,24,30,45,45,45,45,45,53,53,53],"current_hp_per_floor":[84,88,88,88,88,88,88,70,70,75,75,72,61,60,60,38,81,74,23,23,8,8,20,20,24,24,40,40,40,40,40,40,37,40,45,39,39,34,34,34,37,37,37,27,27,35,42,45,45,24,45,45,45,41,0],"gold":27,"neow_bonus":"TEN_PERCENT_HP_BONUS","is_prod":false,"is_daily":false,"chose_seed":false,"campfire_upgraded":6,"win_rate":0,"timestamp":1544380668,"path_taken":["M","M","?","M","$","R","$","E","T","M","?","E","?","M","R","BOSS","M","?","?","M","?","R","?","M","T","M","M","R","$","E","R","BOSS","M","?","?","?","?","R","E","?","T","?","$","?","M","E","R","BOSS","R","$","E","BOSS"],"build_version":"2018-12-06","purchased_purges":3,"victory":false,"max_hp_per_floor":[88,88,88,88,88,88,88,88,88,88,81,81,81,81,81,81,81,81,81,81,81,40,40,40,40,40,40,40,40,40,40,40,40,40,45,45,45,45,45,45,45,45,45,45,45,45,45,45,45,45,45,45,45,52,52],"card_choices":[{"not_picked":["Twin Strike","Flex"],"picked":"Flame Barrier","floor":1.0},{"not_picked":["Clothesline","Cleave","Thunderclap"],"picked":"SKIP","floor":2.0},{"not_picked":["Blood for Blood","Sever Soul","Flex"],"picked":"SKIP","floor":4.0},{"not_picked":["Sentinel","Twin Strike","Warcry"],"picked":"SKIP","floor":8.0},{"not_picked":["Pommel Strike","Perfected Strike"],"picked":"Seeing Red","floor":10.0},{"not_picked":["Disarm","Pommel Strike"],"picked":"Reaper","floor":12.0},{"not_picked":["Heavy Blade","Pommel Strike"],"picked":"Headbutt","floor":14.0},{"not_picked":["Hemokinesis"],"picked":"SKIP","floor":18.0},{"not_picked":["Anger+1"],"picked":"SKIP","floor":21.0},{"not_picked":["Anger"],"picked":"SKIP","floor":25.0},{"not_picked":["Searing Blow"],"picked":"SKIP","floor":27.0},{"not_picked":[],"picked":"Ghostly Armor+1","floor":28.0},{"not_picked":[],"picked":"Twin Strike+1","floor":31.0},{"not_picked":[],"picked":"Offering+1","floor":33.0},{"not_picked":[],"picked":"Pommel Strike+1","floor":35},{"not_picked":[],"picked":"Swift Strike","floor":38},{"not_picked":[],"picked":"Violence+1","floor":38},{"not_picked":["Searing Blow+1"],"picked":"SKIP","floor":41},{"not_picked":[],"picked":"Twin Strike+1","floor":44},{"not_picked":["Cleave+1"],"picked":"SKIP","floor":46},{"not_picked":[],"picked":"Body Slam","floor":47},{"not_picked":["Thunderclap+1"],"picked":"SKIP","floor":48},{"not_picked":[],"picked":"Dual Wield+1","floor":54}],"player_experience":688619,"relics_obtained":[{"floor":8.0,"key":"Omamori"},{"floor":12.0,"key":"Whetstone"},{"floor":19.0,"key":"Torii"},{"floor":19.0,"key":"Toxic Egg 2"},{"floor":26.0,"key":"Art of War"},{"floor":31.0,"key":"Sundial"},{"floor":41,"key":"MawBank"},{"floor":42,"key":"The Courier"},{"floor":43,"key":"Potion Belt"},{"floor":44,"key":"Champion Belt"},{"floor":48,"key":"Thread and Needle"},{"floor":54,"key":"Strawberry"}],"event_choices":[{"damage_healed":0.0,"max_hp_gain":0.0,"max_hp_loss":0.0,"gold_gain":0.0,"cards_transformed":["Strike_R"],"event_name":"Living Wall","player_choice":"Change","floor":3.0,"gold_loss":0.0,"damage_taken":0.0,"cards_obtained":["Demon Form"]},{"damage_healed":0.0,"max_hp_gain":0.0,"max_hp_loss":7.0,"gold_gain":0.0,"event_name":"Golden Idol","player_choice":"Lose Max HP","floor":11.0,"gold_loss":0.0,"damage_taken":0.0,"relics_obtained":["Golden Idol"]},{"damage_healed":0.0,"max_hp_gain":0.0,"max_hp_loss":0.0,"gold_gain":75.0,"event_name":"World of Goop","player_choice":"Gather Gold","floor":13.0,"gold_loss":0.0,"damage_taken":11.0},{"damage_healed":0.0,"max_hp_gain":0.0,"max_hp_loss":0.0,"gold_gain":0.0,"event_name":"Colosseum","player_choice":"Fight","floor":19.0,"gold_loss":0.0,"damage_taken":0.0},{"damage_healed":0.0,"max_hp_gain":0.0,"max_hp_loss":0.0,"gold_gain":0.0,"event_name":"Colosseum","player_choice":"Fought Nobs","floor":19.0,"gold_loss":0.0,"damage_taken":0.0},{"cards_removed":["Strike_R"],"damage_healed":0.0,"max_hp_gain":0.0,"max_hp_loss":0.0,"gold_gain":0.0,"event_name":"Beggar","player_choice":"Gave Gold","floor":20.0,"gold_loss":75.0,"damage_taken":0.0},{"damage_healed":0.0,"max_hp_gain":0.0,"max_hp_loss":41.0,"gold_gain":0.0,"event_name":"Ghosts","player_choice":"Became a Ghost","floor":22.0,"gold_loss":0.0,"damage_taken":0.0,"cards_obtained":["Ghostly","Ghostly","Ghostly","Ghostly","Ghostly"]},{"damage_healed":0,"gold_gain":0,"player_choice":"Embrace Madness","damage_taken":6,"max_hp_gain":0,"max_hp_loss":0,"event_name":"Winding Halls","floor":36,"gold_loss":0,"cards_obtained":["Madness","Madness"]},{"cards_removed":["Ghostly"],"damage_healed":0,"gold_gain":0,"player_choice":"Removed Skill","damage_taken":0,"max_hp_gain":0,"max_hp_loss":0,"event_name":"Falling","floor":37,"gold_loss":0},{"damage_healed":0,"gold_gain":0,"player_choice":"Memory 2","damage_taken":5,"max_hp_gain":0,"max_hp_loss":0,"event_name":"SensoryStone","floor":38,"gold_loss":0},{"damage_healed":0,"gold_gain":333,"player_choice":"Gave Idol","damage_taken":0,"max_hp_gain":0,"max_hp_loss":0,"event_name":"The Moai Head","floor":39,"relics_lost":["Golden Idol"],"gold_loss":0},{"damage_healed":0,"gold_gain":0,"player_choice":"Fight","damage_taken":0,"max_hp_gain":0,"max_hp_loss":0,"event_name":"Mysterious Sphere","floor":44,"gold_loss":0}],"is_beta":false,"boss_relics":[{"not_picked":["Orrery","Eternal Feather"],"picked":"Busted Crown"},{"not_picked":["Black Blood","Tiny House"],"picked":"Velvet Choker"}],"items_purged_floors":[24,30,45],"is_endless":false,"potions_floor_spawned":[8,12,16,18,19,31,33,44,46,54],"killed_by":"The Heart","ascension_level":1}