{"gold_per_floor":[113,130,149,165,181,209,227,227,227,239,257,257,257],"floor_reached":13,"playtime":857,"items_purged":[],"score":91,"play_id":"b50d004d-b83a-4b08-b038-86be78f18f7f","local_time":"20181225214013","is_ascension_mode":false,"campfire_choices":[{"data":"Creative AI","floor":8,"key":"SMITH"}],"neow_cost":"NONE","seed_source_timestamp":2331738528414247,"circlet_count":0,"master_deck":["Strike_B","Strike_B","Strike_B","Strike_B","Defend_B","Defend_B","Defend_B","Defend_B","Zap","Dualcast","Ball Lightning","Redo","Creative AI+1","Melter","Self Repair","White Noise","Conserve Battery"],"relics":["Cracked Core","Bag of Marbles","Sundial","Regal Pillow"],"potions_floor_usage":[13,13],"damage_taken":[{"damage":4,"enemies":"Jaw Worm","floor":1,"turns":4},{"damage":7,"enemies":"2 Louse","floor":2,"turns":3},{"damage":2,"enemies":"Small Slimes","floor":3,"turns":3},{"damage":5,"enemies":"Looter","floor":4,"turns":3},{"damage":13,"enemies":"3 Louse","floor":5,"turns":4},{"damage":21,"enemies":"Lagavulin","floor":6,"turns":5},{"damage":5,"enemies":"Exordium Wildlife","floor":7,"turns":5},{"damage":5,"enemies":"Looter","floor":10,"turns":3},{"damage":9,"enemies":"Blue Slaver","floor":11,"turns":3},{"damage":28,"enemies":"Gremlin Nob","floor":13,"turns":3}],"seed_played":"-1411076405261673246","potions_obtained":[{"floor":1,"key":"FocusPotion"},{"floor":5,"key":"LiquidBronze"},{"floor":7,"key":"Explosive Potion"},{"floor":11,"key":"FocusPotion"}],"is_trial":false,"path_per_floor":["M","M","M","M","M","E","M","R","T","M","M","?","E"],"character_chosen":"DEFECT","items_purchased":[],"campfire_rested":0,"item_purchase_floors":[],"current_hp_per_floor":[78,71,69,64,51,30,25,25,25,27,32,25,0],"gold":257,"neow_bonus":"TEN_PERCENT_HP_BONUS","is_prod":false,"is_daily":false,"chose_seed":false,"campfire_upgraded":1,"win_rate":0.0,"timestamp":1545770413,"path_taken":["M","M","M","M","M","E","M","R","T","M","M","?","E"],"build_version":"2018-12-20","purchased_purges":0,"victory":false,"max_hp_per_floor":[82,82,82,82,82,82,82,82,82,82,82,82,82],"card_choices":[{"not_picked":["Lockon","Leap"],"picked":"Ball Lightning","floor":1},{"not_picked":["Gash","Compile Driver"],"picked":"Redo","floor":2},{"not_picked":["Compile Driver","Streamline","Turbo"],"picked":"SKIP","floor":3},{"not_picked":["Sunder","Beam Cell"],"picked":"Creative AI","floor":4},{"not_picked":["Sunder","Reprogram"],"picked":"Melter","floor":5},{"not_picked":["Compile Driver","Stack","Auto Shields"],"picked":"SKIP","floor":6},{"not_picked":["Turbo","Cold Snap"],"picked":"Self Repair","floor":7},{"not_picked":["Streamline","Compile Driver"],"picked":"White Noise","floor":10},{"not_picked":["Hologram","Barrage"],"picked":"Conserve Battery","floor":11}],"player_experience":38603,"relics_obtained":[{"floor":6,"key":"Bag of Marbles"},{"floor":9,"key":"Sundial"}],"event_choices":[{"damage_healed":0,"gold_gain":0,"player_choice":"Success","damage_taken":7,"relics_obtained":["Regal Pillow"],"max_hp_gain":0,"max_hp_loss":0,"event_name":"Scrap Ooze","floor":12,"gold_loss":0}],"is_beta":false,"boss_relics":[],"items_purged_floors":[],"is_endless":false,"potions_floor_spawned":[1,5,7,11],"killed_by":"Gremlin Nob","ascension_level":0}