{"gold_per_floor":[119,119,129,146,156,156,170,170,170,195,195,209,220,238,238,238],"floor_reached":16,"playtime":606,"items_purged":[],"score":175,"play_id":"859d7fd5-125b-48b0-b9a6-af9085d34e6c","local_time":"20190209195955","is_ascension_mode":true,"campfire_choices":[{"data":"Zap","floor":6,"key":"SMITH"},{"floor":8,"key":"REST"},{"floor":15,"key":"REST"}],"neow_cost":"NONE","seed_source_timestamp":1040120789861737,"circlet_count":0,"master_deck":["AscendersBane","Strike_B","Strike_B","Strike_B","Strike_B","Defend_B","Defend_B","Defend_B","Defend_B+1","Zap+1","Dualcast","Sweeping Beam+1","Leap","Coolheaded","Cold Snap","White Noise+1","Blizzard","Creative AI","Storm"],"relics":["Cracked Core","NeowsBlessing","War Paint","Blood Vial"],"potions_floor_usage":[10,10,16],"damage_taken":[{"damage":0,"enemies":"Small Slimes","floor":1,"turns":1},{"damage":0,"enemies":"Cultist","floor":3,"turns":1},{"damage":0,"enemies":"Jaw Worm","floor":4,"turns":1},{"damage":31,"enemies":"Gremlin Gang","floor":5,"turns":5},{"damage":15,"enemies":"Lots of Slimes","floor":7,"turns":3},{"damage":11,"enemies":"Gremlin Nob","floor":10,"turns":4},{"damage":0,"enemies":"Large Slime","floor":12,"turns":6},{"damage":1,"enemies":"Looter","floor":13,"turns":4},{"damage":40,"enemies":"Gremlin Gang","floor":14,"turns":4},{"damage":31,"enemies":"Hexaghost","floor":16,"turns":9}],"seed_played":"-3735536909496704114","potions_obtained":[{"floor":1,"key":"Weak Potion"},{"floor":4,"key":"SteroidPotion"},{"floor":12,"key":"SpeedPotion"}],"is_trial":false,"path_per_floor":["M","?","M","M","M","R","M","R","T","E","?","M","M","M","R","B"],"character_chosen":"DEFECT","items_purchased":[],"campfire_rested":2,"item_purchase_floors":[],"current_hp_per_floor":[68,75,75,75,44,44,29,51,51,40,40,42,43,5,27,0],"gold":238,"neow_bonus":"THREE_ENEMY_KILL","is_prod":false,"is_daily":false,"chose_seed":false,"campfire_upgraded":1,"win_rate":0,"timestamp":1549763995,"path_taken":["M","?","?","M","?","R","M","R","T","E","?","M","M","M","R","BOSS"],"build_version":"2019-01-23","purchased_purges":0,"victory":false,"max_hp_per_floor":[75,75,75,75,75,75,75,75,75,75,75,75,75,75,75,75],"card_choices":[{"not_picked":["Rip and Tear","Recycle"],"picked":"Sweeping Beam","floor":1},{"not_picked":["Beam Cell","Sweeping Beam"],"picked":"Leap","floor":3},{"not_picked":["Steam","Beam Cell"],"picked":"Coolheaded","floor":4},{"not_picked":["Stack","Barrage"],"picked":"Cold Snap","floor":5},{"not_picked":["Redo","Tempest"],"picked":"White Noise","floor":7},{"not_picked":["Hologram","Aggregate"],"picked":"Blizzard","floor":10},{"not_picked":["Barrage","Turbo","Rebound"],"picked":"SKIP","floor":12},{"not_picked":["Compile Driver","Doom and Gloom"],"picked":"Creative AI","floor":13},{"not_picked":["Redo","Go for the Eyes"],"picked":"Storm","floor":14}],"player_experience":538528,"relics_obtained":[{"floor":9,"key":"War Paint"},{"floor":10,"key":"Blood Vial"}],"event_choices":[{"damage_healed":7,"gold_gain":0,"player_choice":"Full Heal","damage_taken":0,"max_hp_gain":0,"max_hp_loss":0,"event_name":"Wheel of Change","floor":2,"gold_loss":0},{"damage_healed":0,"gold_gain":0,"player_choice":"Upgraded","damage_taken":0,"max_hp_gain":0,"max_hp_loss":0,"event_name":"Upgrade Shrine","floor":11,"gold_loss":0,"cards_upgraded":["Sweeping Beam"]}],"is_beta":false,"boss_relics":[],"items_purged_floors":[],"is_endless":false,"potions_floor_spawned":[1,4,12],"killed_by":"Hexaghost","ascension_level":13}