{"gold_per_floor":[114,129,144,159,474,474,519,534,584,584,599,614,629,644,644,744,744,759,180,195,195,210,210,225,240,240,240,255,255,284,299,299,399,399,414,14,29,29,44,44,59,89,89,89,89,104,119,134,134,134],"floor_reached":51,"playtime":2640,"items_purged":["Searing Blow","Blood for Blood"],"score":810,"play_id":"078bd821-15ed-4d3f-92f1-bcbf27eb2598","local_time":"20181016234443","daily_mods":["Insanity","Vintage","Binary"],"is_ascension_mode":false,"campfire_choices":[{"data":"Whirlwind","floor":6,"key":"SMITH"},{"data":"Fiend Fire","floor":10,"key":"SMITH"},{"data":"Inflame","floor":15,"key":"SMITH"},{"data":"Inflame","floor":23,"key":"SMITH"},{"data":"Double Tap","floor":29,"key":"SMITH"},{"data":"Shockwave","floor":32,"key":"SMITH"},{"data":"Sword Boomerang","floor":40,"key":"SMITH"},{"data":"Metallicize","floor":49,"key":"SMITH"}],"neow_cost":"","seed_source_timestamp":0,"circlet_count":0,"master_deck":["Defend_R+1","Limit Break","Sentinel","Searing Blow","Fiend Fire+1","Intimidate","Evolve","Sever Soul","Double Tap+1","Headbutt","Rampage","Dual Wield+1","Inflame+1","Bash+1","Carnage","Sword Boomerang+1","Shockwave","Disarm","Bludgeon","Ghostly Armor","Headbutt","Clash","Headbutt","Havoc","Flex","Whirlwind+1","Intimidate","Metallicize+1","Second Wind","Limit Break","Shockwave","Flex","Twin Strike","Immolate","Spot Weakness+1","Wild Strike+1","Clash","Shockwave+1","Reaper","Inflame+1","Evolve","Seeing Red","Sentinel","Rage","Body Slam","Reaper","Barricade","Apotheosis","Injury"],"special_seed":17821,"relics":["Burning Blood","Ornamental Fan","Paper Frog","Prayer Wheel","Nunchaku","Old Coin","Tiny Chest","Singing Bowl","Juzu Bracelet","Pantograph","Meat on the Bone","Red Skull","Bottled Tornado","PreservedInsect","Coffee Dripper","Anchor","Ginger","Potion Belt","Ancient Tea Set","Pen Nib","Bag of Preparation","Mummified Hand","Darkstone Periapt","Red Mask","Orichalcum","Bottled Lightning","Cursed Key","Oddly Smooth Stone","Blood Vial","Bag of Marbles","Frozen Egg 2","Self Forming Clay","War Paint","Happy Flower","Shuriken","Dodecahedron","Toxic Egg 2","Whetstone"],"potions_floor_usage":[12,13,16,18,22,31,33,42,50,50,50,50,50,50,50,50],"damage_taken":[{"damage":0,"enemies":"Small Slimes","floor":1,"turns":2},{"damage":12,"enemies":"Cultist","floor":2,"turns":4},{"damage":7,"enemies":"Jaw Worm","floor":3,"turns":2},{"damage":0,"enemies":"2 Fungi Beasts","floor":4,"turns":2},{"damage":19,"enemies":"3 Louse","floor":5,"turns":4},{"damage":0,"enemies":"Large Slime","floor":7,"turns":4},{"damage":6,"enemies":"Looter","floor":8,"turns":2},{"damage":12,"enemies":"Blue Slaver","floor":11,"turns":3},{"damage":7,"enemies":"Large Slime","floor":12,"turns":3},{"damage":0,"enemies":"3 Louse","floor":13,"turns":2},{"damage":7,"enemies":"Blue Slaver","floor":14,"turns":2},{"damage":24,"enemies":"Hexaghost","floor":16,"turns":6},{"damage":8,"enemies":"Shell Parasite","floor":18,"turns":3},{"damage":10,"enemies":"3 Byrds","floor":20,"turns":4},{"damage":0,"enemies":"Snake Plant","floor":22,"turns":2},{"damage":0,"enemies":"Sentry and Sphere","floor":24,"turns":1},{"damage":19,"enemies":"3 Cultists","floor":25,"turns":4},{"damage":8,"enemies":"Chosen and Byrds","floor":28,"turns":4},{"damage":0,"enemies":"Masked Bandits","floor":30,"turns":2},{"damage":6,"enemies":"Snake Plant","floor":31,"turns":3},{"damage":18,"enemies":"Champ","floor":33,"turns":5},{"damage":0,"enemies":"3 Darklings","floor":35,"turns":4},{"damage":1,"enemies":"Orb Walker","floor":37,"turns":2},{"damage":0,"enemies":"Transient","floor":39,"turns":5},{"damage":0,"enemies":"Sphere and 2 Shapes","floor":41,"turns":2},{"damage":21,"enemies":"Nemesis","floor":42,"turns":3},{"damage":0,"enemies":"Maw","floor":46,"turns":4},{"damage":0,"enemies":"3 Darklings","floor":47,"turns":2},{"damage":0,"enemies":"Transient","floor":48,"turns":5},{"damage":18,"enemies":"Donu and Deca","floor":50,"turns":3}],"seed_played":"5594467698129206487","potions_obtained":[{"floor":2,"key":"GamblersBrew"},{"floor":5,"key":"Swift Potion"},{"floor":8,"key":"Dexterity Potion"},{"floor":11,"key":"Poison Potion"},{"floor":14,"key":"Fire Potion"},{"floor":20,"key":"Swift Potion"},{"floor":22,"key":"GamblersBrew"},{"floor":28,"key":"PowerPotion"},{"floor":30,"key":"Energy Potion"},{"floor":37,"key":"EssenceOfSteel"},{"floor":41,"key":"FearPotion"},{"floor":42,"key":"EssenceOfSteel"},{"floor":47,"key":"LiquidBronze"},{"floor":48,"key":"EntropicBrew"}],"is_trial":false,"path_per_floor":["M","M","M","M","M","R","M","M","T","R","M","M","M","M","R","B",null,"M","$","M","?","M","R","M","M","T","?","M","R","?","M","R","B",null,"M","$","M","?","M","R","M","E","T","?","$","M","M","M","R","B"],"character_chosen":"IRONCLAD","items_purchased":["Apotheosis","Ginger","Blood Vial","Bag of Marbles"],"campfire_rested":0,"item_purchase_floors":[19,19,36,36],"current_hp_per_floor":[80,74,73,79,66,66,72,79,79,79,73,72,78,77,77,62,80,78,78,80,80,80,80,80,67,67,67,65,65,73,73,73,72,84,84,84,84,86,86,86,86,73,79,79,79,87,94,94,94,94],"gold":134,"neow_bonus":"","is_prod":false,"is_daily":true,"chose_seed":false,"campfire_upgraded":8,"win_rate":0,"timestamp":1539747883,"path_taken":["M","M","M","M","M","R","M","M","T","R","M","M","M","M","R","BOSS","M","$","M","?","M","R","M","M","T","?","M","R","?","M","R","BOSS","M","$","M","?","M","R","M","E","T","?","$","M","M","M","R","BOSS"],"build_version":"2018-10-11","purchased_purges":2,"victory":true,"max_hp_per_floor":[80,80,80,80,80,80,80,80,80,80,80,80,80,80,80,80,80,80,80,80,80,80,80,80,80,80,80,80,80,82,82,82,84,84,84,84,84,86,86,86,86,88,94,94,94,94,94,94,94,94],"card_choices":[{"not_picked":["Exhume"],"picked":"Barricade","floor":16},{"not_picked":["Headbutt","Carnage"],"picked":"Singing Bowl","floor":30},{"not_picked":["Barricade","Juggernaut"],"picked":"Singing Bowl","floor":33},{"not_picked":["Jack Of All Trades","Secret Technique"],"picked":"Singing Bowl","floor":38},{"not_picked":["Anger","Bloodletting+1"],"picked":"Singing Bowl","floor":42}],"player_experience":306217,"relics_obtained":[{"floor":1,"key":"Ornamental Fan"},{"floor":2,"key":"Paper Frog"},{"floor":3,"key":"Prayer Wheel"},{"floor":4,"key":"Nunchaku"},{"floor":5,"key":"Old Coin"},{"floor":7,"key":"Tiny Chest"},{"floor":8,"key":"Singing Bowl"},{"floor":9,"key":"Juzu Bracelet"},{"floor":11,"key":"Pantograph"},{"floor":12,"key":"Meat on the Bone"},{"floor":13,"key":"Red Skull"},{"floor":14,"key":"Bottled Tornado"},{"floor":16,"key":"PreservedInsect"},{"floor":18,"key":"Anchor"},{"floor":20,"key":"Potion Belt"},{"floor":22,"key":"Ancient Tea Set"},{"floor":24,"key":"Pen Nib"},{"floor":25,"key":"Bag of Preparation"},{"floor":26,"key":"Mummified Hand"},{"floor":28,"key":"Darkstone Periapt"},{"floor":30,"key":"Red Mask"},{"floor":31,"key":"Orichalcum"},{"floor":33,"key":"Bottled Lightning"},{"floor":35,"key":"Oddly Smooth Stone"},{"floor":37,"key":"Frozen Egg 2"},{"floor":39,"key":"Self Forming Clay"},{"floor":41,"key":"War Paint"},{"floor":42,"key":"Happy Flower"},{"floor":43,"key":"Shuriken"},{"floor":46,"key":"Dodecahedron"},{"floor":47,"key":"Toxic Egg 2"},{"floor":48,"key":"Whetstone"}],"event_choices":[{"event_name":"Accursed Blacksmith","player_choice":"Forge","floor":21,"damage_taken":0},{"event_name":"Back to Basics","player_choice":"Elegance","floor":27,"damage_taken":0},{"event_name":"Masked Bandits","player_choice":"Fought Bandits","floor":30,"damage_taken":0},{"event_name":"SensoryStone","player_choice":"Memory 1","floor":38,"damage_taken":0},{"event_name":"Falling","player_choice":"Removed Skill","floor":44,"damage_taken":0}],"is_beta":false,"boss_relics":[{"not_picked":["White Beast Statue","Runic Dome"],"picked":"Coffee Dripper"},{"not_picked":["Busted Crown","Lizard Tail"],"picked":"Cursed Key"}],"items_purged_floors":[19,36],"is_endless":false,"potions_floor_spawned":[2,5,8,11,14,20,22,28,30,37,41,42,47,48],"ascension_level":0}