{"gold_per_floor":[118,3,22,39,114,144,163,195,195,195,220,247,247,263,263,336,336,348,348,368,68,83,83,183,213,213,213,240,240,257,271,271,342,342,359,359,359,209,309,343,343,64,64,97,39,39,59,86,86,86,86],"floor_reached":52,"playtime":4648,"items_purged":["Masterful Stab"],"score":2063,"play_id":"f7ec33ef-93dd-4d0d-9a1c-77979b4b88d5","local_time":"20181203053838","is_ascension_mode":true,"campfire_choices":[{"data":"Neutralize","floor":10.0,"key":"SMITH"},{"data":"Footwork","floor":13.0,"key":"SMITH"},{"data":"Burst","floor":15.0,"key":"SMITH"},{"data":"Wraith Form v2","floor":23.0,"key":"SMITH"},{"data":"Bouncing Flask","floor":27,"key":"SMITH"},{"data":"Leg Sweep","floor":29,"key":"SMITH"},{"data":"Armaments","floor":32,"key":"SMITH"},{"data":"Well Laid Plans","floor":41,"key":"SMITH"},{"data":"Corpse Explosion","floor":49,"key":"SMITH"}],"neow_cost":"NONE","seed_source_timestamp":86983250080100,"circlet_count":0,"master_deck":["AscendersBane","Survivor","Neutralize+1","Bouncing Flask+1","Blade Dance","Bane","Sucker Punch","Prepared","Blade Dance","Quick Slash","Dagger Throw","Backflip","Footwork+1","Deflect","PiercingWail","Leg Sweep+1","Backstab","PiercingWail","Escape Plan","Burst+1","Wraith Form v2+1","Noxious Fumes+1","Cloak And Dagger","Deflect","Backflip","Self Repair+1","Leap","Shrug It Off","Armaments+1","Corpse Explosion+1","Well Laid Plans+1","PiercingWail","Master of Strategy"],"special_seed":0,"relics":["Pandora\u0027s Box","Pear","Mango","Prayer Wheel","Odd Mushroom","The Specimen","Cursed Key","MutagenicStrength","PrismaticShard","Pocketwatch","Gremlin Horn","Pantograph","Blood Vial","Busted Crown","Tingsha","Dodecahedron","Bottled Tornado","Ninja Scroll","Bag of Preparation"],"potions_floor_usage":[24,40,51,51],"damage_taken":[{"damage":0.0,"enemies":"Small Slimes","floor":1.0,"turns":2.0},{"damage":0.0,"enemies":"2 Louse","floor":3.0,"turns":2.0},{"damage":0.0,"enemies":"Jaw Worm","floor":4.0,"turns":2.0},{"damage":12.0,"enemies":"3 Sentries","floor":6.0,"turns":5.0},{"damage":0.0,"enemies":"Looter","floor":7.0,"turns":2.0},{"damage":0.0,"enemies":"Lagavulin","floor":8.0,"turns":7.0},{"damage":0.0,"enemies":"The Mushroom Lair","floor":11.0,"turns":4.0},{"damage":6.0,"enemies":"Gremlin Nob","floor":12.0,"turns":3.0},{"damage":0.0,"enemies":"Lots of Slimes","floor":14.0,"turns":4.0},{"damage":27.0,"enemies":"The Guardian","floor":16.0,"turns":11.0},{"damage":11.0,"enemies":"Spheric Guardian","floor":18.0,"turns":4.0},{"damage":0.0,"enemies":"Chosen","floor":20.0,"turns":3.0},{"damage":9.0,"enemies":"Centurion and Healer","floor":22.0,"turns":5.0},{"damage":5,"enemies":"Colosseum Slavers","floor":24,"turns":5},{"damage":6,"enemies":"Colosseum Nobs","floor":24,"turns":6},{"damage":18,"enemies":"Gremlin Leader","floor":25,"turns":5},{"damage":18,"enemies":"Book of Stabbing","floor":28,"turns":6},{"damage":0,"enemies":"Snecko","floor":30,"turns":7},{"damage":3,"enemies":"Chosen and Byrds","floor":31,"turns":6},{"damage":19,"enemies":"Champ","floor":33,"turns":16},{"damage":0,"enemies":"3 Darklings","floor":35,"turns":2},{"damage":0,"enemies":"Mind Bloom Boss Battle","floor":39,"turns":8},{"damage":16,"enemies":"Giant Head","floor":40,"turns":10},{"damage":8,"enemies":"Reptomancer","floor":44,"turns":7},{"damage":0,"enemies":"Orb Walker","floor":47,"turns":4},{"damage":12,"enemies":"Giant Head","floor":48,"turns":11},{"damage":0,"enemies":"Awakened One","floor":50,"turns":16},{"damage":6,"enemies":"Time Eater","floor":51,"turns":13}],"seed_played":"-5903284375644709646","potions_obtained":[{"floor":3.0,"key":"Ancient Potion"},{"floor":4.0,"key":"Fire Potion"},{"floor":6.0,"key":"LiquidBronze"},{"floor":16.0,"key":"Strength Potion"},{"floor":20.0,"key":"Regen Potion"},{"floor":28,"key":"Strength Potion"},{"floor":30,"key":"GamblersBrew"},{"floor":40,"key":"FearPotion"},{"floor":44,"key":"Regen Potion"}],"is_trial":false,"path_per_floor":["M","$","M","M","?","E","M","E","T","R","?","E","R","M","R","B",null,"M","?","M","$","M","R","?","E","T","R","E","R","M","M","R","B",null,"M","?","?","$","?","E","R","$","T","E","$","?","M","E","R","B","B",null],"character_chosen":"THE_SILENT","items_purchased":["Deflect","AttackPotion","PrismaticShard","Deflect","Backflip","Well Laid Plans","Bottled Tornado","PiercingWail"],"campfire_rested":0,"item_purchase_floors":[2,2,21,21,21,38,42,45],"current_hp_per_floor":[59,59,59,59,48,46,46,60,60,60,60,54,54,54,54,27,74,63,63,63,63,69,69,78,70,70,70,62,62,74,73,73,81,88,90,90,85,85,85,79,79,79,79,83,83,73,85,83,83,85,85],"gold":86,"neow_bonus":"BOSS_RELIC","is_prod":false,"is_daily":false,"chose_seed":false,"campfire_upgraded":9,"win_rate":0,"timestamp":1543833518,"path_taken":["M","$","M","M","?","E","M","E","T","R","?","E","R","M","R","BOSS","M","?","M","$","M","R","?","E","T","R","E","R","M","M","R","BOSS","M","?","?","$","?","E","R","$","T","E","$","?","M","E","R","BOSS","BOSS"],"build_version":"2018-11-15","purchased_purges":1,"victory":true,"max_hp_per_floor":[66,66,66,66,66,76,76,90,90,90,90,90,90,90,90,90,90,90,90,90,90,90,90,90,90,90,90,90,90,90,90,90,90,90,90,90,85,85,85,85,85,85,85,85,85,85,85,85,85,85,85],"card_choices":[{"not_picked":["Prepared","Masterful Stab"],"picked":"Footwork","floor":1.0},{"not_picked":["Slice","Bane","Deadly Poison"],"picked":"SKIP","floor":3.0},{"not_picked":["Blade Dance","Infinite Blades"],"picked":"PiercingWail","floor":4.0},{"not_picked":["Riddle With Holes","Phantasmal Killer","Prepared"],"picked":"SKIP","floor":6.0},{"not_picked":["Noxious Fumes","Dagger Spray"],"picked":"Leg Sweep","floor":7.0},{"not_picked":["Dagger Spray","Masterful Stab"],"picked":"Backstab","floor":8.0},{"not_picked":["Prepared","Reflex"],"picked":"PiercingWail","floor":12.0},{"not_picked":["Acrobatics","Flying Knee"],"picked":"Escape Plan","floor":14.0},{"not_picked":["Outmaneuver","Quick Slash"],"picked":"Burst","floor":14.0},{"not_picked":["Phantasmal Killer","A Thousand Cuts"],"picked":"Wraith Form v2","floor":16.0},{"not_picked":["Dodge and Roll","Skewer"],"picked":"Noxious Fumes+1","floor":18.0},{"not_picked":["Outmaneuver","Blade Dance"],"picked":"Cloak And Dagger","floor":18.0},{"not_picked":["Blade Dance","Slice","Flying Knee"],"picked":"SKIP","floor":20.0},{"not_picked":["Calculated Gamble","Skewer","Accuracy"],"picked":"SKIP","floor":20.0},{"not_picked":["Rupture","Beam Cell"],"picked":"Self Repair+1","floor":22.0},{"not_picked":["Tempest","Blade Dance"],"picked":"Leap","floor":22.0},{"not_picked":["Limit Break","Conserve Battery"],"picked":"Shrug It Off","floor":24},{"not_picked":["Quick Slash+1","Rip and Tear+1","Burst"],"picked":"SKIP","floor":25},{"not_picked":["Compile Driver","Flex","Redo"],"picked":"SKIP","floor":28},{"not_picked":["Compile Driver","Flex","Redo"],"picked":"SKIP","floor":28},{"not_picked":["Pommel Strike+1","Entrench"],"picked":"Armaments","floor":30},{"not_picked":["Expertise","Backstab","Perfected Strike+1"],"picked":"SKIP","floor":30},{"not_picked":["Force Field","Flex","Rage"],"picked":"SKIP","floor":31},{"not_picked":["Consume","Anger","All Out Attack"],"picked":"SKIP","floor":31},{"not_picked":["Immolate","Berserk"],"picked":"Corpse Explosion","floor":33},{"not_picked":["Ball Lightning"],"picked":"SKIP","floor":35},{"not_picked":["Coolheaded"],"picked":"SKIP","floor":35},{"not_picked":["Bane"],"picked":"SKIP","floor":40},{"not_picked":["Twin Strike+1"],"picked":"SKIP","floor":44},{"not_picked":[],"picked":"Master of Strategy","floor":46},{"not_picked":["Steam"],"picked":"SKIP","floor":47},{"not_picked":["Beam Cell+1"],"picked":"SKIP","floor":47},{"not_picked":["Dramatic Entrance"],"picked":"SKIP","floor":48}],"player_experience":1748874,"relics_obtained":[{"floor":6.0,"key":"Pear"},{"floor":8.0,"key":"Mango"},{"floor":9.0,"key":"Prayer Wheel"},{"floor":11.0,"key":"Odd Mushroom"},{"floor":12.0,"key":"The Specimen"},{"floor":24,"key":"Pocketwatch"},{"floor":24,"key":"Gremlin Horn"},{"floor":25,"key":"Pantograph"},{"floor":28,"key":"Blood Vial"},{"floor":39,"key":"Tingsha"},{"floor":40,"key":"Dodecahedron"},{"floor":44,"key":"Ninja Scroll"},{"floor":48,"key":"Bag of Preparation"}],"event_choices":[{"damage_healed":0.0,"max_hp_gain":0.0,"max_hp_loss":0.0,"gold_gain":75.0,"event_name":"World of Goop","player_choice":"Gather Gold","floor":5.0,"gold_loss":0.0,"damage_taken":11.0},{"damage_healed":0.0,"max_hp_gain":0.0,"max_hp_loss":0.0,"gold_gain":0.0,"event_name":"Mushrooms","player_choice":"Fought Mushrooms","floor":11.0,"gold_loss":0.0,"damage_taken":0.0},{"damage_healed":0.0,"max_hp_gain":0.0,"max_hp_loss":0.0,"gold_gain":0.0,"event_name":"Drug Dealer","player_choice":"Inject Mutagens","floor":19.0,"gold_loss":0.0,"damage_taken":0.0,"relics_obtained":["MutagenicStrength"]},{"damage_healed":0,"gold_gain":0,"player_choice":"Fight","damage_taken":0,"max_hp_gain":0,"max_hp_loss":0,"event_name":"Colosseum","floor":24,"gold_loss":0},{"damage_healed":0,"gold_gain":0,"player_choice":"Fought Nobs","damage_taken":0,"max_hp_gain":0,"max_hp_loss":0,"event_name":"Colosseum","floor":24,"gold_loss":0},{"damage_healed":0,"gold_gain":0,"player_choice":"Ignored","damage_taken":0,"max_hp_gain":0,"max_hp_loss":0,"event_name":"Tomb of Lord Red Mask","floor":36,"gold_loss":0},{"damage_healed":0,"gold_gain":0,"player_choice":"Max HP","damage_taken":0,"max_hp_gain":0,"max_hp_loss":5,"event_name":"Winding Halls","floor":37,"gold_loss":0},{"damage_healed":0,"gold_gain":0,"player_choice":"Fight","damage_taken":0,"max_hp_gain":0,"max_hp_loss":0,"event_name":"MindBloom","floor":39,"gold_loss":0},{"damage_healed":0,"gold_gain":0,"player_choice":"Memory 3","damage_taken":10,"max_hp_gain":0,"max_hp_loss":0,"event_name":"SensoryStone","floor":46,"gold_loss":0}],"is_beta":true,"boss_relics":[{"not_picked":["HoveringKite","Velvet Choker"],"picked":"Cursed Key"},{"not_picked":["Astrolabe","Tiny House"],"picked":"Busted Crown"}],"items_purged_floors":[38],"is_endless":false,"potions_floor_spawned":[3,4,6,8,16,20,28,30,40,44,47],"ascension_level":20}