{"gold_per_floor":[118,68,243,243,243,243,274,303,315,377,408,420,452,475,487,594,656,685,419,437,448,468,468,501,514,514,532,532],"floor_reached":28,"playtime":1307,"items_purged":["Defend_B"],"score":350,"play_id":"4a49cd03-e552-40f4-995c-74962f375043","local_time":"20181202174558","is_ascension_mode":true,"campfire_choices":[{"data":"White Noise","floor":6,"key":"SMITH"},{"data":"Capacitor","floor":12,"key":"SMITH"},{"data":"Darkness","floor":15,"key":"SMITH"},{"floor":23,"key":"REST"}],"neow_cost":"NONE","seed_source_timestamp":160391648772612,"circlet_count":0,"master_deck":["Strike_B","Strike_B","Strike_B+1","Defend_B","Defend_B","Defend_B","Zap","Dualcast","White Noise+1","Doubt","Ball Lightning","Ball Lightning","Capacitor+1","Coolheaded","Darkness+1","Buffer","Compile Driver","Defragment","Stack","Chaos","Force Field+1","Hello World","Undo"],"relics":["Cracked Core","NeowsBlessing","Sundial","MawBank","Mummified Hand","Strawberry","Tiny House","Runic Capacitor","Smiling Mask","Singing Bowl"],"potions_floor_usage":[14,14,22,22,24,27],"damage_taken":[{"damage":0,"enemies":"Jaw Worm","floor":1,"turns":1},{"damage":0,"enemies":"Lagavulin","floor":7,"turns":1},{"damage":0,"enemies":"Small Slimes","floor":8,"turns":1},{"damage":8,"enemies":"2 Louse","floor":11,"turns":2},{"damage":3,"enemies":"Large Slime","floor":13,"turns":5},{"damage":0,"enemies":"Gremlin Gang","floor":14,"turns":1},{"damage":47,"enemies":"Hexaghost","floor":16,"turns":8},{"damage":23,"enemies":"Spheric Guardian","floor":18,"turns":6},{"damage":16,"enemies":"Chosen","floor":20,"turns":5},{"damage":27,"enemies":"Snake Plant","floor":21,"turns":4},{"damage":31,"enemies":"Shelled Parasite and Fungi","floor":22,"turns":7},{"damage":0,"enemies":"Gremlin Leader","floor":24,"turns":6},{"damage":21,"enemies":"Snecko","floor":25,"turns":7},{"damage":8,"enemies":"Centurion and Healer","floor":27,"turns":6},{"damage":0,"enemies":"Shelled Parasite and Fungi","floor":28,"turns":1}],"seed_played":"-8033505732504356524","potions_obtained":[{"floor":7,"key":"Explosive Potion"},{"floor":8,"key":"Explosive Potion"},{"floor":13,"key":"Regen Potion"},{"floor":14,"key":"EssenceOfSteel"},{"floor":17,"key":"SteroidPotion"},{"floor":25,"key":"SkillPotion"},{"floor":27,"key":"Fire Potion"}],"is_trial":false,"path_per_floor":["M","?","?","?","?","R","E","M","T","T","M","R","M","M","R","B",null,"M","$","M","M","M","R","E","M","T","M","M"],"character_chosen":"DEFECT","items_purchased":["Runic Capacitor"],"campfire_rested":1,"item_purchase_floors":[19],"current_hp_per_floor":[75,75,75,75,72,72,72,72,72,79,71,71,68,68,68,21,87,64,64,48,21,4,30,30,9,9,1,1],"gold":532,"neow_bonus":"THREE_ENEMY_KILL","is_prod":false,"is_daily":false,"chose_seed":false,"campfire_upgraded":3,"win_rate":0,"timestamp":1543790758,"path_taken":["M","?","?","?","?","R","E","M","T","?","M","R","?","M","R","BOSS","M","$","M","M","?","R","E","M","T","M","M"],"build_version":"2018-11-15","purchased_purges":1,"victory":false,"max_hp_per_floor":[75,75,75,75,75,75,75,75,75,82,82,82,82,82,82,82,87,87,87,87,87,87,87,87,87,87,87,87],"card_choices":[{"not_picked":["Stack","Compile Driver"],"picked":"White Noise","floor":1},{"not_picked":["White Noise","Turbo"],"picked":"Ball Lightning","floor":7},{"not_picked":["Barrage","Auto Shields"],"picked":"Ball Lightning","floor":8},{"not_picked":["Buffer","Go for the Eyes"],"picked":"Capacitor","floor":11},{"not_picked":["BootSequence","Force Field"],"picked":"Coolheaded","floor":13},{"not_picked":["Stack","Undo"],"picked":"Darkness","floor":14},{"not_picked":["Machine Learning","Core Surge"],"picked":"Buffer","floor":16},{"not_picked":["Ball Lightning","Hologram"],"picked":"Compile Driver","floor":17},{"not_picked":["Steam","Turbo"],"picked":"Defragment","floor":18},{"not_picked":["Compile Driver","Ball Lightning","Rebound+1"],"picked":"SKIP","floor":20},{"not_picked":["Cold Snap","Go for the Eyes"],"picked":"Stack","floor":21},{"not_picked":["Compile Driver+1","Undo"],"picked":"Chaos","floor":22},{"not_picked":["Fission","Barrage+1"],"picked":"Force Field+1","floor":24},{"not_picked":["Rebound","Streamline"],"picked":"Hello World","floor":25},{"not_picked":["Melter","FTL"],"picked":"Undo","floor":27}],"player_experience":234552,"relics_obtained":[{"floor":7,"key":"MawBank"},{"floor":9,"key":"Mummified Hand"},{"floor":10,"key":"Strawberry"},{"floor":24,"key":"Smiling Mask"},{"floor":26,"key":"Singing Bowl"}],"event_choices":[{"cards_removed":["Strike_B"],"damage_healed":0,"gold_gain":0,"player_choice":"Card Removal","damage_taken":0,"max_hp_gain":0,"max_hp_loss":0,"event_name":"The Cleric","floor":2,"gold_loss":50},{"damage_healed":0,"gold_gain":175,"player_choice":"AGREE","damage_taken":0,"max_hp_gain":0,"max_hp_loss":0,"event_name":"Liars Game","floor":3,"gold_loss":0,"cards_obtained":["Doubt"]},{"damage_healed":0,"gold_gain":0,"player_choice":"Ignored","damage_taken":0,"max_hp_gain":0,"max_hp_loss":0,"event_name":"Golden Wing","floor":4,"gold_loss":0},{"damage_healed":0,"gold_gain":0,"player_choice":"Success","damage_taken":3,"relics_obtained":["Sundial"],"max_hp_gain":0,"max_hp_loss":0,"event_name":"Scrap Ooze","floor":5,"gold_loss":0}],"is_beta":false,"boss_relics":[{"not_picked":["Calling Bell","Velvet Choker"],"picked":"Tiny House"}],"items_purged_floors":[19],"is_endless":false,"potions_floor_spawned":[7,8,13,14,18,25,27],"killed_by":"Shelled Parasite and Fungi","ascension_level":4}