{"gold_per_floor":[362,52,68,68,81,107,107,118,142,142,158,184,184,15,15,118,118,128,39,39,55,55,55,55,84,84,84,95,111,123,133,133,133],"floor_reached":33,"playtime":2045,"items_purged":["Strike_G","Defend_G"],"score":330,"play_id":"857cb152-c91e-4a97-a681-2dc482c48427","local_time":"20190209214811","is_ascension_mode":true,"campfire_choices":[{"data":"Infinite Blades","floor":7.0,"key":"SMITH"},{"floor":13.0,"key":"REST"},{"floor":15.0,"key":"REST"},{"floor":23.0,"key":"REST"},{"floor":32.0,"key":"REST"}],"neow_cost":"PERCENT_DAMAGE","seed_source_timestamp":0,"circlet_count":0,"master_deck":["Defend_G","Defend_G","Defend_G","Defend_G","Survivor","Neutralize","PiercingWail","Backflip","Blade Dance","Poisoned Stab","Infinite Blades+1","Burst","Backflip","Noxious Fumes","Well Laid Plans","Accuracy","Die Die Die","Sucker Punch","Dramatic Entrance","Dagger Spray","Bite","Bite","Bite","Bite","Bite","PiercingWail","Dash+1","Deadly Poison","Dash","Dodge and Roll"],"special_seed":0,"relics":["Ring of the Snake","Bag of Marbles","Regal Pillow","Ancient Tea Set","Juzu Bracelet","Pear","Lizard Tail","Meat on the Bone","Orichalcum","Gambling Chip"],"potions_floor_usage":[],"damage_taken":[{"damage":5.0,"enemies":"Cultist","floor":1.0,"turns":4.0},{"damage":0.0,"enemies":"Small Slimes","floor":3.0,"turns":5.0},{"damage":0.0,"enemies":"Jaw Worm","floor":5.0,"turns":4.0},{"damage":3.0,"enemies":"3 Sentries","floor":6.0,"turns":10.0},{"damage":3.0,"enemies":"Blue Slaver","floor":8.0,"turns":5.0},{"damage":16.0,"enemies":"Lots of Slimes","floor":11.0,"turns":5.0},{"damage":28.0,"enemies":"Gremlin Nob","floor":12.0,"turns":5.0},{"damage":43.0,"enemies":"Hexaghost","floor":16.0,"turns":8.0},{"damage":3.0,"enemies":"3 Byrds","floor":18.0,"turns":5.0},{"damage":27.0,"enemies":"Shell Parasite","floor":21.0,"turns":9.0},{"damage":38.0,"enemies":"Book of Stabbing","floor":25.0,"turns":7.0},{"damage":33.0,"enemies":"Snake Plant","floor":28.0,"turns":7.0},{"damage":19.0,"enemies":"Centurion and Healer","floor":29.0,"turns":5.0},{"damage":5.0,"enemies":"Snecko","floor":30.0,"turns":4.0},{"damage":26.0,"enemies":"Shelled Parasite and Fungi","floor":31.0,"turns":7.0},{"damage":116,"enemies":"Collector","floor":33,"turns":11}],"seed_played":"-7045882954786190810","potions_obtained":[{"floor":6.0,"key":"GamblersBrew"},{"floor":12.0,"key":"Strength Potion"},{"floor":16.0,"key":"SkillPotion"},{"floor":28.0,"key":"Strength Potion"},{"floor":29.0,"key":"AttackPotion"}],"is_trial":false,"path_per_floor":["M","$","M","?","M","E","R","M","T","?","M","E","R","$","R","B",null,"M","$","?","M","?","R","T","E","T","?","M","M","M","M","R","B"],"character_chosen":"THE_SILENT","items_purchased":["Backflip","Blade Dance","Bag of Marbles","Accuracy","Dramatic Entrance"],"campfire_rested":4,"item_purchase_floors":[2,2,2,14,19],"current_hp_per_floor":[44,44,44,67,67,64,64,61,61,49,33,15,54,54,80,37,80,77,77,62,35,35,59,59,33,33,33,22,25,38,30,59,0],"gold":133,"neow_bonus":"TWO_FIFTY_GOLD","is_prod":false,"is_daily":false,"chose_seed":false,"campfire_upgraded":1,"win_rate":0,"timestamp":1549770491,"path_taken":["M","$","?","?","M","E","R","M","T","?","M","E","R","$","R","BOSS","M","$","?","M","?","R","?","E","T","?","M","M","M","M","R","BOSS"],"build_version":"2019-01-23","purchased_purges":2,"victory":false,"max_hp_per_floor":[70,70,70,70,70,70,70,70,70,70,70,80,80,80,80,80,80,80,80,85,85,59,59,59,59,59,59,59,59,59,59,59,59],"card_choices":[{"not_picked":["Prepared","Slice"],"picked":"PiercingWail","floor":1.0},{"not_picked":["Deflect","Underhanded Strike"],"picked":"Poisoned Stab","floor":3.0},{"not_picked":["Blade Dance","Deflect"],"picked":"Infinite Blades","floor":5.0},{"not_picked":["Underhanded Strike","Riddle With Holes"],"picked":"Burst","floor":6.0},{"not_picked":["Quick Slash","Prepared"],"picked":"Backflip","floor":8.0},{"not_picked":["Poisoned Stab","Crippling Poison"],"picked":"Noxious Fumes","floor":11.0},{"not_picked":["Reflex","Backflip"],"picked":"Well Laid Plans","floor":12.0},{"not_picked":["Bullet Time","Unload"],"picked":"Die Die Die","floor":16.0},{"not_picked":["Backflip+1","Calculated Gamble"],"picked":"Sucker Punch","floor":18.0},{"not_picked":["Quick Slash","Outmaneuver"],"picked":"Dagger Spray","floor":21.0},{"not_picked":["Flying Knee","Dagger Throw"],"picked":"PiercingWail","floor":25.0},{"not_picked":["Doppelganger","Expertise"],"picked":"Dash+1","floor":28.0},{"not_picked":["Bane","Flying Knee"],"picked":"Deadly Poison","floor":29.0},{"not_picked":["Poisoned Stab+1","Concentrate"],"picked":"Dash","floor":30.0},{"not_picked":["Slice","Accuracy"],"picked":"Dodge and Roll","floor":31.0}],"player_experience":131578,"relics_obtained":[{"floor":6.0,"key":"Regal Pillow"},{"floor":9.0,"key":"Ancient Tea Set"},{"floor":12.0,"key":"Pear"},{"floor":24.0,"key":"Meat on the Bone"},{"floor":25.0,"key":"Orichalcum"},{"floor":26.0,"key":"Gambling Chip"}],"event_choices":[{"damage_healed":23.0,"max_hp_gain":0.0,"max_hp_loss":0.0,"gold_gain":0.0,"event_name":"Big Fish","player_choice":"Banana","floor":4.0,"gold_loss":0.0,"damage_taken":0.0},{"damage_healed":0.0,"max_hp_gain":0.0,"max_hp_loss":0.0,"gold_gain":0.0,"event_name":"Scrap Ooze","player_choice":"Success","floor":10.0,"gold_loss":0.0,"damage_taken":12.0,"relics_obtained":["Juzu Bracelet"]},{"damage_healed":0.0,"max_hp_gain":5.0,"max_hp_loss":0.0,"gold_gain":0.0,"event_name":"Forgotten Altar","player_choice":"Shed Blood","floor":20.0,"gold_loss":0.0,"damage_taken":20.0},{"damage_healed":0.0,"max_hp_gain":0.0,"max_hp_loss":26.0,"gold_gain":0.0,"event_name":"Vampires","player_choice":"Became a vampire","floor":22.0,"gold_loss":0.0,"damage_taken":0.0,"cards_obtained":["Bite","Bite","Bite","Bite","Bite"]},{"damage_healed":0.0,"max_hp_gain":0.0,"max_hp_loss":0.0,"gold_gain":0.0,"event_name":"Ghosts","player_choice":"Ignored","floor":27.0,"gold_loss":0.0,"damage_taken":0.0}],"is_beta":false,"boss_relics":[{"not_picked":["Sozu","Calling Bell"],"picked":"Lizard Tail"}],"items_purged_floors":[2,14],"is_endless":false,"potions_floor_spawned":[6,12,16,28,29],"killed_by":"Collector","ascension_level":2}