{"gold_per_floor":[115,129,129,129,139,139,214,214,265,301,328,352,364,390,402,414],"floor_reached":16,"playtime":993,"items_purged":[],"score":184,"play_id":"184230e1-db7b-41fd-a693-208ba80660d3","local_time":"20181122230603","is_ascension_mode":true,"campfire_choices":[{"data":"Underhanded Strike","floor":6,"key":"SMITH"},{"data":"Neutralize","floor":8,"key":"SMITH"},{"data":"Wraith Form v2","floor":15,"key":"SMITH"}],"neow_cost":"NONE","seed_source_timestamp":151663276393900,"circlet_count":0,"master_deck":["AscendersBane","Defend_G","Defend_G","Defend_G","Defend_G","Defend_G","Strike_G","Strike_G","Strike_G","Strike_G","Strike_G","Survivor","Neutralize+1","Footwork+1","Infinite Blades","Underhanded Strike+1","Underhanded Strike","Wraith Form v2+1","Riddle With Holes","Blur"],"relics":["Snecko Eye","MawBank","Odd Mushroom","Ninja Scroll"],"potions_floor_usage":[16,16],"damage_taken":[{"damage":7,"enemies":"2 Louse","floor":1,"turns":7},{"damage":0,"enemies":"Jaw Worm","floor":2,"turns":5},{"damage":1,"enemies":"Small Slimes","floor":5,"turns":6},{"damage":4,"enemies":"The Mushroom Lair","floor":10,"turns":7},{"damage":2,"enemies":"3 Louse","floor":11,"turns":4},{"damage":0,"enemies":"Large Slime","floor":12,"turns":5},{"damage":0,"enemies":"Looter","floor":14,"turns":3},{"damage":36,"enemies":"Hexaghost","floor":16,"turns":14}],"seed_played":"647682812880959328","potions_obtained":[{"floor":5,"key":"Ancient Potion"},{"floor":12,"key":"Energy Potion"},{"floor":14,"key":"SpeedPotion"}],"is_trial":false,"path_per_floor":["M","M","?","?","M","R","?","R","T","?","M","M","T","M","R","B"],"character_chosen":"THE_SILENT","items_purchased":[],"campfire_rested":0,"item_purchase_floors":[],"current_hp_per_floor":[52,52,52,52,51,51,40,40,40,36,34,34,34,34,34,0],"gold":414,"neow_bonus":"BOSS_RELIC","is_prod":false,"is_daily":false,"chose_seed":false,"campfire_upgraded":3,"win_rate":0,"timestamp":1542945963,"path_taken":["M","M","?","?","M","R","?","R","T","?","M","M","?","M","R","BOSS"],"build_version":"2018-11-15","purchased_purges":0,"victory":false,"max_hp_per_floor":[66,66,66,66,66,66,66,66,66,66,66,66,66,66,66,66],"card_choices":[{"not_picked":["Underhanded Strike","Endless Agony"],"picked":"Footwork","floor":1},{"not_picked":["Bane","Heel Hook"],"picked":"Infinite Blades","floor":2},{"not_picked":["Backflip","All Out Attack"],"picked":"Underhanded Strike","floor":5},{"not_picked":["Backflip","Flying Knee"],"picked":"Underhanded Strike","floor":10},{"not_picked":["Deflect","Outmaneuver"],"picked":"Wraith Form v2","floor":11},{"not_picked":["Backstab","Quick Slash"],"picked":"Riddle With Holes","floor":12},{"not_picked":["PiercingWail","Concentrate"],"picked":"Blur","floor":14}],"player_experience":1656838,"relics_obtained":[{"floor":9,"key":"MawBank"},{"floor":10,"key":"Odd Mushroom"},{"floor":13,"key":"Ninja Scroll"}],"event_choices":[{"damage_healed":0,"gold_gain":0,"player_choice":"Ignored","damage_taken":0,"max_hp_gain":0,"max_hp_loss":0,"event_name":"Liars Game","floor":3,"gold_loss":0},{"damage_healed":0,"gold_gain":0,"player_choice":"Grow","damage_taken":0,"max_hp_gain":0,"max_hp_loss":0,"event_name":"Living Wall","floor":4,"gold_loss":0,"cards_upgraded":["Footwork"]},{"damage_healed":0,"gold_gain":75,"player_choice":"Gather Gold","damage_taken":11,"max_hp_gain":0,"max_hp_loss":0,"event_name":"World of Goop","floor":7,"gold_loss":0},{"damage_healed":0,"gold_gain":0,"player_choice":"Fought Mushrooms","damage_taken":0,"max_hp_gain":0,"max_hp_loss":0,"event_name":"Mushrooms","floor":10,"gold_loss":0}],"is_beta":true,"boss_relics":[],"items_purged_floors":[],"is_endless":false,"potions_floor_spawned":[5,12,14],"killed_by":"Hexaghost","ascension_level":20}