{"gold_per_floor":[115,135,153,153,153,153,187,47,47,96,96,110,128,166,166,295,295,313,313,228,251,96,96,140,154,177,177,198,198,123,162,162,293,293,314,647,647,295,306,306,333,333,410,423,423,434,434,449,449,449],"floor_reached":51,"playtime":4797,"items_purged":["Strike_G"],"score":1062,"play_id":"edf5a4fa-8f18-4079-9863-302cf76b494b","local_time":"20190206230514","is_ascension_mode":true,"campfire_choices":[{"data":"Footwork","floor":6,"key":"SMITH"},{"data":"Noxious Fumes","floor":11,"key":"SMITH"},{"floor":15,"key":"REST"},{"data":"Setup","floor":23,"key":"SMITH"},{"data":"Night Terror","floor":27,"key":"SMITH"},{"data":"Infinite Blades","floor":29,"key":"SMITH"},{"data":"Catalyst","floor":32,"key":"SMITH"},{"data":"Backflip","floor":40,"key":"SMITH"},{"data":"Bouncing Flask","floor":42,"key":"SMITH"},{"data":"Survivor","floor":47,"key":"SMITH"},{"data":"Catalyst","floor":49,"key":"SMITH"}],"neow_cost":"NONE","seed_source_timestamp":525207284304770,"circlet_count":0,"master_deck":["Defend_G","Defend_G","Defend_G","Defend_G","Defend_G","Survivor+1","Neutralize+1","Dagger Throw","Acrobatics","Footwork+1","Flying Knee+1","Noxious Fumes+1","PiercingWail","Poisoned Stab+1","Infinite Blades+1","All Out Attack+1","Die Die Die+1","Night Terror+1","Cloak And Dagger+1","Setup+1","Wraith Form v2+1","Caltrops+1","Well Laid Plans+1","Dash+1","Sucker Punch+1","Catalyst+1","A Thousand Cuts+1","Dagger Spray+1","Noxious Fumes+1","Backflip+1","Dash+1","Bouncing Flask+1","Parasite","Backstab+1","Footwork+1","Catalyst+1"],"relics":["Ring of the Snake","Molten Egg 2","Mummified Hand","Ancient Tea Set","Frozen Egg 2","Eternal Feather","Potion Belt","Meat on the Bone","Strawberry","Letter Opener","Cursed Key","Dream Catcher","Pantograph"],"potions_floor_usage":[7,16,24,24,25,31,33,41,41,44,48],"damage_taken":[{"damage":0,"enemies":"2 Louse","floor":1,"turns":3},{"damage":0,"enemies":"Jaw Worm","floor":2,"turns":3},{"damage":0,"enemies":"Cultist","floor":3,"turns":5},{"damage":13,"enemies":"3 Sentries","floor":7,"turns":11},{"damage":11,"enemies":"Looter","floor":12,"turns":2},{"damage":7,"enemies":"2 Fungi Beasts","floor":13,"turns":4},{"damage":10,"enemies":"Gremlin Nob","floor":14,"turns":4},{"damage":2,"enemies":"Hexaghost","floor":16,"turns":9},{"damage":15,"enemies":"Shell Parasite","floor":18,"turns":6},{"damage":18,"enemies":"3 Byrds","floor":21,"turns":5},{"damage":26,"enemies":"Book of Stabbing","floor":24,"turns":6},{"damage":0,"enemies":"Cultist and Chosen","floor":25,"turns":5},{"damage":19,"enemies":"Sentry and Sphere","floor":28,"turns":5},{"damage":15,"enemies":"Slavers","floor":31,"turns":5},{"damage":30,"enemies":"Automaton","floor":33,"turns":7},{"damage":29,"enemies":"3 Darklings","floor":35,"turns":4},{"damage":16,"enemies":"Orb Walker","floor":39,"turns":4},{"damage":15,"enemies":"Giant Head","floor":41,"turns":7},{"damage":0,"enemies":"Jaw Worm Horde","floor":44,"turns":4},{"damage":16,"enemies":"3 Darklings","floor":46,"turns":4},{"damage":13,"enemies":"Transient","floor":48,"turns":5},{"damage":59,"enemies":"Time Eater","floor":50,"turns":10}],"seed_played":"-2094068369876512242","potions_obtained":[{"floor":2,"key":"Strength Potion"},{"floor":13,"key":"Weak Potion"},{"floor":16,"key":"Fire Potion"},{"floor":21,"key":"Regen Potion"},{"floor":24,"key":"Swift Potion"},{"floor":31,"key":"GamblersBrew"},{"floor":35,"key":"Dexterity Potion"}],"is_trial":false,"path_per_floor":["M","M","M","?","?","R","E","$","T","T","R","M","M","E","R","B",null,"M","?","?","M","$","R","E","M","T","R","M","R","?","E","R","B",null,"M","?","?","$","M","R","E","R","T","M","?","M","R","M","R","B",null],"character_chosen":"THE_SILENT","items_purchased":["Noxious Fumes","PiercingWail","Poisoned Stab+1","Well Laid Plans+1","GhostInAJar","Noxious Fumes+1","Backflip","Poison Potion","Block Potion","Explosive Potion"],"campfire_rested":1,"item_purchase_floors":[8,8,8,22,22,38,38,38,38,38],"current_hp_per_floor":[63,63,63,63,63,63,50,50,50,50,50,39,32,22,41,39,59,44,44,44,26,26,41,30,42,49,64,45,60,60,45,60,42,65,48,48,48,48,44,62,47,65,65,65,65,49,70,57,72,25],"gold":449,"neow_bonus":"UPGRADE_CARD","is_prod":false,"is_daily":false,"chose_seed":false,"campfire_upgraded":10,"win_rate":0,"timestamp":1549523114,"path_taken":["M","M","M","?","?","R","E","?","T","?","R","?","M","E","R","BOSS","M","?","?","M","$","R","E","M","T","R","M","R","?","E","R","BOSS","M","?","?","$","M","R","E","R","T","M","?","M","R","?","R","BOSS"],"build_version":"2019-01-23","purchased_purges":1,"victory":true,"max_hp_per_floor":[70,70,70,70,65,65,65,65,65,65,65,65,65,65,65,65,65,65,65,65,65,65,65,65,65,72,72,72,72,72,72,72,72,72,72,72,72,72,72,72,72,72,72,72,72,72,72,72,72,72],"card_choices":[{"not_picked":["Escape Plan","Deadly Poison"],"picked":"Dagger Throw","floor":1},{"not_picked":["Outmaneuver","Underhanded Strike"],"picked":"Acrobatics","floor":2},{"not_picked":["Prepared","Deflect"],"picked":"Footwork","floor":3},{"not_picked":["Dodge and Roll","Wraith Form v2"],"picked":"Flying Knee","floor":7},{"not_picked":["Quick Slash+1","Dagger Throw+1"],"picked":"Infinite Blades","floor":12},{"not_picked":["Backflip","Outmaneuver"],"picked":"All Out Attack+1","floor":13},{"not_picked":["Caltrops","Expertise"],"picked":"Die Die Die+1","floor":14},{"not_picked":["Die Die Die+1","Phantasmal Killer"],"picked":"Night Terror","floor":16},{"not_picked":["Outmaneuver+1","Backflip"],"picked":"Cloak And Dagger+1","floor":18},{"not_picked":["Cloak And Dagger","Sucker Punch+1"],"picked":"Caltrops+1","floor":21},{"not_picked":["Phantasmal Killer","Eviscerate+1"],"picked":"Dash+1","floor":24},{"not_picked":["Cloak And Dagger","Poisoned Stab+1"],"picked":"Sucker Punch+1","floor":25},{"not_picked":["Blade Dance","Deadly Poison","Riddle With Holes+1"],"picked":"SKIP","floor":28},{"not_picked":["Blade Dance","Deadly Poison"],"picked":"Catalyst","floor":31},{"not_picked":["Adrenaline","Wraith Form v2+1"],"picked":"A Thousand Cuts+1","floor":33},{"not_picked":["Quick Slash+1","Underhanded Strike+1"],"picked":"Dagger Spray+1","floor":35},{"not_picked":["Outmaneuver","Slice+1"],"picked":"Dash+1","floor":39},{"not_picked":["Poisoned Stab+1","Deadly Poison+1"],"picked":"Bouncing Flask","floor":41},{"not_picked":["Bane+1","Slice+1"],"picked":"Backstab+1","floor":44},{"not_picked":["Eviscerate+1","Crippling Poison"],"picked":"Footwork+1","floor":46},{"not_picked":["Bane+1","Setup+1"],"picked":"Catalyst","floor":48}],"player_experience":491595,"relics_obtained":[{"floor":7,"key":"Molten Egg 2"},{"floor":9,"key":"Mummified Hand"},{"floor":10,"key":"Ancient Tea Set"},{"floor":14,"key":"Frozen Egg 2"},{"floor":24,"key":"Meat on the Bone"},{"floor":26,"key":"Strawberry"},{"floor":31,"key":"Letter Opener"},{"floor":41,"key":"Dream Catcher"},{"floor":43,"key":"Pantograph"}],"event_choices":[{"damage_healed":0,"gold_gain":0,"player_choice":"Ignored","damage_taken":0,"max_hp_gain":0,"max_hp_loss":0,"event_name":"Liars Game","floor":4,"gold_loss":0},{"damage_healed":0,"gold_gain":0,"player_choice":"Lose Max HP","damage_taken":0,"relics_obtained":["Golden Idol"],"max_hp_gain":0,"max_hp_loss":5,"event_name":"Golden Idol","floor":5,"gold_loss":0},{"damage_healed":0,"gold_gain":0,"cards_transformed":["Strike_G","Strike_G"],"player_choice":"Became Test Subject","damage_taken":0,"max_hp_gain":0,"max_hp_loss":0,"event_name":"Drug Dealer","floor":19,"gold_loss":0,"cards_obtained":["Setup","Wraith Form v2"]},{"damage_healed":0,"gold_gain":0,"player_choice":"Obtained Relic","damage_taken":0,"relics_obtained":["Potion Belt"],"max_hp_gain":0,"max_hp_loss":0,"event_name":"Addict","floor":20,"gold_loss":85},{"cards_removed":["Strike_G"],"damage_healed":0,"gold_gain":0,"player_choice":"Gave Gold","damage_taken":0,"max_hp_gain":0,"max_hp_loss":0,"event_name":"Beggar","floor":30,"gold_loss":75},{"damage_healed":0,"gold_gain":333,"player_choice":"Gave Idol","damage_taken":0,"max_hp_gain":0,"max_hp_loss":0,"event_name":"The Moai Head","floor":36,"relics_lost":["Golden Idol"],"gold_loss":0},{"cards_removed":["Strike_G"],"damage_healed":0,"gold_gain":0,"player_choice":"Removed Attack","damage_taken":0,"max_hp_gain":0,"max_hp_loss":0,"event_name":"Falling","floor":37,"gold_loss":0},{"damage_healed":0,"gold_gain":0,"player_choice":"Ignored","damage_taken":0,"max_hp_gain":0,"max_hp_loss":0,"event_name":"SecretPortal","floor":45,"gold_loss":0}],"is_beta":false,"boss_relics":[{"not_picked":["HoveringKite","Snecko Eye"],"picked":"Eternal Feather"},{"not_picked":["Ring of the Serpent","White Beast Statue"],"picked":"Cursed Key"}],"items_purged_floors":[38],"is_endless":false,"potions_floor_spawned":[2,13,16,21,24,31,35],"ascension_level":9}