{"gold_per_floor":[109,109,129,129,198,29,54,54,54,54,64,139,139,165,165,165],"floor_reached":16,"playtime":1164,"items_purged":[],"score":131,"play_id":"537a5f3d-aaf6-47b3-8afc-b0bf658eb26e","local_time":"20181223182120","is_ascension_mode":false,"campfire_choices":[{"data":"Bash","floor":10,"key":"SMITH"},{"data":"Searing Blow","floor":13,"key":"SMITH"},{"floor":15,"key":"REST"}],"neow_cost":"CURSE","seed_source_timestamp":2219390817140835,"circlet_count":0,"master_deck":["Strike_R","Strike_R","Strike_R","Strike_R","Strike_R","Defend_R","Defend_R","Defend_R","Defend_R","Bash+1","Writhe","Perfected Strike","Regret","Heavy Blade","Mayhem","Clash","Searing Blow+1","Feed"],"relics":["Burning Blood","Thread and Needle","Strawberry","Nunchaku","Regal Pillow","Shuriken","Mango"],"potions_floor_usage":[],"damage_taken":[{"damage":3,"enemies":"2 Louse","floor":1,"turns":3},{"damage":2,"enemies":"Small Slimes","floor":3,"turns":3},{"damage":25,"enemies":"Gremlin Nob","floor":7,"turns":5},{"damage":5,"enemies":"Jaw Worm","floor":11,"turns":3},{"damage":31,"enemies":"Lagavulin","floor":14,"turns":6},{"damage":92,"enemies":"Hexaghost","floor":16,"turns":10}],"seed_played":"-3204710598983074305","potions_obtained":[{"floor":3,"key":"Poison Potion"},{"floor":7,"key":"GamblersBrew"},{"floor":14,"key":"Weak Potion"}],"is_trial":false,"path_per_floor":["M","?","M","$","?","$","E","?","T","R","M","?","R","E","R","B"],"character_chosen":"IRONCLAD","items_purchased":["Mayhem"],"campfire_rested":1,"item_purchase_floors":[6],"current_hp_per_floor":[80,87,87,87,87,87,68,65,65,65,66,55,55,44,89,0],"gold":165,"neow_bonus":"ONE_RARE_RELIC","is_prod":false,"is_daily":false,"chose_seed":false,"campfire_upgraded":2,"win_rate":0.0,"timestamp":1545585680,"path_taken":["M","?","M","$","?","$","E","?","T","R","M","?","R","E","R","BOSS"],"build_version":"2018-12-20","purchased_purges":0,"victory":false,"max_hp_per_floor":[80,87,87,87,87,87,87,87,87,87,87,87,87,101,101,101],"card_choices":[{"not_picked":["Bloodletting","Inflame"],"picked":"Perfected Strike","floor":1},{"not_picked":["Disarm","Bloodletting"],"picked":"Heavy Blade","floor":3},{"not_picked":["Reaper","Sword Boomerang"],"picked":"Clash","floor":7},{"not_picked":["True Grit","Sword Boomerang"],"picked":"Searing Blow","floor":11},{"not_picked":["Disarm","Clash"],"picked":"Feed","floor":14}],"player_experience":5760,"relics_obtained":[{"floor":7,"key":"Nunchaku"},{"floor":9,"key":"Shuriken"},{"floor":14,"key":"Mango"}],"event_choices":[{"damage_healed":0,"gold_gain":0,"player_choice":"Box","damage_taken":0,"relics_obtained":["Strawberry"],"max_hp_gain":0,"max_hp_loss":0,"event_name":"Big Fish","floor":2,"gold_loss":0,"cards_obtained":["Regret"]},{"damage_healed":0,"gold_gain":69,"player_choice":"Gained Gold","damage_taken":0,"max_hp_gain":0,"max_hp_loss":0,"event_name":"Golden Wing","floor":5,"gold_loss":0},{"damage_healed":0,"gold_gain":0,"player_choice":"Success","damage_taken":3,"relics_obtained":["Regal Pillow"],"max_hp_gain":0,"max_hp_loss":0,"event_name":"Scrap Ooze","floor":8,"gold_loss":0},{"damage_healed":0,"gold_gain":75,"player_choice":"Gather Gold","damage_taken":11,"max_hp_gain":0,"max_hp_loss":0,"event_name":"World of Goop","floor":12,"gold_loss":0}],"is_beta":false,"boss_relics":[],"items_purged_floors":[],"is_endless":false,"potions_floor_spawned":[3,7,14],"killed_by":"Hexaghost","ascension_level":0}