{"gold_per_floor":[129,304,304,359,406,406,406,406,429,429,460,303,397,453,465,766,778,834,846,858,914,970,982,1025,1037,1049,1061,1101,1113,1222,1262,1274,1548,1560,1600,1612,888,919,1252,1252,787,787,787,825,825,858,891,919,919,919],"floor_reached":51,"playtime":2722,"items_purged":["Normality"],"score":819,"play_id":"3fc9324d-afce-4663-88e5-1ceaad2fefca","local_time":"20181003235413","daily_mods":["SealedDeck","Heirloom","MonsterHunter"],"is_ascension_mode":false,"campfire_choices":[{"data":"Consume","floor":6,"key":"SMITH"},{"data":"Capacitor","floor":8,"key":"SMITH"},{"data":"Capacitor","floor":10,"key":"SMITH"},{"data":"Fission","floor":15,"key":"SMITH"},{"data":"Seek","floor":23,"key":"SMITH"},{"data":"Defragment","floor":27,"key":"SMITH"},{"data":"Buffer","floor":29,"key":"SMITH"},{"floor":32,"key":"REST"},{"data":"Buffer","floor":40,"key":"SMITH"},{"data":"Go for the Eyes","floor":42,"key":"SMITH"},{"floor":45,"key":"REST"},{"data":"Defragment","floor":49,"key":"SMITH"}],"neow_cost":"","seed_source_timestamp":0,"circlet_count":0,"master_deck":["Turbo","Coolheaded","Conserve Battery","Conserve Battery","Ball Lightning","Consume+1","Auto Shields","Capacitor+1","Ball Lightning","Capacitor+1","Go for the Eyes+1","Hologram","Barrage","Fission+1","Seek+1","BootSequence","Loop","Buffer+1","Ghostly","Ghostly","Ghostly","Ghostly","Ghostly","Beam Cell+1","Skim+1","Defragment+1","Self Repair","Chill+1","Buffer+1","Cold Snap+1","Zap","Self Repair","Coolheaded","Redo+1","Hologram+1","Coolheaded+1","Defragment+1"],"relics":["Cracked Core","StoneCalendar","Bronze Scales","MawBank","Lizard Tail","MutagenicStrength","Potion Belt","Cables","Philosopher\u0027s Stone","Lee\u0027s Waffle","Ginger","Blood Vial","Vajra","Meat on the Bone","Gremlin Horn"],"potions_floor_usage":[50,50,50,50],"damage_taken":[{"damage":0,"enemies":"2 Louse","floor":1,"turns":4},{"damage":1,"enemies":"Small Slimes","floor":4,"turns":4},{"damage":0,"enemies":"Jaw Worm","floor":5,"turns":4},{"damage":6,"enemies":"Red Slaver","floor":11,"turns":3},{"damage":0,"enemies":"Lagavulin","floor":13,"turns":5},{"damage":4,"enemies":"2 Fungi Beasts","floor":14,"turns":3},{"damage":20,"enemies":"Slime Boss","floor":16,"turns":7},{"damage":20,"enemies":"3 Byrds","floor":18,"turns":4},{"damage":0,"enemies":"Shell Parasite","floor":21,"turns":6},{"damage":0,"enemies":"Centurion and Healer","floor":22,"turns":9},{"damage":3,"enemies":"Snake Plant","floor":24,"turns":6},{"damage":11,"enemies":"Sentry and Sphere","floor":28,"turns":7},{"damage":6,"enemies":"Gremlin Leader","floor":30,"turns":7},{"damage":1,"enemies":"Centurion and Healer","floor":31,"turns":8},{"damage":30,"enemies":"Automaton","floor":33,"turns":15},{"damage":0,"enemies":"3 Darklings","floor":35,"turns":6},{"damage":0,"enemies":"Orb Walker","floor":38,"turns":6},{"damage":20,"enemies":"3 Darklings","floor":44,"turns":7},{"damage":5,"enemies":"Transient","floor":46,"turns":5},{"damage":12,"enemies":"Sphere and 2 Shapes","floor":47,"turns":8},{"damage":0,"enemies":"Maw","floor":48,"turns":9},{"damage":0,"enemies":"Time Eater","floor":50,"turns":13}],"seed_played":"-8771915020854815445","potions_obtained":[{"floor":4,"key":"Fire Potion"},{"floor":11,"key":"Swift Potion"},{"floor":13,"key":"Poison Potion"},{"floor":24,"key":"Energy Potion"},{"floor":30,"key":"Dexterity Potion"},{"floor":47,"key":"Strength Potion"}],"is_trial":true,"path_per_floor":["M","?","?","M","M","R","?","R","T","R","M","$","E","M","R","B",null,"M","?","?","M","M","R","M","?","T","R","M","R","E","M","R","B",null,"M","?","$","M","?","R","$","R","T","M","R","M","M","M","R","B"],"character_chosen":"DEFECT","items_purchased":["Seek","Lee\u0027s Waffle","Ginger","Blood Vial","Vajra","Meat on the Bone","Coolheaded"],"campfire_rested":2,"item_purchase_floors":[12,37,37,37,41,41,41],"current_hp_per_floor":[75,75,57,56,56,56,49,49,49,49,43,43,43,39,39,19,75,55,55,37,37,37,37,34,34,34,34,23,23,17,23,34,11,37,37,37,44,44,44,44,44,44,44,31,44,44,44,44,44,44],"gold":919,"neow_bonus":"","is_prod":false,"is_daily":false,"chose_seed":false,"campfire_upgraded":10,"win_rate":0,"timestamp":1538578453,"path_taken":["M","?","?","M","M","R","?","R","T","R","?","$","E","M","R","BOSS","M","?","?","?","M","R","M","?","T","R","M","R","E","?","R","BOSS","M","?","$","M","?","R","$","R","T","M","R","M","M","M","R","BOSS"],"build_version":"2018-10-02","purchased_purges":1,"victory":true,"max_hp_per_floor":[75,75,75,75,75,75,75,75,75,75,75,75,75,75,75,75,75,75,75,37,37,37,37,37,37,37,37,37,37,37,37,37,37,37,37,37,44,44,44,44,44,44,44,44,44,44,44,44,44,44],"card_choices":[{"not_picked":["Recycle","Gash"],"picked":"Go for the Eyes","floor":1},{"not_picked":["Gash","Chaos"],"picked":"Hologram","floor":4},{"not_picked":["Beam Cell","Streamline"],"picked":"Barrage","floor":5},{"not_picked":["Steam","Blizzard"],"picked":"Fission","floor":11},{"not_picked":["Rip and Tear","Compile Driver"],"picked":"BootSequence","floor":13},{"not_picked":["Static Discharge","Gash"],"picked":"Loop","floor":14},{"not_picked":["Multi-Cast","Rainbow"],"picked":"Buffer","floor":16},{"not_picked":["Darkness","Rip and Tear","Sweeping Beam"],"picked":"SKIP","floor":18},{"not_picked":["Coolheaded","Sweeping Beam"],"picked":"Beam Cell+1","floor":21},{"not_picked":["Streamline","Gash"],"picked":"Skim+1","floor":22},{"not_picked":["Go for the Eyes+1","Gash"],"picked":"Defragment","floor":24},{"not_picked":["Turbo","Streamline","Rip and Tear+1"],"picked":"SKIP","floor":28},{"not_picked":["Ball Lightning+1","Beam Cell+1"],"picked":"Self Repair","floor":30},{"not_picked":["Reinforced Body","Rebound"],"picked":"Chill+1","floor":31},{"not_picked":["All For One","Thunder Strike"],"picked":"Buffer","floor":33},{"not_picked":["Genetic Algorithm","Steam+1"],"picked":"Cold Snap+1","floor":35},{"not_picked":["Beam Cell+1","Blizzard+1"],"picked":"Self Repair","floor":38},{"not_picked":["Streamline+1","Static Discharge+1"],"picked":"Redo+1","floor":44},{"not_picked":["Sweeping Beam","Conserve Battery"],"picked":"Hologram+1","floor":46},{"not_picked":["Self Repair","Genetic Algorithm+1"],"picked":"Coolheaded+1","floor":47},{"not_picked":["Storm+1","Double Energy+1"],"picked":"Defragment","floor":48}],"player_experience":472038,"relics_obtained":[{"floor":9,"key":"Bronze Scales"},{"floor":13,"key":"MawBank"},{"floor":26,"key":"Potion Belt"},{"floor":30,"key":"Cables"},{"floor":43,"key":"Gremlin Horn"}],"event_choices":[{"event_name":"Liars Game","player_choice":"agreed","floor":2,"damage_taken":0},{"event_name":"Golden Idol","player_choice":"Take Damage","floor":3,"damage_taken":0},{"event_name":"Golden Wing","player_choice":"Card Removal","floor":7,"damage_taken":0},{"event_name":"Beggar","player_choice":"Ignored","floor":19,"damage_taken":0},{"event_name":"Ghosts","player_choice":"Became a Ghost","floor":20,"damage_taken":0},{"event_name":"Drug Dealer","player_choice":"Inject Mutagens","floor":25,"damage_taken":0},{"event_name":"Match and Keep!","player_choice":"2 cards matched","floor":36,"damage_taken":0},{"event_name":"The Moai Head","player_choice":"Gave Idol","floor":39,"damage_taken":0}],"is_beta":true,"boss_relics":[{"not_picked":["Busted Crown","Snecko Eye"],"picked":"Lizard Tail"},{"not_picked":["Orrery","Velvet Choker"],"picked":"Philosopher\u0027s Stone"}],"items_purged_floors":[37],"is_endless":false,"potions_floor_spawned":[4,11,13,18,24,30,47],"ascension_level":0}