{"gold_per_floor":[110,110,110,84,159,186,72,102,127,153,153,212,212,232,232,327,327,342,342,342,342,342,373,373,404,404,256,272,99,119,137,137,137],"floor_reached":33,"playtime":1774,"items_purged":["Decay","Defend_B"],"score":385,"play_id":"4fe49e64-b087-484c-8a07-fbe0c6fcfb2b","local_time":"20181119185112","is_ascension_mode":true,"campfire_choices":[{"data":"Zap","floor":11,"key":"SMITH"},{"floor":13,"key":"REST"},{"data":"Static Discharge","floor":15,"key":"SMITH"},{"data":"Conserve Battery","floor":24,"key":"SMITH"},{"floor":32,"key":"REST"}],"neow_cost":"NONE","seed_source_timestamp":440629569366441,"circlet_count":0,"master_deck":["Strike_B+1","Strike_B+1","Defend_B","Defend_B","Zap+1","Dualcast","Redo","Coolheaded","Redo","Static Discharge+1","Coolheaded","Doom and Gloom","Cold Snap","Rainbow","FTL+1","Defragment+1","Loop+1","Hologram+1","Conserve Battery+1","Glacier","Storm","Heatsinks+1","Self Repair","Thunder Strike"],"relics":["Cracked Core","NeowsBlessing","Strawberry","Tiny Chest","Juzu Bracelet","Pen Nib","Bottled Lightning","Darkstone Periapt","Astrolabe","Nilry\u0027s Codex","Question Card","Vajra","Red Mask"],"potions_floor_usage":[12,16,33],"damage_taken":[{"damage":0,"enemies":"Small Slimes","floor":1,"turns":1},{"damage":0,"enemies":"Lagavulin","floor":6,"turns":1},{"damage":0,"enemies":"Gremlin Nob","floor":8,"turns":1},{"damage":34,"enemies":"Lagavulin","floor":10,"turns":7},{"damage":23,"enemies":"Lagavulin Event","floor":12,"turns":6},{"damage":5,"enemies":"Jaw Worm","floor":14,"turns":3},{"damage":15,"enemies":"Hexaghost","floor":16,"turns":9},{"damage":12,"enemies":"Chosen","floor":18,"turns":2},{"damage":25,"enemies":"Book of Stabbing","floor":23,"turns":3},{"damage":16,"enemies":"Masked Bandits","floor":25,"turns":3},{"damage":5,"enemies":"Shell Parasite","floor":28,"turns":5},{"damage":8,"enemies":"Centurion and Healer","floor":30,"turns":6},{"damage":4,"enemies":"3 Cultists","floor":31,"turns":4},{"damage":58,"enemies":"Automaton","floor":33,"turns":6}],"seed_played":"4995120960805347357","potions_obtained":[{"floor":8,"key":"Strength Potion"},{"floor":10,"key":"Ancient Potion"},{"floor":14,"key":"Dexterity Potion"},{"floor":16,"key":"Strength Potion"},{"floor":25,"key":"Dexterity Potion"}],"is_trial":false,"path_per_floor":["M","?","?","$","?","E","$","E","T","E","R","?","R","M","R","B",null,"M","?","?","?","?","E","R","?","T","$","M","$","M","M","R","B"],"character_chosen":"DEFECT","items_purchased":["Coolheaded","Tiny Chest","Storm","Self Repair"],"campfire_rested":2,"item_purchase_floors":[4,7,27,29],"current_hp_per_floor":[75,80,64,64,53,60,60,60,60,26,26,3,29,24,24,9,87,75,75,59,65,65,40,40,24,24,24,19,19,18,21,48,0],"gold":137,"neow_bonus":"THREE_ENEMY_KILL","is_prod":false,"is_daily":false,"chose_seed":false,"campfire_upgraded":3,"win_rate":0,"timestamp":1542671472,"path_taken":["M","?","?","$","?","E","$","E","T","E","R","?","R","M","R","BOSS","M","?","?","?","?","E","R","?","T","$","M","?","M","M","R","BOSS"],"build_version":"2018-11-15","purchased_purges":2,"victory":false,"max_hp_per_floor":[75,80,80,80,80,87,87,87,87,87,87,87,87,87,87,87,87,87,87,87,93,93,93,93,93,93,93,93,93,93,93,93,93],"card_choices":[{"not_picked":["Barrage","Hologram"],"picked":"Redo","floor":1},{"not_picked":["Melter","BootSequence"],"picked":"Redo","floor":6},{"not_picked":["Go for the Eyes","Steam"],"picked":"Static Discharge","floor":8},{"not_picked":["Undo","Reinforced Body"],"picked":"Coolheaded","floor":10},{"not_picked":["Sunder","Redo"],"picked":"Doom and Gloom","floor":12},{"not_picked":["Sweeping Beam","Darkness"],"picked":"Cold Snap","floor":14},{"not_picked":["Machine Learning","Amplify"],"picked":"Rainbow","floor":16},{"not_picked":["Sweeping Beam","Compile Driver+1"],"picked":"Hologram+1","floor":18},{"not_picked":["Doom and Gloom","FTL","Meteor Strike"],"picked":"Conserve Battery","floor":23},{"not_picked":["Rebound","Streamline","Barrage"],"picked":"Glacier","floor":25},{"not_picked":["Steam Power+1","White Noise","Gash"],"picked":"Heatsinks+1","floor":28},{"not_picked":["Reinforced Body","Storm+1","Defragment"],"picked":"Thunder Strike","floor":30},{"not_picked":["Hologram+1","Redo","Cold Snap+1","Coolheaded"],"picked":"SKIP","floor":31}],"player_experience":165513,"relics_obtained":[{"floor":6,"key":"Strawberry"},{"floor":8,"key":"Juzu Bracelet"},{"floor":9,"key":"Pen Nib"},{"floor":10,"key":"Bottled Lightning"},{"floor":20,"key":"Nilry\u0027s Codex"},{"floor":23,"key":"Vajra"},{"floor":25,"key":"Red Mask"}],"event_choices":[{"damage_healed":0,"gold_gain":0,"player_choice":"Donut","damage_taken":0,"max_hp_gain":5,"max_hp_loss":0,"event_name":"Big Fish","floor":2,"gold_loss":0},{"damage_healed":0,"gold_gain":0,"player_choice":"Entered Light","damage_taken":16,"max_hp_gain":0,"max_hp_loss":0,"event_name":"Shining Light","floor":3,"gold_loss":0,"cards_upgraded":["Strike_B","Strike_B"]},{"damage_healed":0,"gold_gain":75,"player_choice":"Gather Gold","damage_taken":11,"max_hp_gain":0,"max_hp_loss":0,"event_name":"World of Goop","floor":5,"gold_loss":0},{"damage_healed":0,"gold_gain":0,"player_choice":"Searched \u00272\u0027 times","damage_taken":0,"relics_obtained":["Darkstone Periapt"],"max_hp_gain":0,"max_hp_loss":0,"event_name":"Dead Adventurer","floor":12,"gold_loss":0},{"damage_healed":0,"gold_gain":0,"player_choice":"Ignored","damage_taken":0,"max_hp_gain":0,"max_hp_loss":0,"event_name":"Vampires","floor":19,"gold_loss":0},{"damage_healed":0,"gold_gain":0,"player_choice":"Obtained Book","damage_taken":16,"max_hp_gain":0,"max_hp_loss":0,"event_name":"Cursed Tome","floor":20,"gold_loss":0},{"damage_healed":0,"gold_gain":0,"player_choice":"Smashed Altar","damage_taken":0,"max_hp_gain":0,"max_hp_loss":0,"event_name":"Forgotten Altar","floor":21,"gold_loss":0,"cards_obtained":["Decay"]},{"damage_healed":0,"gold_gain":0,"player_choice":"Opened","damage_taken":0,"relics_obtained":["Question Card"],"max_hp_gain":0,"max_hp_loss":0,"event_name":"The Mausoleum","floor":22,"gold_loss":0},{"damage_healed":0,"gold_gain":0,"player_choice":"Fought Bandits","damage_taken":0,"max_hp_gain":0,"max_hp_loss":0,"event_name":"Masked Bandits","floor":25,"gold_loss":0}],"is_beta":false,"boss_relics":[{"not_picked":["Velvet Choker","Snecko Eye"],"picked":"Astrolabe"}],"items_purged_floors":[27,29],"is_endless":false,"potions_floor_spawned":[8,10,14,16,25,31],"killed_by":"Automaton","ascension_level":2}