{"gold_per_floor":[118,137,4,14,32,32,32,64,64,79,2,16,27,43,43,142,142,153,173,187,112,212,212,212],"floor_reached":24,"playtime":2502,"items_purged":[],"score":222,"play_id":"998aa0a7-f064-4e7d-9fe0-0ca60d611713","local_time":"20190205022055","is_ascension_mode":false,"campfire_choices":[{"data":"Infinite Blades","floor":6,"key":"SMITH"},{"floor":15,"key":"REST"}],"neow_cost":"NONE","seed_source_timestamp":16979581309199,"circlet_count":0,"master_deck":["Defend_G","Defend_G","Defend_G","Defend_G","Defend_G","Strike_G","Strike_G","Strike_G","Survivor","Neutralize","Flechettes","Predator","Infinite Blades+1","Acrobatics","Footwork","PiercingWail","Deflect","Backflip","Noxious Fumes","Deflect","Escape Plan","Skewer","Malaise","Deadly Poison+1","Endless Agony","Slice"],"relics":["Ring of the Snake","NeowsBlessing","Dodecahedron","Gremlin Horn","Black Star"],"potions_floor_usage":[8,10,10,16,23],"damage_taken":[{"damage":0,"enemies":"Cultist","floor":1,"turns":1},{"damage":0,"enemies":"2 Louse","floor":2,"turns":1},{"damage":0,"enemies":"Small Slimes","floor":4,"turns":1},{"damage":1,"enemies":"3 Louse","floor":5,"turns":5},{"damage":17,"enemies":"Lagavulin","floor":8,"turns":8},{"damage":0,"enemies":"Lots of Slimes","floor":10,"turns":2},{"damage":1,"enemies":"Exordium Wildlife","floor":12,"turns":4},{"damage":33,"enemies":"Gremlin Gang","floor":13,"turns":5},{"damage":1,"enemies":"Blue Slaver","floor":14,"turns":5},{"damage":19,"enemies":"The Guardian","floor":16,"turns":16},{"damage":12,"enemies":"Chosen","floor":18,"turns":6},{"damage":11,"enemies":"Shell Parasite","floor":19,"turns":7},{"damage":18,"enemies":"Shelled Parasite and Fungi","floor":20,"turns":9},{"damage":25,"enemies":"Gremlin Leader","floor":23,"turns":8},{"damage":7,"enemies":"Centurion and Healer","floor":24,"turns":1}],"seed_played":"5522658202355878310","potions_obtained":[{"floor":2,"key":"Fire Potion"},{"floor":4,"key":"Strength Potion"},{"floor":8,"key":"Energy Potion"},{"floor":13,"key":"Weak Potion"},{"floor":19,"key":"SmokeBomb"}],"is_trial":false,"path_per_floor":["M","M","$","M","M","R","?","E","T","M","$","M","M","M","R","B",null,"M","M","M","?","?","E","M"],"character_chosen":"THE_SILENT","items_purchased":["Infinite Blades","Acrobatics","Noxious Fumes"],"campfire_rested":1,"item_purchase_floors":[3,3,11],"current_hp_per_floor":[70,70,70,70,69,69,69,52,52,52,52,51,18,17,38,19,70,58,47,29,29,29,4,0],"gold":212,"neow_bonus":"THREE_ENEMY_KILL","is_prod":false,"is_daily":false,"chose_seed":false,"campfire_upgraded":1,"win_rate":0.0,"timestamp":1549362055,"path_taken":["M","M","$","?","?","R","?","E","T","M","$","M","M","?","R","BOSS","M","M","M","?","?","E","M"],"build_version":"2019-01-23","purchased_purges":0,"victory":false,"max_hp_per_floor":[70,70,70,70,70,70,70,70,70,70,70,70,70,70,70,70,70,70,70,70,70,70,70,70],"card_choices":[{"not_picked":["Blade Dance","Flying Knee"],"picked":"Flechettes","floor":1},{"not_picked":["Deflect","Heel Hook"],"picked":"Predator","floor":2},{"not_picked":["Prepared","Tactician"],"picked":"Footwork","floor":4},{"not_picked":["Outmaneuver","Prepared"],"picked":"PiercingWail","floor":5},{"not_picked":["Eviscerate","Reflex"],"picked":"Deflect","floor":8},{"not_picked":["Deflect","PiercingWail"],"picked":"Backflip","floor":10},{"not_picked":["All Out Attack","Sucker Punch"],"picked":"Deflect","floor":12},{"not_picked":["PiercingWail","Flying Knee"],"picked":"Escape Plan","floor":13},{"not_picked":["Masterful Stab","Eviscerate"],"picked":"Skewer","floor":14},{"not_picked":["Wraith Form v2","Doppelganger"],"picked":"Malaise","floor":16},{"not_picked":["Sucker Punch","Outmaneuver"],"picked":"Deadly Poison+1","floor":18},{"not_picked":["Finisher","Prepared"],"picked":"Endless Agony","floor":19},{"not_picked":["Dagger Spray","Riddle With Holes+1"],"picked":"Slice","floor":20}],"player_experience":70265,"relics_obtained":[{"floor":8,"key":"Dodecahedron"},{"floor":9,"key":"Gremlin Horn"}],"event_choices":[{"cards_removed":["Strike_G"],"damage_healed":0,"gold_gain":0,"player_choice":"Offered Basic","damage_taken":0,"max_hp_gain":0,"max_hp_loss":0,"event_name":"Bonfire Elementals","floor":7,"gold_loss":0},{"cards_removed":["Strike_G"],"damage_healed":0,"gold_gain":0,"player_choice":"Gave Gold","damage_taken":0,"max_hp_gain":0,"max_hp_loss":0,"event_name":"Beggar","floor":21,"gold_loss":75},{"damage_healed":0,"gold_gain":100,"player_choice":"Pray","damage_taken":0,"max_hp_gain":0,"max_hp_loss":0,"event_name":"Golden Shrine","floor":22,"gold_loss":0}],"is_beta":false,"boss_relics":[{"not_picked":["Snecko Eye","Fusion Hammer"],"picked":"Black Star"}],"items_purged_floors":[],"is_endless":false,"potions_floor_spawned":[2,4,8,13,19],"killed_by":"Centurion and Healer","ascension_level":0}