{"gold_per_floor":[115,125,40,59,72,105,105,105,105,380,9,9,28,28,28,157,157,178,199,199],"floor_reached":20,"playtime":1312,"items_purged":[],"score":261,"play_id":"35ce84fd-f44c-44ef-959b-721349a412c6","local_time":"20190207202159","is_ascension_mode":true,"campfire_choices":[{"floor":7,"key":"REST"},{"data":"Footwork","floor":12,"key":"SMITH"},{"data":"Neutralize","floor":15,"key":"SMITH"}],"neow_cost":"NONE","seed_source_timestamp":605308728568668,"circlet_count":0,"master_deck":["AscendersBane","Defend_G","Defend_G","Defend_G","Defend_G","Defend_G","Strike_G","Strike_G","Strike_G","Strike_G","Strike_G","Survivor","Neutralize+1","Dagger Throw","Dagger Spray","Skewer","Poisoned Stab","Footwork+1","Backflip","Catalyst","Regret","Noxious Fumes","PiercingWail","Riddle With Holes","A Thousand Cuts","Sucker Punch","PiercingWail"],"relics":["Ring of the Snake","Dream Catcher","Golden Idol","Shuriken","Paper Crane","Sozu"],"potions_floor_usage":[6,16,16],"damage_taken":[{"damage":0,"enemies":"Cultist","floor":1,"turns":4},{"damage":2,"enemies":"Jaw Worm","floor":2,"turns":4},{"damage":2,"enemies":"2 Louse","floor":4,"turns":3},{"damage":7,"enemies":"Gremlin Gang","floor":5,"turns":3},{"damage":21,"enemies":"Gremlin Nob","floor":6,"turns":4},{"damage":4,"enemies":"Looter","floor":13,"turns":4},{"damage":17,"enemies":"Hexaghost","floor":16,"turns":9},{"damage":12,"enemies":"Chosen","floor":18,"turns":6},{"damage":26,"enemies":"2 Thieves","floor":19,"turns":5},{"damage":25,"enemies":"Chosen and Byrds","floor":20,"turns":5}],"seed_played":"-6548084153849251942","potions_obtained":[{"floor":5,"key":"Strength Potion"},{"floor":6,"key":"LiquidBronze"},{"floor":14,"key":"PowerPotion"},{"floor":14,"key":"AttackPotion"}],"is_trial":false,"path_per_floor":["M","M","$","M","M","E","R","?","T","?","$","R","M","?","R","B",null,"M","M","M"],"character_chosen":"THE_SILENT","items_purchased":["Skewer","Poison Potion","Noxious Fumes","Paper Crane","PiercingWail"],"campfire_rested":1,"item_purchase_floors":[3,3,11,11,11],"current_hp_per_floor":[70,68,68,66,59,38,61,61,61,61,61,61,57,57,57,40,63,51,25,0],"gold":199,"neow_bonus":"TEN_PERCENT_HP_BONUS","is_prod":false,"is_daily":false,"chose_seed":false,"campfire_upgraded":2,"win_rate":0,"timestamp":1549599719,"path_taken":["M","M","$","M","?","E","R","?","T","?","$","R","?","?","R","BOSS","M","M","?"],"build_version":"2019-01-23","purchased_purges":0,"victory":false,"max_hp_per_floor":[77,77,77,77,77,77,77,71,71,71,71,71,71,71,71,71,71,71,71,71],"card_choices":[{"not_picked":["Slice","Tactician"],"picked":"Dagger Throw","floor":1},{"not_picked":["Heel Hook","Blade Dance"],"picked":"Dagger Spray","floor":2},{"not_picked":["Calculated Gamble","Cloak And Dagger"],"picked":"Poisoned Stab","floor":4},{"not_picked":["Quick Slash","Heel Hook"],"picked":"Footwork","floor":5},{"not_picked":["Skewer","Infinite Blades"],"picked":"Backflip","floor":6},{"not_picked":["Wraith Form v2","Sucker Punch"],"picked":"Catalyst","floor":7},{"not_picked":["Bouncing Flask","Deadly Poison"],"picked":"Riddle With Holes","floor":13},{"not_picked":["Die Die Die","Tools of the Trade"],"picked":"A Thousand Cuts","floor":16},{"not_picked":["Flechettes","Predator"],"picked":"Sucker Punch","floor":18},{"not_picked":["Finisher","Infinite Blades"],"picked":"PiercingWail","floor":19}],"player_experience":496392,"relics_obtained":[{"floor":6,"key":"Dream Catcher"},{"floor":9,"key":"Shuriken"}],"event_choices":[{"damage_healed":0,"gold_gain":0,"player_choice":"Lose Max HP","damage_taken":0,"relics_obtained":["Golden Idol"],"max_hp_gain":0,"max_hp_loss":6,"event_name":"Golden Idol","floor":8,"gold_loss":0},{"damage_healed":0,"gold_gain":275,"player_choice":"Desecrate","damage_taken":0,"max_hp_gain":0,"max_hp_loss":0,"event_name":"Golden Shrine","floor":10,"gold_loss":0,"cards_obtained":["Regret"]},{"damage_healed":0,"gold_gain":0,"player_choice":"Got Potions","damage_taken":0,"max_hp_gain":0,"max_hp_loss":0,"event_name":"Lab","floor":14,"gold_loss":0}],"is_beta":false,"boss_relics":[{"not_picked":["Calling Bell","Philosopher\u0027s Stone"],"picked":"Sozu"}],"items_purged_floors":[],"is_endless":false,"potions_floor_spawned":[5,6,19],"killed_by":"Chosen and Byrds","ascension_level":10}