{"gold_per_floor":[113,188,188,206,9,42,52,52,102,102,121,121,156,168,168,267,267,284,20,39,39,56,56,89,39,93,93],"floor_reached":27,"playtime":2492,"items_purged":["Strike_R"],"score":278,"play_id":"82763e6f-1e49-47ac-807e-e4da50137e7a","local_time":"20190103141733","is_ascension_mode":true,"campfire_choices":[{"floor":8,"key":"REST"},{"floor":10,"key":"REST"},{"floor":15,"key":"REST"},{"floor":23,"key":"REST"}],"neow_cost":"PERCENT_DAMAGE","seed_source_timestamp":735950148191487,"circlet_count":0,"master_deck":["Strike_R","Strike_R","Strike_R","Strike_R","Defend_R","Defend_R","Defend_R","Defend_R","Inflame","Armaments","Body Slam","Clothesline","Spot Weakness","Feel No Pain","Rampage","Double Tap","Metallicize","Metallicize","Mayhem","Second Wind","Shockwave","Pommel Strike+1"],"relics":["Burning Blood","Membership Card","Smiling Mask","Letter Opener","Gremlin Horn","Sozu","OrangePellets","Omamori","Bag of Marbles"],"potions_floor_usage":[6,6,6,7,11],"damage_taken":[{"damage":6,"enemies":"Jaw Worm","floor":1,"turns":3},{"damage":8,"enemies":"2 Louse","floor":4,"turns":3},{"damage":43,"enemies":"Gremlin Nob","floor":6,"turns":6},{"damage":5,"enemies":"Cultist","floor":7,"turns":4},{"damage":17,"enemies":"Large Slime","floor":11,"turns":6},{"damage":39,"enemies":"3 Sentries","floor":13,"turns":7},{"damage":8,"enemies":"Lots of Slimes","floor":14,"turns":4},{"damage":52,"enemies":"Slime Boss","floor":16,"turns":12},{"damage":46,"enemies":"Spheric Guardian","floor":18,"turns":6},{"damage":22,"enemies":"Shell Parasite","floor":20,"turns":4},{"damage":23,"enemies":"Colosseum Slavers","floor":21,"turns":6},{"damage":11,"enemies":"Centurion and Healer","floor":22,"turns":6},{"damage":50,"enemies":"Book of Stabbing","floor":24,"turns":8},{"damage":9,"enemies":"Cultist and Chosen","floor":27,"turns":3}],"seed_played":"-6616223441271291449","potions_obtained":[{"floor":1,"key":"EntropicBrew"},{"floor":7,"key":"Fruit Juice"},{"floor":11,"key":"Energy Potion"}],"is_trial":false,"path_per_floor":["M","?","?","M","$","E","M","R","T","R","M","?","E","M","R","B",null,"M","$","M","?","M","R","E","$","T","M"],"character_chosen":"IRONCLAD","items_purchased":["Membership Card","OrangePellets","Metallicize","Mayhem","Second Wind"],"campfire_rested":4,"item_purchase_floors":[5,19,19,19,19],"current_hp_per_floor":[72,61,61,59,59,31,37,67,67,97,86,86,53,51,81,35,101,61,61,45,28,23,53,9,9,9,0],"gold":93,"neow_bonus":"TWENTY_PERCENT_HP_BONUS","is_prod":false,"is_daily":false,"chose_seed":false,"campfire_upgraded":0,"win_rate":0,"timestamp":1546543053,"path_taken":["M","?","?","M","$","E","M","R","T","R","?","?","E","?","R","BOSS","M","$","M","?","M","R","E","$","T","M"],"build_version":"2018-12-20","purchased_purges":1,"victory":false,"max_hp_per_floor":[96,96,96,96,96,96,101,101,101,101,101,101,101,101,101,101,101,101,101,101,101,101,101,101,101,101,101],"card_choices":[{"not_picked":["Flex","Havoc"],"picked":"Inflame","floor":1},{"not_picked":["Perfected Strike","Clash"],"picked":"Armaments","floor":4},{"not_picked":["Havoc","Intimidate"],"picked":"Body Slam","floor":6},{"not_picked":["Twin Strike","Warcry"],"picked":"Clothesline","floor":7},{"not_picked":["Thunderclap","Combust"],"picked":"Spot Weakness","floor":11},{"not_picked":["Bloodletting","Perfected Strike"],"picked":"Feel No Pain","floor":13},{"not_picked":["Pommel Strike","Perfected Strike"],"picked":"Rampage","floor":14},{"not_picked":["Bludgeon","Offering"],"picked":"Double Tap","floor":16},{"not_picked":["Uppercut","Sword Boomerang"],"picked":"Metallicize","floor":18},{"not_picked":["Armaments","Dual Wield","Iron Wave"],"picked":"SKIP","floor":20},{"not_picked":["Sentinel+1","Rage"],"picked":"Shockwave","floor":22},{"not_picked":["Twin Strike+1","Hemokinesis"],"picked":"Pommel Strike+1","floor":24}],"player_experience":748397,"relics_obtained":[{"floor":6,"key":"Smiling Mask"},{"floor":13,"key":"Gremlin Horn"},{"floor":24,"key":"Omamori"},{"floor":26,"key":"Bag of Marbles"}],"event_choices":[{"damage_healed":0,"gold_gain":75,"player_choice":"Gather Gold","damage_taken":11,"max_hp_gain":0,"max_hp_loss":0,"event_name":"World of Goop","floor":2,"gold_loss":0},{"cards_removed":["Bash"],"damage_healed":0,"gold_gain":0,"player_choice":"Offered Basic","damage_taken":0,"max_hp_gain":0,"max_hp_loss":0,"event_name":"Bonfire Elementals","floor":3,"gold_loss":0},{"damage_healed":0,"gold_gain":0,"player_choice":"Gave Potion","damage_taken":0,"relics_obtained":["Letter Opener"],"max_hp_gain":0,"max_hp_loss":0,"event_name":"WeMeetAgain","floor":12,"gold_loss":0},{"damage_healed":0,"gold_gain":0,"player_choice":"Fight","damage_taken":0,"max_hp_gain":0,"max_hp_loss":0,"event_name":"Colosseum","floor":21,"gold_loss":0},{"damage_healed":0,"gold_gain":0,"player_choice":"Fled From Nobs","damage_taken":0,"max_hp_gain":0,"max_hp_loss":0,"event_name":"Colosseum","floor":21,"gold_loss":0}],"is_beta":false,"boss_relics":[{"not_picked":["Runic Pyramid","Calling Bell"],"picked":"Sozu"}],"items_purged_floors":[25],"is_endless":false,"potions_floor_spawned":[1,7,11,20],"killed_by":"Cultist and Chosen","ascension_level":1}