{"gold_per_floor":[114,114,129,129,148,148,167,167,167,186,224,224,21,40,40,40],"floor_reached":16,"playtime":1386,"items_purged":["Injury"],"score":102,"play_id":"3ad4a8fa-03e1-4c76-b89e-2e4dc8cfb23f","local_time":"20180715035443","daily_mods":["Shiny","Uncertain Future","Lethality"],"is_ascension_mode":false,"campfire_choices":[{"floor":6,"key":"REST"},{"floor":8,"key":"REST"},{"floor":15,"key":"REST"}],"neow_cost":"","seed_source_timestamp":0,"circlet_count":0,"master_deck":["Multi-Cast","Hyperbeam","Thunder Strike","Biased Cognition","Machine Learning","Electrodynamics","Buffer","Rainbow","Seek","Meteor Strike","Echo Form","All For One","Reboot","Amplify","Creative AI","Fission","Core Surge","Double Energy","Cold Snap","Conserve Battery","Reinforced Body","Leap","Tempest","Self Repair","Leap","Genetic Algorithm"],"special_seed":17726,"relics":["Cracked Core","Girya","Golden Idol","Pen Nib","Dodecahedron"],"potions_floor_usage":[11,16],"damage_taken":[{"damage":9.0,"enemies":"2 Louse","floor":1.0,"turns":2.0},{"damage":19,"enemies":"Small Slimes","floor":3,"turns":4},{"damage":8,"enemies":"Cultist","floor":5,"turns":4},{"damage":5,"enemies":"Large Slime","floor":7,"turns":6},{"damage":9,"enemies":"2 Fungi Beasts","floor":10,"turns":2},{"damage":5,"enemies":"Lagavulin","floor":11,"turns":4},{"damage":38,"enemies":"Gremlin Gang","floor":14,"turns":3},{"damage":49,"enemies":"The Guardian","floor":16,"turns":7}],"seed_played":"-1557900698408723444","potions_obtained":[{"floor":1.0,"key":"Strength Potion"},{"floor":3,"key":"Ancient Potion"},{"floor":5,"key":"FocusPotion"}],"is_trial":false,"path_per_floor":["M","?","M","?","M","R","M","R","T","M","E","?","$","M","R"],"character_chosen":"DEFECT","items_purchased":["Self Repair","Leap"],"campfire_rested":3,"item_purchase_floors":[13,13],"current_hp_per_floor":[66,54,35,35,27,49,44,66,66,57,52,52,52,21,43,0],"gold":40,"neow_bonus":"","is_prod":false,"is_daily":true,"chose_seed":false,"campfire_upgraded":0,"win_rate":0.0,"timestamp":1531652083,"path_taken":["M","?","M","?","M","R","M","R","T","M","E","?","$","M","R","BOSS"],"build_version":"2018-07-12","purchased_purges":1,"victory":false,"max_hp_per_floor":[75,75,75,75,75,75,75,75,75,75,75,75,75,75,75,75],"card_choices":[{"not_picked":["Chaos","Steam Power"],"picked":"Double Energy","floor":1.0},{"not_picked":["Stack","Compile Driver"],"picked":"Cold Snap","floor":3},{"not_picked":["Recycle","Gash"],"picked":"Conserve Battery","floor":5},{"not_picked":["Rebound","Stack"],"picked":"Reinforced Body","floor":7},{"not_picked":["Conserve Battery","Reprogram"],"picked":"Leap","floor":10},{"not_picked":["Steam Power","White Noise"],"picked":"Tempest","floor":11},{"not_picked":["Conserve Battery","Blizzard"],"picked":"Genetic Algorithm","floor":14}],"player_experience":38453,"relics_obtained":[{"floor":9,"key":"Pen Nib"},{"floor":11,"key":"Dodecahedron"}],"event_choices":[{"event_name":"Scrap Ooze","player_choice":"success","floor":2,"damage_taken":12},{"event_name":"Golden Idol","player_choice":"Take Wound","floor":4,"damage_taken":0},{"event_name":"Liars Game","player_choice":"disagreed","floor":12,"damage_taken":0}],"boss_relics":[],"items_purged_floors":[13],"is_endless":false,"potions_floor_spawned":[1,3,5],"killed_by":"The Guardian","ascension_level":0}