{"gold_per_floor":[217,232,247,261,271,296,143,143,143,143,143,154,119,119,119,239,239,229,252,167,180,199,199,212,256,256,274,274,274,294,219,219,319,319,329,32,132,150,150,150,150,168,168,182,182,182,182,54,54,54],"floor_reached":51,"playtime":3232,"items_purged":["Strike_R"],"score":644,"play_id":"5d26bd77-23e4-44fb-94c4-77ec21c8e810","local_time":"20190109233736","is_ascension_mode":false,"campfire_choices":[{"data":"Demon Form","floor":8,"key":"SMITH"},{"data":"Armaments","floor":10,"key":"SMITH"},{"floor":15,"key":"REST"},{"floor":23,"key":"REST"},{"floor":29,"key":"REST"},{"floor":32,"key":"REST"},{"floor":40,"key":"REST"},{"floor":46,"key":"REST"},{"floor":49,"key":"REST"}],"neow_cost":"NONE","seed_source_timestamp":753645644545421,"circlet_count":0,"master_deck":["Strike_R","Strike_R","Defend_R","Defend_R","Defend_R","Defend_R","Bash","Armaments+1","Shrug It Off","Hemokinesis","Whirlwind","Demon Form+1","Shrug It Off","Rampage","Injury","Limit Break","Perfected Strike","Whirlwind+1","Spot Weakness","Offering","Feed","Evolve+1","Uppercut+1","Feel No Pain","Madness","Madness","Enlightenment","Disarm+1","Pommel Strike"],"relics":["Burning Blood","Self Forming Clay","Mummified Hand","Bloody Idol","Snecko Eye","Ancient Tea Set","Sundial","Bottled Flame","Fusion Hammer","Ice Cream","Magic Flower","Orichalcum"],"potions_floor_usage":[16],"damage_taken":[{"damage":1,"enemies":"Cultist","floor":1,"turns":3},{"damage":0,"enemies":"Small Slimes","floor":2,"turns":4},{"damage":3,"enemies":"Jaw Worm","floor":3,"turns":4},{"damage":6,"enemies":"Looter","floor":4,"turns":3},{"damage":16,"enemies":"Large Slime","floor":5,"turns":9},{"damage":31,"enemies":"Gremlin Nob","floor":6,"turns":4},{"damage":4,"enemies":"2 Fungi Beasts","floor":12,"turns":4},{"damage":33,"enemies":"The Guardian","floor":16,"turns":11},{"damage":16,"enemies":"2 Thieves","floor":18,"turns":4},{"damage":11,"enemies":"Spheric Guardian","floor":19,"turns":4},{"damage":13,"enemies":"Snecko","floor":21,"turns":3},{"damage":29,"enemies":"Cultist and Chosen","floor":22,"turns":5},{"damage":21,"enemies":"Snake Plant","floor":24,"turns":4},{"damage":38,"enemies":"Slavers","floor":25,"turns":5},{"damage":12,"enemies":"3 Cultists","floor":27,"turns":3},{"damage":13,"enemies":"Shelled Parasite and Fungi","floor":30,"turns":4},{"damage":31,"enemies":"Champ","floor":33,"turns":7},{"damage":6,"enemies":"3 Shapes","floor":35,"turns":4},{"damage":7,"enemies":"Mind Bloom Boss Battle","floor":37,"turns":5},{"damage":30,"enemies":"3 Darklings","floor":38,"turns":4},{"damage":31,"enemies":"Transient","floor":42,"turns":5},{"damage":47,"enemies":"4 Shapes","floor":44,"turns":3},{"damage":70,"enemies":"Time Eater","floor":50,"turns":8}],"seed_played":"3951175850071166311","potions_obtained":[{"floor":1,"key":"Block Potion"},{"floor":4,"key":"EssenceOfSteel"},{"floor":6,"key":"Fruit Juice"},{"floor":16,"key":"Energy Potion"}],"is_trial":false,"path_per_floor":["M","M","M","M","M","E","$","R","T","R","?","M","$","?","R","B",null,"M","M","?","M","M","R","M","E","T","M","?","R","M","?","R","B",null,"M","$","?","M","?","R","?","M","T","M","?","R","$","$","R","B",null],"character_chosen":"IRONCLAD","items_purchased":["Demon Form","Rampage","Ice Cream","Pommel Strike"],"campfire_rested":7,"item_purchase_floors":[7,13,36,48],"current_hp_per_floor":[80,80,80,80,70,45,45,45,45,45,38,40,40,40,64,42,85,75,70,70,63,40,65,50,18,18,12,12,37,35,35,60,40,85,88,88,88,72,61,87,87,70,70,37,37,63,63,63,88,27],"gold":54,"neow_bonus":"HUNDRED_GOLD","is_prod":false,"is_daily":false,"chose_seed":false,"campfire_upgraded":2,"win_rate":0.0,"timestamp":1547073456,"path_taken":["M","?","M","M","M","E","$","R","T","R","?","M","?","?","R","BOSS","M","M","?","M","M","R","M","E","T","M","?","R","M","?","R","BOSS","M","$","?","M","?","R","?","M","T","?","?","R","?","$","R","BOSS"],"build_version":"2019-01-03v4","purchased_purges":1,"victory":true,"max_hp_per_floor":[80,80,80,80,80,80,80,80,80,80,80,80,80,80,80,85,85,85,85,85,85,85,85,85,85,85,85,85,85,85,85,85,85,85,88,88,88,88,88,88,88,88,88,88,88,88,88,88,88,88],"card_choices":[{"not_picked":["Fire Breathing","Sword Boomerang"],"picked":"Armaments","floor":1},{"not_picked":["Havoc","Power Through"],"picked":"Shrug It Off","floor":2},{"not_picked":["Perfected Strike","Clothesline"],"picked":"Hemokinesis","floor":3},{"not_picked":["Hemokinesis","Warcry","Barricade"],"picked":"SKIP","floor":4},{"not_picked":["Heavy Blade","Clash"],"picked":"Whirlwind","floor":5},{"not_picked":["Heavy Blade","Armaments","Cleave"],"picked":"SKIP","floor":6},{"not_picked":["Flame Barrier","Armaments"],"picked":"Shrug It Off","floor":12},{"not_picked":["Impervious","Bludgeon"],"picked":"Limit Break","floor":16},{"not_picked":["Sever Soul","Corruption","Cleave+1"],"picked":"SKIP","floor":18},{"not_picked":["Cleave","Dual Wield"],"picked":"Perfected Strike","floor":19},{"not_picked":["Flex","Twin Strike","Dropkick"],"picked":"SKIP","floor":21},{"not_picked":["Battle Trance","Immolate"],"picked":"Whirlwind+1","floor":22},{"not_picked":["Thunderclap+1","Reckless Charge","Wild Strike"],"picked":"SKIP","floor":24},{"not_picked":["Cleave","Battle Trance"],"picked":"Spot Weakness","floor":25},{"not_picked":["Flame Barrier","Flex+1"],"picked":"Offering","floor":27},{"not_picked":["Havoc","Iron Wave","Anger"],"picked":"SKIP","floor":30},{"not_picked":["Impervious","Fiend Fire"],"picked":"Feed","floor":33},{"not_picked":["Infernal Blade+1","Wild Strike"],"picked":"Evolve+1","floor":35},{"not_picked":["Iron Wave+1","Bloodletting+1"],"picked":"Uppercut+1","floor":37},{"not_picked":["Body Slam","Anger"],"picked":"Feel No Pain","floor":38},{"not_picked":["Swift Strike","Impatience"],"picked":"Enlightenment","floor":41},{"not_picked":["Thunderclap+1","Uppercut+1"],"picked":"Disarm+1","floor":42},{"not_picked":["Wild Strike+1","Thunderclap","Infernal Blade"],"picked":"SKIP","floor":44}],"player_experience":138050,"relics_obtained":[{"floor":6,"key":"Self Forming Clay"},{"floor":9,"key":"Mummified Hand"},{"floor":25,"key":"Sundial"},{"floor":26,"key":"Bottled Flame"},{"floor":37,"key":"Magic Flower"},{"floor":43,"key":"Orichalcum"}],"event_choices":[{"cards_removed":["Strike_R"],"damage_healed":0,"gold_gain":0,"player_choice":"Card Removal","damage_taken":7,"max_hp_gain":0,"max_hp_loss":0,"event_name":"Golden Wing","floor":11,"gold_loss":0},{"damage_healed":0,"gold_gain":0,"player_choice":"Take Wound","damage_taken":0,"relics_obtained":["Golden Idol"],"max_hp_gain":0,"max_hp_loss":0,"event_name":"Golden Idol","floor":14,"gold_loss":0,"cards_obtained":["Injury"]},{"damage_healed":0,"gold_gain":0,"player_choice":"Obtained Relic","damage_taken":0,"relics_obtained":["Ancient Tea Set"],"max_hp_gain":0,"max_hp_loss":0,"event_name":"Addict","floor":20,"gold_loss":85},{"damage_healed":0,"gold_gain":0,"player_choice":"Gave Idol","damage_taken":0,"relics_obtained":["Bloody Idol"],"max_hp_gain":0,"max_hp_loss":0,"event_name":"Forgotten Altar","floor":28,"relics_lost":["Golden Idol"],"gold_loss":0},{"cards_removed":["Strike_R"],"damage_healed":0,"gold_gain":0,"player_choice":"Gave Gold","damage_taken":0,"max_hp_gain":0,"max_hp_loss":0,"event_name":"Beggar","floor":31,"gold_loss":75},{"damage_healed":0,"gold_gain":0,"player_choice":"Fight","damage_taken":0,"max_hp_gain":0,"max_hp_loss":0,"event_name":"MindBloom","floor":37,"gold_loss":0},{"damage_healed":0,"gold_gain":0,"player_choice":"Embrace Madness","damage_taken":11,"max_hp_gain":0,"max_hp_loss":0,"event_name":"Winding Halls","floor":39,"gold_loss":0,"cards_obtained":["Madness","Madness"]},{"damage_healed":0,"gold_gain":0,"player_choice":"Memory 1","damage_taken":0,"max_hp_gain":0,"max_hp_loss":0,"event_name":"SensoryStone","floor":41,"gold_loss":0},{"damage_healed":0,"gold_gain":0,"player_choice":"Ignored","damage_taken":0,"max_hp_gain":0,"max_hp_loss":0,"event_name":"The Moai Head","floor":45,"gold_loss":0}],"is_beta":false,"boss_relics":[{"not_picked":["Runic Dome","Runic Pyramid"],"picked":"Snecko Eye"},{"not_picked":["Black Blood","Calling Bell"],"picked":"Fusion Hammer"}],"items_purged_floors":[48],"is_endless":false,"potions_floor_spawned":[1,4,6,16,18,22,37],"ascension_level":0}