{"path_per_floor":["M","M","$","?","M","R","E","M","T","E","R","M","M","M","R","B",null,"M","?","M","$","?"],"character_chosen":"IRONCLAD","items_purchased":["Pommel Strike","Meat on the Bone","Happy Flower","Metallicize"],"gold_per_floor":[115,134,5,180,200,200,228,245,269,297,297,307,324,340,340,440,440,459,459,473,22,22,22],"floor_reached":23,"campfire_rested":2,"playtime":1639,"current_hp_per_floor":[39,44,44,44,43,67,65,67,67,46,46,44,48,54,78,35,80,69,69,59,59,59,0],"items_purged":["Strike_R"],"gold":22,"score":203,"play_id":"22262b74-1ed2-468e-9030-6d26925dd7fa","local_time":"20180407182936","is_prod":false,"is_daily":false,"is_ascension_mode":false,"campfire_upgraded":1,"timestamp":1523140176,"path_taken":["M","M","$","?","M","R","E","M","T","E","R","?","M","M","R","BOSS","M","?","M","$","?","E"],"build_version":"2018-04-05v2","purchased_purges":1,"victory":false,"master_deck":["Strike_R","Strike_R","Strike_R","Defend_R","Defend_R","Defend_R","Bash","Twin Strike","Shrug It Off","Pommel Strike","Doubt","Perfected Strike","Uppercut","Twin Strike","Infernal Blade+1","Clash","Flex","Double Tap","Juggernaut","Rampage+1","Metallicize","Dropkick","Finesse"],"max_hp_per_floor":[80,80,80,80,80,80,80,80,80,80,80,80,80,80,80,80,80,80,80,80,80,80,80],"relics":["Burning Blood","Centennial Puzzle","Dream Catcher","Anchor","Eternal Feather","Meat on the Bone","Happy Flower"],"card_choices":[{"not_picked":["Rupture","Thunderclap"],"picked":"Twin Strike","floor":1},{"not_picked":["Searing Blow","True Grit"],"picked":"Shrug It Off","floor":2},{"not_picked":["Second Wind","Corruption"],"picked":"Perfected Strike","floor":5},{"not_picked":["Sever Soul","Twin Strike"],"picked":"Uppercut","floor":7},{"not_picked":["Rampage","True Grit"],"picked":"Twin Strike","floor":8},{"not_picked":["Carnage","Searing Blow"],"picked":"Infernal Blade","floor":10},{"not_picked":["Anger","Body Slam"],"picked":"Clash","floor":12},{"not_picked":["Clothesline","Uppercut"],"picked":"Flex","floor":14},{"not_picked":["Sentinel","Corruption"],"picked":"Double Tap","floor":15},{"not_picked":["Offering","Fiend Fire"],"picked":"Juggernaut","floor":16},{"not_picked":["Shrug It Off","Perfected Strike"],"picked":"Rampage","floor":18}],"player_experience":85362,"potions_floor_usage":[7,16,16,16],"damage_taken":[{"damage":7,"enemies":"Small Slimes","floor":1,"turns":3},{"damage":1,"enemies":"Cultist","floor":2,"turns":3},{"damage":7,"enemies":"2 Louse","floor":5,"turns":3},{"damage":8,"enemies":"Gremlin Nob","floor":7,"turns":4},{"damage":4,"enemies":"Looter","floor":8,"turns":3},{"damage":27,"enemies":"3 Sentries","floor":10,"turns":7},{"damage":8,"enemies":"Gremlin Gang","floor":12,"turns":4},{"damage":2,"enemies":"Blue Slaver","floor":13,"turns":3},{"damage":0,"enemies":"Exordium Thugs","floor":14,"turns":3},{"damage":49,"enemies":"The Guardian","floor":16,"turns":7},{"damage":17,"enemies":"3 Byrds","floor":18,"turns":5},{"damage":16,"enemies":"Shell Parasite","floor":20,"turns":4},{"damage":63,"enemies":"Gremlin Leader","floor":23,"turns":6}],"event_choices":[{"event_name":"Liars Game","player_choice":"agreed","floor":4,"damage_taken":0},{"event_name":"Ghosts","player_choice":"Ignored","floor":19,"damage_taken":0},{"event_name":"Match and Keep!","player_choice":"2 cards matched","floor":22,"damage_taken":0}],"boss_relics":[{"not_picked":["Sozu","Runic Pyramid"],"picked":"Eternal Feather"}],"potions_floor_spawned":[1,5,8,12,14],"seed_played":"3789519873780140738","killed_by":"Gremlin Leader","ascension_level":0,"is_trial":false}