{"gold_per_floor":[112,112,112,287,189,189,214,234,234,247,278,278,299,199,199,330,330,355,230,230,250,262,296,316,316,397,397,413,428,445,480,480,580,580,592,442,442,460,472,472,472,472,472,483,275,290,310,344,344,344],"floor_reached":51,"playtime":1785,"items_purged":["Doubt","Cold Snap","Glacier","Steam"],"score":996,"play_id":"3c2ab81b-5875-4340-bb5e-084ad6cab657","local_time":"20181005172200","daily_mods":["SealedDeck","Heirloom"],"is_ascension_mode":false,"campfire_choices":[{"data":"Loop","floor":6,"key":"SMITH"},{"data":"1","floor":12,"key":"LIFT"},{"data":"2","floor":15,"key":"LIFT"},{"data":"3","floor":25,"key":"LIFT"},{"data":"Double Energy","floor":27,"key":"SMITH"},{"data":"Chill","floor":32,"key":"SMITH"},{"floor":40,"key":"REST"},{"data":"Good Instincts","floor":42,"key":"SMITH"},{"floor":49,"key":"DIG"}],"neow_cost":"","seed_source_timestamp":0,"circlet_count":0,"master_deck":["Go for the Eyes","Loop+1","Beam Cell","Gash","Go for the Eyes","Beam Cell","Gash","Go for the Eyes","Beam Cell","Gash","Double Energy+1","Go for the Eyes","Core Surge","Gash","Go for the Eyes+1","Fission","Go for the Eyes+1","Good Instincts+1","Beam Cell+1"],"relics":["Cracked Core","Girya","NlothsMask","Bloody Idol","Unceasing Top","Empty Cage","Blood Vial","Molten Egg 2","Centennial Puzzle","Eternal Feather","Shovel","Medical Kit","Kunai","Emotion Chip"],"potions_floor_usage":[50,50],"damage_taken":[{"damage":0,"enemies":"Jaw Worm","floor":1,"turns":4},{"damage":0,"enemies":"Cultist","floor":7,"turns":3},{"damage":0,"enemies":"Small Slimes","floor":8,"turns":3},{"damage":8,"enemies":"3 Louse","floor":10,"turns":3},{"damage":12,"enemies":"Gremlin Nob","floor":11,"turns":4},{"damage":9,"enemies":"2 Fungi Beasts","floor":13,"turns":3},{"damage":0,"enemies":"Slime Boss","floor":16,"turns":3},{"damage":0,"enemies":"3 Byrds","floor":18,"turns":2},{"damage":0,"enemies":"Chosen","floor":21,"turns":1},{"damage":0,"enemies":"Snecko","floor":22,"turns":1},{"damage":0,"enemies":"Slavers","floor":23,"turns":1},{"damage":0,"enemies":"3 Cultists","floor":24,"turns":1},{"damage":0,"enemies":"Centurion and Healer","floor":28,"turns":1},{"damage":0,"enemies":"Snake Plant","floor":29,"turns":1},{"damage":0,"enemies":"Chosen and Byrds","floor":30,"turns":1},{"damage":0,"enemies":"Gremlin Leader","floor":31,"turns":1},{"damage":0,"enemies":"Automaton","floor":33,"turns":1},{"damage":0,"enemies":"Orb Walker","floor":35,"turns":1},{"damage":36,"enemies":"3 Shapes","floor":38,"turns":1},{"damage":0,"enemies":"Reptomancer","floor":39,"turns":1},{"damage":0,"enemies":"Maw","floor":44,"turns":1},{"damage":0,"enemies":"3 Darklings","floor":46,"turns":1},{"damage":0,"enemies":"Transient","floor":47,"turns":5},{"damage":0,"enemies":"2 Orb Walkers","floor":48,"turns":1},{"damage":23,"enemies":"Time Eater","floor":50,"turns":4}],"seed_played":"-585088552793121472","potions_obtained":[{"floor":1,"key":"Dexterity Potion"},{"floor":7,"key":"Swift Potion"},{"floor":11,"key":"AttackPotion"},{"floor":23,"key":"Regen Potion"},{"floor":31,"key":"Regen Potion"}],"is_trial":true,"path_per_floor":["M","?","?","?","$","R","M","M","T","M","E","R","M","$","R","B",null,"M","$","?","M","M","E","M","R","T","R","M","M","M","E","R","B",null,"M","$","?","M","M","R","?","R","T","M","$","M","M","E","R","B"],"character_chosen":"DEFECT","items_purchased":["Gash","Medical Kit"],"campfire_rested":1,"item_purchase_floors":[5,45],"current_hp_per_floor":[75,75,57,57,57,57,57,57,57,49,37,37,28,28,28,28,75,75,75,75,75,75,75,75,75,75,75,75,75,75,75,75,75,75,75,75,75,44,51,75,75,75,75,75,75,75,75,75,75,66],"gold":344,"neow_bonus":"","is_prod":false,"is_daily":false,"chose_seed":false,"campfire_upgraded":4,"win_rate":0,"timestamp":1538727720,"path_taken":["M","?","?","?","$","R","M","M","T","?","E","R","?","$","R","BOSS","M","$","?","M","M","E","M","R","T","R","M","M","?","E","R","BOSS","M","$","?","M","M","R","?","R","T","?","$","?","M","E","R","BOSS"],"build_version":"2018-10-04","purchased_purges":4,"victory":true,"max_hp_per_floor":[75,75,75,75,75,75,75,75,75,75,75,75,75,75,75,75,75,75,75,75,75,75,75,75,75,75,75,75,75,75,75,75,75,75,75,75,75,75,75,75,75,75,75,75,75,75,75,75,75,75],"card_choices":[{"not_picked":["Barrage","Darkness"],"picked":"Beam Cell","floor":1},{"not_picked":["Melter","Recycle"],"picked":"Go for the Eyes","floor":7},{"not_picked":["Barrage","Redo"],"picked":"Beam Cell","floor":8},{"not_picked":["Doom and Gloom","Hologram"],"picked":"Gash","floor":10},{"not_picked":["Rainbow","Blizzard"],"picked":"Double Energy","floor":11},{"not_picked":["Blizzard","Beam Cell"],"picked":"Go for the Eyes","floor":13},{"not_picked":["Hyperbeam","Reboot"],"picked":"Core Surge","floor":16},{"not_picked":["Static Discharge","Stack+1","Blizzard"],"picked":"SKIP","floor":18},{"not_picked":["Cold Snap","Storm+1","Leap"],"picked":"SKIP","floor":21},{"not_picked":["Skim+1","Aggregate","Hologram"],"picked":"SKIP","floor":22},{"not_picked":["Buffer","Coolheaded","Hologram"],"picked":"SKIP","floor":23},{"not_picked":["Chaos","Stack"],"picked":"Gash","floor":24},{"not_picked":["Force Field","Conserve Battery","Rip and Tear+1"],"picked":"SKIP","floor":28},{"not_picked":["Coolheaded","Streamline+1","Redo"],"picked":"SKIP","floor":29},{"not_picked":["Capacitor","Leap+1"],"picked":"Go for the Eyes+1","floor":30},{"not_picked":["Turbo","Hyperbeam+1"],"picked":"Chill","floor":31},{"not_picked":["Meteor Strike+1","All For One+1"],"picked":"Fission","floor":33},{"not_picked":["Consume+1","Redo+1","Cold Snap+1"],"picked":"SKIP","floor":35},{"not_picked":["Capacitor","Compile Driver+1","Heatsinks+1"],"picked":"SKIP","floor":38},{"not_picked":["Skim","Steam"],"picked":"Go for the Eyes+1","floor":39},{"not_picked":["Dramatic Entrance+1","Secret Weapon"],"picked":"Good Instincts","floor":41},{"not_picked":["Streamline+1","Cold Snap+1","Coolheaded"],"picked":"SKIP","floor":44},{"not_picked":["Tempest+1","Cold Snap+1"],"picked":"Beam Cell+1","floor":46},{"not_picked":["Barrage+1","Coolheaded+1","Sweeping Beam+1"],"picked":"SKIP","floor":47},{"not_picked":["Fusion+1","Hyperbeam+1","Sweeping Beam+1"],"picked":"SKIP","floor":48}],"player_experience":477113,"relics_obtained":[{"floor":11,"key":"Unceasing Top"},{"floor":23,"key":"Blood Vial"},{"floor":26,"key":"Molten Egg 2"},{"floor":31,"key":"Centennial Puzzle"},{"floor":43,"key":"Shovel"},{"floor":48,"key":"Kunai"},{"floor":49,"key":"Emotion Chip"}],"event_choices":[{"event_name":"FaceTrader","player_choice":"Trade","floor":2,"damage_taken":0},{"event_name":"Golden Idol","player_choice":"Take Damage","floor":3,"damage_taken":0},{"event_name":"Liars Game","player_choice":"agreed","floor":4,"damage_taken":0},{"event_name":"Forgotten Altar","player_choice":"Gave Idol","floor":20,"damage_taken":0},{"event_name":"Falling","player_choice":"Removed Skill","floor":37,"damage_taken":0},{"event_name":"SensoryStone","player_choice":"Memory 1","floor":41,"damage_taken":0}],"is_beta":true,"boss_relics":[{"not_picked":["Lizard Tail","Nuclear Battery"],"picked":"Empty Cage"},{"not_picked":["Inserter","White Beast Statue"],"picked":"Eternal Feather"}],"items_purged_floors":[5,14,19,36],"is_endless":false,"potions_floor_spawned":[1,7,11,22,23,28,31,33,35,38,44,47,48],"ascension_level":0}