{"path_per_floor":["M","?","?","$","$","M","M","R","T","E","M","R","E","?","R","B",null,"M","?","M","M"],"character_chosen":"THE_SILENT","items_purchased":["Infinite Blades"],"gold_per_floor":[114,114,114,76,1,20,40,40,114,145,158,158,493,493,493,612,612,628,628,642,665,665],"floor_reached":22,"campfire_rested":1,"playtime":1442,"current_hp_per_floor":[70,53,53,53,53,51,51,51,51,40,32,32,4,4,25,13,70,49,49,39,1,0],"items_purged":["Strike_G"],"gold":665,"score":223,"play_id":"1d2900cb-0eb3-4adc-90dc-98d0056c25b6","local_time":"20180430152933","is_prod":false,"is_daily":false,"chose_seed":false,"is_ascension_mode":true,"campfire_upgraded":2,"timestamp":1525069773,"path_taken":["M","?","?","?","$","M","?","R","T","E","M","R","E","?","R","BOSS","M","?","M","?","M"],"build_version":"2018-04-28v2","seed_source_timestamp":63647798505879,"purchased_purges":1,"victory":false,"master_deck":["Defend_G","Defend_G","Defend_G","Defend_G","Defend_G","Strike_G","Strike_G","Survivor","Neutralize+1","Footwork","Regret","Infinite Blades","Dagger Spray","Noxious Fumes+1","Noxious Fumes","Flying Knee","After Image","Phantasmal Killer","Caltrops+1","Expertise","Dagger Spray"],"max_hp_per_floor":[70,70,70,70,70,70,70,70,70,70,70,70,70,70,70,70,70,70,70,70,70,70],"relics":["Ring of the Snake","Golden Idol","Lantern","Ornamental Fan","Omamori","Old Coin","Runic Dome"],"card_choices":[{"not_picked":["Finisher","Outmaneuver"],"picked":"Footwork","floor":1.0},{"not_picked":["Deadly Poison","Predator"],"picked":"Dagger Spray","floor":6.0},{"not_picked":["Underhanded Strike","Sucker Punch"],"picked":"Noxious Fumes","floor":7.0},{"not_picked":["Prepared","Concentrate"],"picked":"Noxious Fumes","floor":10.0},{"not_picked":["Concentrate","Deadly Poison"],"picked":"Flying Knee","floor":11.0},{"not_picked":["Accuracy","Backflip"],"picked":"After Image","floor":13.0},{"not_picked":["Tactician","Grand Finale"],"picked":"Phantasmal Killer","floor":16.0},{"not_picked":["Skewer","Flechettes"],"picked":"Caltrops","floor":18},{"not_picked":["Underhanded Strike","Flying Knee"],"picked":"Expertise","floor":20},{"not_picked":["Deadly Poison","Skewer"],"picked":"Dagger Spray","floor":21}],"player_experience":119740,"potions_floor_usage":[21,21],"damage_taken":[{"damage":0.0,"enemies":"2 Louse","floor":1.0,"turns":5.0},{"damage":2.0,"enemies":"Jaw Worm","floor":6.0,"turns":5.0},{"damage":0.0,"enemies":"Small Slimes","floor":7.0,"turns":4.0},{"damage":11.0,"enemies":"3 Sentries","floor":10.0,"turns":6.0},{"damage":8.0,"enemies":"Looter","floor":11.0,"turns":4.0},{"damage":28.0,"enemies":"Gremlin Nob","floor":13.0,"turns":4.0},{"damage":12.0,"enemies":"The Guardian","floor":16.0,"turns":10.0},{"damage":21,"enemies":"Spheric Guardian","floor":18,"turns":6},{"damage":10,"enemies":"Shell Parasite","floor":20,"turns":6},{"damage":38,"enemies":"Snecko","floor":21,"turns":6},{"damage":2,"enemies":"Centurion and Healer","floor":22,"turns":3}],"event_choices":[{"event_name":"Golden Idol","player_choice":"Take Damage","floor":2.0,"damage_taken":0.0},{"event_name":"Big Fish","player_choice":"Box","floor":3.0,"damage_taken":0.0},{"event_name":"Living Wall","player_choice":"Forget","floor":14.0,"damage_taken":0.0},{"event_name":"Back to Basics","player_choice":"Elegance","floor":19,"damage_taken":0}],"boss_relics":[{"not_picked":["White Beast Statue","Runic Pyramid"],"picked":"Runic Dome"}],"potions_floor_spawned":[1,10,16,20],"seed_played":"-8951336217153519392","killed_by":"Centurion and Healer","ascension_level":3,"is_trial":false}