{"gold_per_floor":[118,67,83,100,55,81,81,91,172,188,208,208,208,243,243,339,339,355,355,204,119,72,72],"floor_reached":23,"playtime":1487,"items_purged":["Strike_B"],"score":239,"play_id":"50ad2fa2-8ac0-4800-b1cf-32684ef5cf9d","local_time":"20190207225100","is_ascension_mode":true,"campfire_choices":[{"data":"Chill","floor":7,"key":"SMITH"},{"floor":12,"key":"REST"},{"floor":15,"key":"REST"}],"neow_cost":"NONE","seed_source_timestamp":553933737464688,"circlet_count":0,"master_deck":["Defend_B","Defend_B","Defend_B","Defend_B","Zap","Dualcast","Finesse","Ball Lightning","Coolheaded","Creative AI","Conserve Battery","Conserve Battery","Chill+1","Cold Snap","Glacier","Self Repair","Echo Form","Force Field","Loop","Loop","Steam"],"relics":["Cracked Core","Ice Cream","Shuriken","Lantern","Empty Cage","Pantograph"],"potions_floor_usage":[16,16],"damage_taken":[{"damage":0,"enemies":"Cultist","floor":1,"turns":3},{"damage":6,"enemies":"Small Slimes","floor":3,"turns":3},{"damage":0,"enemies":"2 Louse","floor":4,"turns":2},{"damage":20,"enemies":"3 Sentries","floor":6,"turns":5},{"damage":29,"enemies":"Exordium Thugs","floor":8,"turns":6},{"damage":1,"enemies":"Large Slime","floor":10,"turns":7},{"damage":9,"enemies":"Blue Slaver","floor":11,"turns":6},{"damage":33,"enemies":"Gremlin Nob","floor":14,"turns":5},{"damage":33,"enemies":"Hexaghost","floor":16,"turns":11},{"damage":41,"enemies":"3 Byrds","floor":18,"turns":10},{"damage":54,"enemies":"Gremlin Leader","floor":23,"turns":4}],"seed_played":"-3097436503066960815","potions_obtained":[{"floor":1,"key":"Swift Potion"},{"floor":8,"key":"Regen Potion"},{"floor":10,"key":"SpeedPotion"},{"floor":14,"key":"GamblersBrew"}],"is_trial":false,"path_per_floor":["M","$","M","M","$","E","R","M","T","M","M","R","?","E","R","B",null,"M","?","$","?","$","E"],"character_chosen":"DEFECT","items_purchased":["Coolheaded","Conserve Battery","Loop","Steam"],"campfire_rested":2,"item_purchase_floors":[2,5,20,22],"current_hp_per_floor":[75,75,69,69,69,49,49,20,20,19,10,32,37,4,28,17,80,53,53,53,53,53,0],"gold":72,"neow_bonus":"RANDOM_COLORLESS","is_prod":false,"is_daily":false,"chose_seed":false,"campfire_upgraded":1,"win_rate":0,"timestamp":1549576260,"path_taken":["M","$","?","M","?","E","R","M","T","M","M","R","?","E","R","BOSS","M","?","?","?","$","E"],"build_version":"2019-01-23","purchased_purges":1,"victory":false,"max_hp_per_floor":[75,75,75,75,75,75,75,75,75,75,75,75,80,80,80,80,80,80,80,80,80,80,80],"card_choices":[{"not_picked":["Stack","Barrage"],"picked":"Ball Lightning","floor":1},{"not_picked":["Consume","Sweeping Beam"],"picked":"Creative AI","floor":3},{"not_picked":["Leap","Redo"],"picked":"Conserve Battery","floor":4},{"not_picked":["Go for the Eyes","Stack"],"picked":"Chill","floor":6},{"not_picked":["Static Discharge","Streamline"],"picked":"Cold Snap","floor":8},{"not_picked":["Steam","Reprogram"],"picked":"Glacier","floor":10},{"not_picked":["Beam Cell","Double Energy","Scrape"],"picked":"SKIP","floor":11},{"not_picked":["Consume","Coolheaded"],"picked":"Self Repair","floor":14},{"not_picked":["Thunder Strike","Multi-Cast"],"picked":"Echo Form","floor":16},{"not_picked":["Rebound","Leap"],"picked":"Force Field","floor":18}],"player_experience":592832,"relics_obtained":[{"floor":6,"key":"Ice Cream"},{"floor":9,"key":"Shuriken"},{"floor":14,"key":"Lantern"}],"event_choices":[{"damage_healed":0,"gold_gain":0,"player_choice":"Donut","damage_taken":0,"max_hp_gain":5,"max_hp_loss":0,"event_name":"Big Fish","floor":13,"gold_loss":0},{"damage_healed":0,"gold_gain":0,"cards_transformed":["Strike_B"],"player_choice":"Transformed","damage_taken":0,"max_hp_gain":0,"max_hp_loss":0,"event_name":"Transmorgrifier","floor":19,"gold_loss":0,"cards_obtained":["Loop"]},{"damage_healed":0,"gold_gain":0,"player_choice":"Obtained Relic","damage_taken":0,"relics_obtained":["Pantograph"],"max_hp_gain":0,"max_hp_loss":0,"event_name":"Addict","floor":21,"gold_loss":85}],"is_beta":false,"boss_relics":[{"not_picked":["Runic Dome","Fusion Hammer"],"picked":"Empty Cage"}],"items_purged_floors":[20],"is_endless":false,"potions_floor_spawned":[1,8,10,14],"killed_by":"Gremlin Leader","ascension_level":4}