{"gold_per_floor":[113,38,55,75,91,124,143,157,157,157,4,4,79,2,2,105,105,116,116,130,148,162,162],"floor_reached":23,"playtime":1238,"items_purged":[],"score":234,"play_id":"ce7f2219-5379-4711-b9dc-f45bbc08931d","local_time":"20181202195436","is_ascension_mode":true,"campfire_choices":[{"floor":12,"key":"REST"},{"data":"Go for the Eyes","floor":15,"key":"SMITH"}],"neow_cost":"NONE","seed_source_timestamp":168179482410523,"circlet_count":0,"master_deck":["Strike_B","Strike_B","Strike_B","Strike_B","Defend_B","Defend_B","Defend_B","Defend_B","Zap","Dualcast","Scrape","Rebound","Steam","Rebound","Beam Cell","White Noise","Go for the Eyes+1","Gash","Conserve Battery","FTL","Electrodynamics","Sweeping Beam+1","Gash","Beam Cell"],"relics":["Cracked Core","Centennial Puzzle","Ornamental Fan","Blood Vial","Vajra","Philosopher\u0027s Stone"],"potions_floor_usage":[6,16,16,22,23],"damage_taken":[{"damage":12,"enemies":"Small Slimes","floor":1,"turns":3},{"damage":12,"enemies":"Jaw Worm","floor":3,"turns":3},{"damage":0,"enemies":"Cultist","floor":4,"turns":3},{"damage":5,"enemies":"Blue Slaver","floor":5,"turns":3},{"damage":29,"enemies":"3 Sentries","floor":6,"turns":5},{"damage":0,"enemies":"2 Fungi Beasts","floor":7,"turns":3},{"damage":7,"enemies":"Large Slime","floor":8,"turns":3},{"damage":13,"enemies":"The Guardian","floor":16,"turns":10},{"damage":8,"enemies":"Chosen","floor":18,"turns":4},{"damage":11,"enemies":"Shell Parasite","floor":20,"turns":3},{"damage":15,"enemies":"Centurion and Healer","floor":21,"turns":5},{"damage":20,"enemies":"Snake Plant","floor":22,"turns":4},{"damage":39,"enemies":"Slavers","floor":23,"turns":4}],"seed_played":"3946159031692565721","potions_obtained":[{"floor":3,"key":"PowerPotion"},{"floor":6,"key":"Dexterity Potion"},{"floor":7,"key":"GamblersBrew"},{"floor":16,"key":"Ancient Potion"},{"floor":20,"key":"FearPotion"},{"floor":21,"key":"Regen Potion"}],"is_trial":false,"path_per_floor":["M","$","M","M","M","E","M","M","T","?","$","R","?","$","R","B",null,"M","?","M","M","M","E"],"character_chosen":"DEFECT","items_purchased":["Rebound","Steam","Vajra","FTL"],"campfire_rested":1,"item_purchase_floors":[2,2,11,14],"current_hp_per_floor":[63,63,51,51,46,17,17,10,10,10,10,32,21,21,21,10,75,67,67,58,45,39,2],"gold":162,"neow_bonus":"RANDOM_COMMON_RELIC","is_prod":false,"is_daily":false,"chose_seed":false,"campfire_upgraded":1,"win_rate":0,"timestamp":1543798476,"path_taken":["M","$","M","M","M","E","M","M","T","?","$","R","?","?","R","BOSS","M","?","M","?","M","E"],"build_version":"2018-11-15","purchased_purges":0,"victory":false,"max_hp_per_floor":[75,75,75,75,75,75,75,75,75,75,75,75,75,75,75,75,75,75,75,75,75,75,75],"card_choices":[{"not_picked":["Redo","Darkness"],"picked":"Scrape","floor":1},{"not_picked":["Steam","Redo"],"picked":"Rebound","floor":3},{"not_picked":["Glacier","Defragment"],"picked":"Beam Cell","floor":4},{"not_picked":["Steam","Hologram"],"picked":"White Noise","floor":5},{"not_picked":["Self Repair","Fusion"],"picked":"Go for the Eyes","floor":6},{"not_picked":["Steam Power","Doom and Gloom"],"picked":"Gash","floor":7},{"not_picked":["Storm","Capacitor"],"picked":"Conserve Battery","floor":8},{"not_picked":["Meteor Strike","Buffer"],"picked":"Electrodynamics","floor":16},{"not_picked":["Double Energy","Cold Snap"],"picked":"Sweeping Beam+1","floor":18},{"not_picked":["Fusion+1","Consume","Coolheaded+1"],"picked":"SKIP","floor":20},{"not_picked":["Compile Driver","Force Field+1","Ball Lightning"],"picked":"SKIP","floor":21},{"not_picked":["Conserve Battery","Compile Driver+1"],"picked":"Beam Cell","floor":22}],"player_experience":242200,"relics_obtained":[{"floor":6,"key":"Ornamental Fan"},{"floor":9,"key":"Blood Vial"}],"event_choices":[{"damage_healed":0,"gold_gain":0,"player_choice":"Ignored","damage_taken":0,"max_hp_gain":0,"max_hp_loss":0,"event_name":"Shining Light","floor":10,"gold_loss":0},{"damage_healed":0,"gold_gain":75,"player_choice":"Gather Gold","damage_taken":11,"max_hp_gain":0,"max_hp_loss":0,"event_name":"World of Goop","floor":13,"gold_loss":0},{"damage_healed":0,"gold_gain":0,"player_choice":"Copied","damage_taken":0,"max_hp_gain":0,"max_hp_loss":0,"event_name":"Duplicator","floor":19,"gold_loss":0,"cards_obtained":["Gash"]}],"is_beta":false,"boss_relics":[{"not_picked":["Coffee Dripper","Empty Cage"],"picked":"Philosopher\u0027s Stone"}],"items_purged_floors":[],"is_endless":false,"potions_floor_spawned":[3,6,7,16,20,21],"killed_by":"Slavers","ascension_level":4}