{"gold_per_floor":[110,129,129,146,158,158,188,34,34,34],"floor_reached":10,"playtime":533,"items_purged":["Strike_B"],"score":68,"play_id":"54f5d887-a6e2-4356-bb71-1d8151f00428","local_time":"20190103131110","is_ascension_mode":false,"campfire_choices":[{"data":"Consume","floor":6,"key":"SMITH"}],"neow_cost":"NONE","seed_source_timestamp":746519280828019,"circlet_count":0,"master_deck":["Strike_B","Strike_B","Strike_B","Defend_B","Defend_B","Defend_B","Defend_B","Zap","Dualcast","Amplify","Loop","Consume+1","Defragment","Ball Lightning","Seek","Self Repair"],"relics":["Cracked Core","CultistMask","Juzu Bracelet","Shuriken"],"potions_floor_usage":[7],"damage_taken":[{"damage":1,"enemies":"Cultist","floor":1,"turns":3},{"damage":0,"enemies":"2 Louse","floor":2,"turns":3},{"damage":0,"enemies":"Small Slimes","floor":4,"turns":3},{"damage":20,"enemies":"Looter","floor":5,"turns":3},{"damage":45,"enemies":"3 Sentries","floor":7,"turns":6},{"damage":16,"enemies":"Gremlin Nob","floor":10,"turns":2}],"seed_played":"5631081237329869991","potions_obtained":[{"floor":2,"key":"Fire Potion"},{"floor":4,"key":"Strength Potion"},{"floor":7,"key":"PowerPotion"}],"is_trial":false,"path_per_floor":["M","M","?","M","M","R","E","$","T","?"],"character_chosen":"DEFECT","items_purchased":["Self Repair"],"campfire_rested":0,"item_purchase_floors":[8],"current_hp_per_floor":[74,74,74,74,54,54,9,9,9,0],"gold":34,"neow_bonus":"ONE_RANDOM_RARE_CARD","is_prod":false,"is_daily":false,"chose_seed":false,"campfire_upgraded":1,"win_rate":0.0,"timestamp":1546539070,"path_taken":["M","M","?","?","M","R","E","?","T","?"],"build_version":"2018-12-20","purchased_purges":1,"victory":false,"max_hp_per_floor":[75,75,75,75,75,75,75,75,75,75],"card_choices":[{"not_picked":["Go for the Eyes","Double Energy"],"picked":"Loop","floor":1},{"not_picked":["Gash","Barrage"],"picked":"Consume","floor":2},{"not_picked":["Chill","Force Field"],"picked":"Defragment","floor":4},{"not_picked":["Barrage","Rebound"],"picked":"Ball Lightning","floor":5},{"not_picked":["Double Energy","BootSequence"],"picked":"Seek","floor":7}],"player_experience":131401,"relics_obtained":[{"floor":7,"key":"Juzu Bracelet"},{"floor":9,"key":"Shuriken"}],"event_choices":[{"damage_healed":0,"gold_gain":0,"player_choice":"Trade","damage_taken":0,"relics_obtained":["CultistMask"],"max_hp_gain":0,"max_hp_loss":0,"event_name":"FaceTrader","floor":3,"gold_loss":0},{"damage_healed":0,"gold_gain":0,"player_choice":"Searched \u00272\u0027 times","damage_taken":0,"max_hp_gain":0,"max_hp_loss":0,"event_name":"Dead Adventurer","floor":10,"gold_loss":0}],"is_beta":false,"boss_relics":[],"items_purged_floors":[8],"is_endless":false,"potions_floor_spawned":[2,4,7],"killed_by":"Gremlin Nob","ascension_level":0}