{"gold_per_floor":[214,214,240,253,264,289,306,306,306,276,306,10,10,44,44,147,147,160,160,160,174,189,189,92,119,119,119,119,119,119,42,42,145,145,157,157,157,171,23,55,67],"floor_reached":41,"playtime":2511,"items_purged":["Writhe"],"score":503,"play_id":"cd895f79-3d68-4244-8410-89d12d9354d1","local_time":"20190205190235","is_ascension_mode":false,"campfire_choices":[{"data":"Neutralize","floor":8.0,"key":"SMITH"},{"floor":13.0,"key":"REST"},{"floor":15.0,"key":"REST"},{"data":"Cloak And Dagger","floor":23,"key":"SMITH"},{"floor":27,"key":"REST"},{"data":"Cloak And Dagger","floor":30,"key":"SMITH"},{"floor":32,"key":"REST"}],"neow_cost":"NONE","seed_source_timestamp":0,"circlet_count":0,"master_deck":["Defend_G","Defend_G","Defend_G","Defend_G","Defend_G","Strike_G","Strike_G","Strike_G","Strike_G","Strike_G","Survivor","Neutralize+1","Leg Sweep","Cloak And Dagger+1","Deflect","Flying Knee","Backstab","Riddle With Holes","Flying Knee","Chrysalis","Dagger Spray","Unload","Dodge and Roll","Riddle With Holes","Outmaneuver","Flying Knee","Cloak And Dagger+1","Deflect","After Image","Cloak And Dagger","Escape Plan","Dagger Spray+1","Blade Dance","Dagger Spray+1","Well Laid Plans","Madness","Madness","Outmaneuver","Backflip","Parasite"],"special_seed":0,"relics":["Ring of the Serpent","Strawberry","Darkstone Periapt","Anchor","Boot","Regal Pillow","Pen Nib","Mercury Hourglass","Molten Egg 2","Enchiridion","Orrery","Nunchaku","Happy Flower","MawBank"],"potions_floor_usage":[25,33,33,40],"damage_taken":[{"damage":0.0,"enemies":"Small Slimes","floor":1.0,"turns":4.0},{"damage":0.0,"enemies":"Jaw Worm","floor":4.0,"turns":5.0},{"damage":0.0,"enemies":"2 Louse","floor":5.0,"turns":3.0},{"damage":7.0,"enemies":"3 Sentries","floor":6.0,"turns":12.0},{"damage":5.0,"enemies":"Exordium Wildlife","floor":7.0,"turns":6.0},{"damage":0.0,"enemies":"Looter","floor":10.0,"turns":4.0},{"damage":41.0,"enemies":"Gremlin Nob","floor":11.0,"turns":6.0},{"damage":7.0,"enemies":"Lagavulin","floor":14.0,"turns":10.0},{"damage":39.0,"enemies":"Hexaghost","floor":16.0,"turns":13.0},{"damage":10,"enemies":"Spheric Guardian","floor":18,"turns":4},{"damage":0,"enemies":"Chosen","floor":21,"turns":4},{"damage":13,"enemies":"Snake Plant","floor":22,"turns":5},{"damage":15,"enemies":"Slavers","floor":25,"turns":4},{"damage":19,"enemies":"Automaton","floor":33,"turns":11},{"damage":4,"enemies":"3 Shapes","floor":35,"turns":5},{"damage":7,"enemies":"3 Darklings","floor":38,"turns":4},{"damage":25,"enemies":"Nemesis","floor":40,"turns":6},{"damage":52,"enemies":"Writhing Mass","floor":41,"turns":7}],"seed_played":"5179552494077036352","potions_obtained":[{"floor":4.0,"key":"Poison Potion"},{"floor":5.0,"key":"Poison Potion"},{"floor":6.0,"key":"EssenceOfSteel"},{"floor":21,"key":"GamblersBrew"},{"floor":22,"key":"Explosive Potion"},{"floor":35,"key":"SkillPotion"},{"floor":40,"key":"GamblersBrew"}],"is_trial":false,"path_per_floor":["M","?","T","M","M","E","M","R","T","M","E","$","R","E","R","B",null,"M","?","?","M","M","R","$","E","T","R","?","?","R","$","R","B",null,"M","T","?","M","$","E","M"],"character_chosen":"THE_SILENT","items_purchased":["SkillPotion","Flying Knee","Chrysalis","Cloak And Dagger","GhostInAJar","Happy Flower"],"campfire_rested":4,"item_purchase_floors":[12,12,12,24,31,39],"current_hp_per_floor":[70,70,77,77,77,70,65,65,65,65,24,24,47,40,77,38,77,67,67,73,73,60,60,60,45,45,83,83,67,67,67,83,64,83,79,79,69,62,62,37,0],"gold":67,"neow_bonus":"HUNDRED_GOLD","is_prod":false,"is_daily":false,"chose_seed":false,"campfire_upgraded":3,"win_rate":0,"timestamp":1549422155,"path_taken":["M","?","?","M","M","E","M","R","T","M","E","$","R","E","R","BOSS","M","?","?","M","M","R","?","E","T","R","?","?","R","?","R","BOSS","M","?","?","M","$","E","M"],"build_version":"2019-01-23","purchased_purges":1,"victory":false,"max_hp_per_floor":[70,70,77,77,77,77,77,77,77,77,77,77,77,77,77,77,77,77,77,83,83,83,83,83,83,83,83,83,83,83,83,83,83,83,83,83,83,83,83,83,89],"card_choices":[{"not_picked":["Slice","PiercingWail"],"picked":"Leg Sweep","floor":1.0},{"not_picked":["Deadly Poison","Bane"],"picked":"Cloak And Dagger","floor":4.0},{"not_picked":["PiercingWail","Dodge and Roll","Eviscerate"],"picked":"SKIP","floor":5.0},{"not_picked":["Calculated Gamble","Phantasmal Killer"],"picked":"Deflect","floor":6.0},{"not_picked":["Heel Hook","Dodge and Roll"],"picked":"Flying Knee","floor":7.0},{"not_picked":["Acrobatics","Dagger Throw"],"picked":"Backstab","floor":10.0},{"not_picked":["After Image","Sucker Punch"],"picked":"Riddle With Holes","floor":11.0},{"not_picked":["Eviscerate","Backflip"],"picked":"Dagger Spray","floor":14.0},{"not_picked":["Night Terror","Burst"],"picked":"Unload","floor":16.0},{"not_picked":["Concentrate","PiercingWail"],"picked":"Dodge and Roll","floor":18},{"not_picked":["Dodge and Roll","Bane+1"],"picked":"Outmaneuver","floor":21},{"not_picked":["Bouncing Flask","Riddle With Holes+1"],"picked":"Flying Knee","floor":22},{"not_picked":["Expertise","Poisoned Stab"],"picked":"Deflect","floor":25},{"not_picked":["Phantasmal Killer","Night Terror"],"picked":"After Image","floor":33},{"not_picked":["Tactician","Dagger Throw+1"],"picked":"Cloak And Dagger","floor":34},{"not_picked":["Deflect+1","Sucker Punch+1"],"picked":"Escape Plan","floor":34},{"not_picked":["Dodge and Roll","Dagger Throw+1"],"picked":"Dagger Spray+1","floor":34},{"not_picked":["Underhanded Strike+1","Noxious Fumes"],"picked":"Blade Dance","floor":34},{"not_picked":["Deadly Poison","Bane+1"],"picked":"Dagger Spray+1","floor":34},{"not_picked":["Flechettes+1","Sucker Punch+1"],"picked":"Well Laid Plans","floor":35},{"not_picked":["Bane+1","Acrobatics"],"picked":"Outmaneuver","floor":38},{"not_picked":["Setup","Night Terror"],"picked":"Backflip","floor":40}],"player_experience":100516,"relics_obtained":[{"floor":3.0,"key":"Strawberry"},{"floor":6.0,"key":"Darkstone Periapt"},{"floor":9.0,"key":"Anchor"},{"floor":11.0,"key":"Boot"},{"floor":14.0,"key":"Regal Pillow"},{"floor":25,"key":"Mercury Hourglass"},{"floor":26,"key":"Molten Egg 2"},{"floor":29,"key":"Enchiridion"},{"floor":36,"key":"Nunchaku"},{"floor":40,"key":"MawBank"}],"event_choices":[{"damage_healed":0.0,"max_hp_gain":0.0,"max_hp_loss":0.0,"gold_gain":0.0,"event_name":"The Cleric","player_choice":"Leave","floor":2.0,"gold_loss":0.0,"damage_taken":0.0},{"damage_healed":0,"gold_gain":0,"player_choice":"Read","damage_taken":0,"max_hp_gain":0,"max_hp_loss":0,"event_name":"The Library","floor":19,"gold_loss":0,"cards_obtained":["Riddle With Holes"]},{"damage_healed":0,"gold_gain":0,"player_choice":"Opened","damage_taken":0,"relics_obtained":["Pen Nib"],"max_hp_gain":0,"max_hp_loss":0,"event_name":"The Mausoleum","floor":20,"gold_loss":0,"cards_obtained":["Writhe"]},{"damage_healed":0,"gold_gain":0,"player_choice":"Ignored","damage_taken":0,"max_hp_gain":0,"max_hp_loss":0,"event_name":"Ghosts","floor":28,"gold_loss":0},{"damage_healed":0,"gold_gain":0,"player_choice":"Obtained Book","damage_taken":16,"max_hp_gain":0,"max_hp_loss":0,"event_name":"Cursed Tome","floor":29,"gold_loss":0},{"damage_healed":0,"gold_gain":0,"player_choice":"Embrace Madness","damage_taken":10,"max_hp_gain":0,"max_hp_loss":0,"event_name":"Winding Halls","floor":37,"gold_loss":0,"cards_obtained":["Madness","Madness"]}],"is_beta":false,"boss_relics":[{"not_picked":["Cursed Key","Fusion Hammer"],"picked":"Ring of the Serpent"},{"not_picked":["Pandora\u0027s Box","Snecko Eye"],"picked":"Orrery"}],"items_purged_floors":[24],"is_endless":false,"potions_floor_spawned":[4,5,6,21,22,35,40],"killed_by":"Writhing Mass","ascension_level":0}