{"gold_per_floor":[111,126,126,51,51,51,76,76,76,91,91,91,116,116,116,116],"floor_reached":16,"playtime":509,"items_purged":[],"score":212,"play_id":"32cf1acf-5243-46d5-aef4-7daaa68121c9","local_time":"20181202223800","is_ascension_mode":true,"campfire_choices":[{"data":"Strike_G","floor":6.0,"key":"SMITH"},{"data":"Backstab","floor":8.0,"key":"SMITH"},{"data":"Quick Slash","floor":12.0,"key":"SMITH"},{"floor":15,"key":"REST"}],"neow_cost":"NONE","seed_source_timestamp":65958784339399,"circlet_count":0,"master_deck":["AscendersBane","Defend_G","Defend_G","Defend_G","Defend_G","Strike_G","Strike_G","Strike_G","Strike_G+1","Strike_G","Survivor","Neutralize+1","Backflip","Backstab+1","PiercingWail","Quick Slash+1","Quick Slash"],"special_seed":0,"relics":["Velvet Choker","Frozen Egg 2","Singing Bowl","Regal Pillow","Lantern"],"potions_floor_usage":[],"damage_taken":[{"damage":1.0,"enemies":"Cultist","floor":1.0,"turns":5.0},{"damage":4.0,"enemies":"Small Slimes","floor":2.0,"turns":5.0},{"damage":15.0,"enemies":"3 Sentries","floor":7.0,"turns":7.0},{"damage":0.0,"enemies":"2 Louse","floor":10.0,"turns":2.0},{"damage":22,"enemies":"Gremlin Nob","floor":13,"turns":4},{"damage":58,"enemies":"Slime Boss","floor":16,"turns":11}],"seed_played":"8526428948105153849","potions_obtained":[{"floor":2.0,"key":"PowerPotion"}],"is_trial":false,"path_per_floor":["M","M","?","?","?","R","E","R","T","M","T","R","E","?","R","B"],"character_chosen":"THE_SILENT","items_purchased":[],"campfire_rested":1,"item_purchase_floors":[],"current_hp_per_floor":[58,54,54,54,54,54,39,39,39,39,39,39,17,22,58,0],"gold":116,"neow_bonus":"BOSS_RELIC","is_prod":false,"is_daily":false,"chose_seed":false,"campfire_upgraded":3,"win_rate":0,"timestamp":1543808280,"path_taken":["M","M","?","?","?","R","E","R","T","M","?","R","E","?","R","BOSS"],"build_version":"2018-11-15","purchased_purges":0,"victory":false,"max_hp_per_floor":[66,66,66,66,66,66,66,66,66,66,66,66,66,71,71,71],"card_choices":[{"not_picked":["Flying Knee","PiercingWail"],"picked":"Backflip","floor":1.0},{"not_picked":["Masterful Stab","Distraction"],"picked":"Backstab","floor":2.0},{"not_picked":["Calculated Gamble","Finisher"],"picked":"PiercingWail","floor":7.0},{"not_picked":["Backflip","All Out Attack"],"picked":"Quick Slash","floor":10.0},{"not_picked":["Escape Plan","Deflect"],"picked":"Quick Slash","floor":13}],"player_experience":1744658,"relics_obtained":[{"floor":7.0,"key":"Frozen Egg 2"},{"floor":9.0,"key":"Singing Bowl"},{"floor":11.0,"key":"Regal Pillow"},{"floor":13,"key":"Lantern"}],"event_choices":[{"damage_healed":0.0,"max_hp_gain":0.0,"max_hp_loss":0.0,"gold_gain":0.0,"event_name":"Living Wall","player_choice":"Grow","floor":3.0,"gold_loss":0.0,"damage_taken":0.0,"cards_upgraded":["Neutralize"]},{"cards_removed":["Defend_G"],"damage_healed":0.0,"max_hp_gain":0.0,"max_hp_loss":0.0,"gold_gain":0.0,"event_name":"The Cleric","player_choice":"Card Removal","floor":4.0,"gold_loss":75.0,"damage_taken":0.0},{"damage_healed":0.0,"max_hp_gain":0.0,"max_hp_loss":0.0,"gold_gain":0.0,"event_name":"Liars Game","player_choice":"Ignored","floor":5.0,"gold_loss":0.0,"damage_taken":0.0},{"damage_healed":0,"gold_gain":0,"player_choice":"Donut","damage_taken":0,"max_hp_gain":5,"max_hp_loss":0,"event_name":"Big Fish","floor":14,"gold_loss":0}],"is_beta":true,"boss_relics":[],"items_purged_floors":[],"is_endless":false,"potions_floor_spawned":[2],"killed_by":"Slime Boss","ascension_level":20}