{"gold_per_floor":[117,117,15,25,44,44,63,63,63,94,94,121,121,146,146,219,219,237,237,255,104,121,121,135,35,35,35,35,47,74,93,93,93],"floor_reached":33,"playtime":1657,"items_purged":["Strike_G","Strike_G"],"score":570,"play_id":"d236768e-1270-4688-b655-1d09ee4a798b","local_time":"20181203225127","is_ascension_mode":true,"campfire_choices":[{"data":"Crippling Poison","floor":6,"key":"SMITH"},{"data":"Choke","floor":8,"key":"SMITH"},{"data":"Dagger Spray","floor":11,"key":"SMITH"},{"data":"Neutralize","floor":13,"key":"SMITH"},{"floor":15,"key":"REST"},{"floor":23,"key":"REST"},{"data":"Noxious Fumes","floor":28,"key":"SMITH"},{"floor":32,"key":"REST"}],"neow_cost":"NONE","seed_source_timestamp":152071708330700,"circlet_count":0,"master_deck":["AscendersBane","Defend_G","Defend_G","Defend_G","Defend_G","Defend_G","Strike_G","Survivor","Neutralize+1","Dash","Cloak And Dagger","Choke+1","Dagger Spray+1","Crippling Poison+1","Sucker Punch","Adrenaline","Quick Slash+1","Phantasmal Killer","All Out Attack+1","PiercingWail","Noxious Fumes+1","Backflip","Well Laid Plans","Dagger Spray+1","PiercingWail"],"relics":["Cursed Key","Regal Pillow","Molten Egg 2","Juzu Bracelet","Empty Cage","MutagenicStrength","Du-Vu Doll"],"potions_floor_usage":[2,16,16,16,30,30],"damage_taken":[{"damage":0,"enemies":"Jaw Worm","floor":1,"turns":4},{"damage":0,"enemies":"Cultist","floor":4,"turns":3},{"damage":3,"enemies":"2 Louse","floor":5,"turns":2},{"damage":0,"enemies":"2 Fungi Beasts","floor":7,"turns":3},{"damage":20,"enemies":"Lagavulin","floor":10,"turns":7},{"damage":12,"enemies":"Gremlin Nob","floor":12,"turns":4},{"damage":9,"enemies":"3 Sentries","floor":14,"turns":6},{"damage":13,"enemies":"Slime Boss","floor":16,"turns":8},{"damage":14,"enemies":"Spheric Guardian","floor":18,"turns":5},{"damage":12,"enemies":"3 Byrds","floor":20,"turns":5},{"damage":20,"enemies":"Shelled Parasite and Fungi","floor":22,"turns":4},{"damage":6,"enemies":"Centurion and Healer","floor":24,"turns":7},{"damage":12,"enemies":"Snake Plant","floor":29,"turns":3},{"damage":17,"enemies":"Book of Stabbing","floor":30,"turns":4},{"damage":10,"enemies":"Snecko","floor":31,"turns":5},{"damage":53,"enemies":"Automaton","floor":33,"turns":8}],"seed_played":"-7503747946657339028","potions_obtained":[{"floor":1,"key":"EntropicBrew"},{"floor":2,"key":"Fruit Juice"},{"floor":2,"key":"GhostInAJar"},{"floor":18,"key":"Fire Potion"},{"floor":22,"key":"Ancient Potion"},{"floor":30,"key":"SteroidPotion"}],"is_trial":false,"path_per_floor":["M","?","$","M","M","R","M","R","T","E","R","E","R","E","R","B",null,"M","?","M","$","M","R","M","$","T","?","R","M","E","M","R","B"],"character_chosen":"THE_SILENT","items_purchased":["Cloak And Dagger","Choke","Noxious Fumes"],"campfire_rested":3,"item_purchase_floors":[3,3,21],"current_hp_per_floor":[59,64,64,64,61,61,61,61,61,41,41,29,29,20,56,43,64,50,50,38,38,18,54,48,48,48,48,48,36,19,9,45,0],"gold":93,"neow_bonus":"BOSS_RELIC","is_prod":false,"is_daily":false,"chose_seed":false,"campfire_upgraded":5,"win_rate":0,"timestamp":1543895487,"path_taken":["M","?","$","M","M","R","M","R","T","E","R","E","R","E","R","BOSS","M","?","M","$","M","R","M","$","T","?","R","M","E","M","R","BOSS"],"build_version":"2018-11-15","purchased_purges":2,"victory":false,"max_hp_per_floor":[66,71,71,71,71,71,71,71,71,71,71,71,71,71,71,71,71,71,71,71,71,71,71,71,71,71,71,71,71,71,71,71,71],"card_choices":[{"not_picked":["Endless Agony","Backflip"],"picked":"Dash","floor":1},{"not_picked":["Deflect","Poisoned Stab"],"picked":"Dagger Spray","floor":4},{"not_picked":["Infinite Blades","Endless Agony"],"picked":"Crippling Poison","floor":5},{"not_picked":["Eviscerate","Flechettes"],"picked":"Sucker Punch","floor":7},{"not_picked":["Prepared","Flying Knee","Reflex"],"picked":"SKIP","floor":10},{"not_picked":["Tactician","Acrobatics"],"picked":"Adrenaline","floor":12},{"not_picked":["Calculated Gamble","Blade Dance"],"picked":"Quick Slash+1","floor":14},{"not_picked":["A Thousand Cuts","Storm of Steel"],"picked":"Phantasmal Killer","floor":16},{"not_picked":["Predator+1","Distraction"],"picked":"All Out Attack+1","floor":18},{"not_picked":["Dagger Spray+1","Endless Agony+1"],"picked":"PiercingWail","floor":20},{"not_picked":["Dodge and Roll","Bane+1"],"picked":"Backflip","floor":22},{"not_picked":["Accuracy","Distraction"],"picked":"Well Laid Plans","floor":24},{"not_picked":["Crippling Poison","Blade Dance"],"picked":"Dagger Spray+1","floor":29},{"not_picked":["Outmaneuver","Slice+1","Poisoned Stab+1"],"picked":"SKIP","floor":30},{"not_picked":["Unload+1","Sucker Punch+1"],"picked":"PiercingWail","floor":31}],"player_experience":1753965,"relics_obtained":[{"floor":10,"key":"Regal Pillow"},{"floor":12,"key":"Molten Egg 2"},{"floor":14,"key":"Juzu Bracelet"},{"floor":30,"key":"Du-Vu Doll"}],"event_choices":[{"damage_healed":0,"gold_gain":0,"player_choice":"Got Potions","damage_taken":0,"max_hp_gain":0,"max_hp_loss":0,"event_name":"Lab","floor":2,"gold_loss":0},{"damage_healed":0,"gold_gain":0,"player_choice":"Ignored","damage_taken":0,"max_hp_gain":0,"max_hp_loss":0,"event_name":"Ghosts","floor":19,"gold_loss":0},{"damage_healed":0,"gold_gain":0,"player_choice":"Inject Mutagens","damage_taken":0,"relics_obtained":["MutagenicStrength"],"max_hp_gain":0,"max_hp_loss":0,"event_name":"Drug Dealer","floor":27,"gold_loss":0}],"is_beta":true,"boss_relics":[{"not_picked":["WristBlade","Busted Crown"],"picked":"Empty Cage"}],"items_purged_floors":[21,25],"is_endless":false,"potions_floor_spawned":[1,4,5,14,18,22,30],"killed_by":"Automaton","ascension_level":20}