{"gold_per_floor":[115,130,55,69,85,120,120,149,149,149,21,21,21,34,34,113,113,131,6,26,42,42,42,54,80,80,115,128,128,142,177,177,251,251,268,268,102,202,202,217,237,13,13,41,59,77,108,124,124,124,124],"floor_reached":52,"playtime":4445,"items_purged":["Doubt","Pain","Strike_G","Parasite"],"score":2193,"play_id":"58390524-32e1-456c-8c75-9375065d6992","local_time":"20181215221855","is_ascension_mode":true,"campfire_choices":[{"data":"Noxious Fumes","floor":7.0,"key":"SMITH"},{"data":"Crippling Poison","floor":10.0,"key":"SMITH"},{"data":"Neutralize","floor":13.0,"key":"SMITH"},{"floor":15.0,"key":"REST"},{"data":"Footwork","floor":23.0,"key":"SMITH"},{"data":"Noxious Fumes","floor":29.0,"key":"SMITH"},{"data":"Outmaneuver","floor":32.0,"key":"SMITH"},{"floor":49,"key":"REST"}],"neow_cost":"NONE","seed_source_timestamp":167194162136000,"circlet_count":0,"master_deck":["AscendersBane","Defend_G","Defend_G","Defend_G","Defend_G","Strike_G","Strike_G","Strike_G","Strike_G","Survivor","Neutralize+1","Backflip","Dash","Noxious Fumes+1","Dagger Spray","Crippling Poison+1","PiercingWail","Noxious Fumes+1","Night Terror","Dagger Throw","Prepared","Footwork+1","Dodge and Roll","PiercingWail","Concentrate","Storm of Steel","PiercingWail","Calculated Gamble+1","Outmaneuver+1","Crippling Poison+1","Bouncing Flask+1","Footwork","Acrobatics+1","Secret Technique","Backflip","Catalyst","Catalyst+1"],"special_seed":0,"relics":["Cursed Key","FossilizedHelix","Meat on the Bone","Bottled Lightning","WarpedTongs","Runic Pyramid","Ninja Scroll","Prayer Wheel","Sozu","Incense Burner","Lantern","Sundial"],"potions_floor_usage":[51],"damage_taken":[{"damage":3.0,"enemies":"Cultist","floor":1.0,"turns":5.0},{"damage":1.0,"enemies":"2 Louse","floor":2.0,"turns":2.0},{"damage":0.0,"enemies":"Small Slimes","floor":4.0,"turns":2.0},{"damage":6.0,"enemies":"Exordium Thugs","floor":5.0,"turns":5.0},{"damage":8.0,"enemies":"Lagavulin","floor":6.0,"turns":9.0},{"damage":10.0,"enemies":"3 Sentries","floor":8.0,"turns":6.0},{"damage":0.0,"enemies":"3 Louse","floor":14.0,"turns":2.0},{"damage":14.0,"enemies":"Slime Boss","floor":16.0,"turns":8.0},{"damage":9.0,"enemies":"Chosen","floor":18.0,"turns":7.0},{"damage":0.0,"enemies":"Shell Parasite","floor":20.0,"turns":4.0},{"damage":0.0,"enemies":"Snecko","floor":21.0,"turns":7.0},{"damage":3.0,"enemies":"Shelled Parasite and Fungi","floor":24.0,"turns":6.0},{"damage":0.0,"enemies":"Gremlin Leader","floor":25.0,"turns":8.0},{"damage":10.0,"enemies":"Book of Stabbing","floor":27.0,"turns":8.0},{"damage":0.0,"enemies":"Snake Plant","floor":28.0,"turns":5.0},{"damage":0.0,"enemies":"3 Cultists","floor":30.0,"turns":4.0},{"damage":0.0,"enemies":"Gremlin Leader","floor":31.0,"turns":7.0},{"damage":0.0,"enemies":"Automaton","floor":33.0,"turns":16.0},{"damage":0.0,"enemies":"3 Darklings","floor":35.0,"turns":6.0},{"damage":0.0,"enemies":"Mind Bloom Boss Battle","floor":38.0,"turns":8.0},{"damage":0.0,"enemies":"Orb Walker","floor":40.0,"turns":4.0},{"damage":0,"enemies":"Writhing Mass","floor":41,"turns":7},{"damage":0,"enemies":"Nemesis","floor":44,"turns":7},{"damage":0,"enemies":"Maw","floor":45,"turns":3},{"damage":9,"enemies":"Jaw Worm Horde","floor":46,"turns":4},{"damage":31,"enemies":"Reptomancer","floor":47,"turns":6},{"damage":3,"enemies":"Spire Growth","floor":48,"turns":6},{"damage":26,"enemies":"Time Eater","floor":50,"turns":6},{"damage":26,"enemies":"Donu and Deca","floor":51,"turns":9}],"seed_played":"3999363841787859176","potions_obtained":[{"floor":2.0,"key":"Swift Potion"},{"floor":14.0,"key":"GhostInAJar"},{"floor":20.0,"key":"Block Potion"},{"floor":27.0,"key":"EssenceOfSteel"}],"is_trial":false,"path_per_floor":["M","M","?","M","M","E","R","E","T","R","$","?","R","M","R","B",null,"M","$","M","M","?","R","M","E","T","E","M","R","M","E","R","B",null,"M","?","$","?","?","M","M","$","T","E","M","M","E","M","R","B","B",null],"character_chosen":"THE_SILENT","items_purchased":["Dexterity Potion","Prepared","Footwork","Catalyst"],"campfire_rested":2,"item_purchase_floors":[11,19,37,42],"current_hp_per_floor":[56,55,55,55,49,41,41,31,31,31,31,31,31,43,62,48,62,53,53,53,53,53,53,50,50,50,40,40,40,40,40,40,40,60,60,60,60,60,50,50,50,50,50,50,50,41,22,31,49,35,21],"gold":124,"neow_bonus":"BOSS_RELIC","is_prod":false,"is_daily":false,"chose_seed":false,"campfire_upgraded":6,"win_rate":0,"timestamp":1544930335,"path_taken":["M","M","?","M","M","E","R","E","T","R","$","?","R","M","R","BOSS","M","$","?","M","?","R","M","E","T","E","M","R","M","E","R","BOSS","M","?","$","?","?","M","M","$","T","E","M","M","E","M","R","BOSS","BOSS"],"build_version":"2018-11-15","purchased_purges":4,"victory":true,"max_hp_per_floor":[66,66,66,66,66,66,66,66,66,66,66,66,66,66,66,66,66,66,66,66,66,66,66,66,66,66,66,66,66,66,66,66,66,66,66,66,66,66,66,66,66,63,63,63,63,63,63,63,63,63,63],"card_choices":[{"not_picked":["Caltrops","Well Laid Plans"],"picked":"Backflip","floor":1.0},{"not_picked":["Underhanded Strike","Sucker Punch"],"picked":"Dash","floor":2.0},{"not_picked":["Deadly Poison","Cloak And Dagger"],"picked":"Noxious Fumes","floor":4.0},{"not_picked":["Dodge and Roll","Reflex"],"picked":"Dagger Spray","floor":5.0},{"not_picked":["Finisher","PiercingWail"],"picked":"Crippling Poison","floor":6.0},{"not_picked":["Masterful Stab","Calculated Gamble"],"picked":"PiercingWail","floor":8.0},{"not_picked":["Caltrops","Dagger Throw"],"picked":"Noxious Fumes","floor":14.0},{"not_picked":["Glass Knife","Die Die Die"],"picked":"Night Terror","floor":16.0},{"not_picked":["Flying Knee","Deadly Poison"],"picked":"Dagger Throw","floor":18.0},{"not_picked":["Infinite Blades","Dagger Spray"],"picked":"Footwork","floor":20.0},{"not_picked":["Setup","Bane"],"picked":"Dodge and Roll","floor":21.0},{"not_picked":["Cloak And Dagger","Prepared"],"picked":"PiercingWail","floor":24.0},{"not_picked":["Dodge and Roll","Outmaneuver"],"picked":"Concentrate","floor":25.0},{"not_picked":["Blade Dance","Concentrate"],"picked":"Storm of Steel","floor":27.0},{"not_picked":["Outmaneuver","Underhanded Strike"],"picked":"PiercingWail","floor":28.0},{"not_picked":["Deadly Poison","Masterful Stab"],"picked":"Calculated Gamble+1","floor":30.0},{"not_picked":["Slice","Dagger Throw"],"picked":"Outmaneuver","floor":31.0},{"not_picked":["Finisher","Tactician"],"picked":"Crippling Poison+1","floor":35.0},{"not_picked":["Bane","Dagger Spray+1"],"picked":"Bouncing Flask+1","floor":35.0},{"not_picked":["Cloak And Dagger","Terror+1"],"picked":"Acrobatics+1","floor":38.0},{"not_picked":["Mind Blast","Forethought"],"picked":"Secret Technique","floor":39.0},{"not_picked":["PiercingWail","All Out Attack","Blade Dance"],"picked":"SKIP","floor":40.0},{"not_picked":["Choke","Blade Dance","Crippling Poison"],"picked":"SKIP","floor":40.0},{"not_picked":["Prepared+1","PiercingWail+1"],"picked":"Backflip","floor":41},{"not_picked":["Slice","Poisoned Stab","Bouncing Flask"],"picked":"SKIP","floor":41},{"not_picked":["PiercingWail","Dagger Throw+1","Calculated Gamble+1"],"picked":"SKIP","floor":44},{"not_picked":["Bouncing Flask","Blade Dance","Reflex"],"picked":"SKIP","floor":45},{"not_picked":["Underhanded Strike","Deadly Poison","Reflex+1"],"picked":"SKIP","floor":45},{"not_picked":["Dagger Throw+1","Terror","PiercingWail"],"picked":"SKIP","floor":46},{"not_picked":["Flying Knee+1","Unload","Bane+1"],"picked":"SKIP","floor":46},{"not_picked":["Deflect","Unload"],"picked":"Catalyst+1","floor":47},{"not_picked":["Cloak And Dagger+1","Flying Knee+1","All Out Attack+1"],"picked":"SKIP","floor":48},{"not_picked":["Bane+1","Flechettes+1","Sucker Punch"],"picked":"SKIP","floor":48}],"player_experience":1826413,"relics_obtained":[{"floor":6.0,"key":"FossilizedHelix"},{"floor":8.0,"key":"Meat on the Bone"},{"floor":9.0,"key":"Bottled Lightning"},{"floor":25.0,"key":"Ninja Scroll"},{"floor":31.0,"key":"Prayer Wheel"},{"floor":38.0,"key":"Incense Burner"},{"floor":44,"key":"Lantern"},{"floor":47,"key":"Sundial"}],"event_choices":[{"cards_removed":["Defend_G"],"damage_healed":0.0,"max_hp_gain":0.0,"max_hp_loss":0.0,"gold_gain":0.0,"event_name":"The Cleric","player_choice":"Card Removal","floor":3.0,"gold_loss":75.0,"damage_taken":0.0},{"damage_healed":0.0,"max_hp_gain":0.0,"max_hp_loss":0.0,"gold_gain":0.0,"event_name":"Accursed Blacksmith","player_choice":"Rummage","floor":12.0,"gold_loss":0.0,"damage_taken":0.0,"relics_obtained":["WarpedTongs"],"cards_obtained":["Pain"]},{"damage_healed":0.0,"max_hp_gain":0.0,"max_hp_loss":0.0,"gold_gain":0.0,"event_name":"Ghosts","player_choice":"Ignored","floor":22.0,"gold_loss":0.0,"damage_taken":0.0},{"damage_healed":0.0,"max_hp_gain":0.0,"max_hp_loss":0.0,"gold_gain":0.0,"event_name":"Match and Keep!","player_choice":"0 cards matched","floor":36.0,"gold_loss":0.0,"damage_taken":0.0,"cards_obtained":[]},{"damage_healed":0.0,"max_hp_gain":0.0,"max_hp_loss":0.0,"gold_gain":0.0,"event_name":"MindBloom","player_choice":"Fight","floor":38.0,"gold_loss":0.0,"damage_taken":0.0},{"damage_healed":0.0,"max_hp_gain":0.0,"max_hp_loss":0.0,"gold_gain":0.0,"event_name":"SensoryStone","player_choice":"Memory 3","floor":39.0,"gold_loss":0.0,"damage_taken":10.0}],"is_beta":true,"boss_relics":[{"not_picked":["Busted Crown","Velvet Choker"],"picked":"Runic Pyramid"},{"not_picked":["Black Star","White Beast Statue"],"picked":"Sozu"}],"items_purged_floors":[11,19,37,42],"is_endless":false,"potions_floor_spawned":[2,14,16,20,24,27,28,31,35,38,44,46,48],"ascension_level":20}