{"gold_per_floor":[117,117,132,132,307,232,232,261,261,277,287,300,332,347,347,347],"floor_reached":16,"playtime":710,"items_purged":["Doubt"],"score":178,"play_id":"2c9f5e17-7a9a-48f6-a530-c32d2aaad7fa","local_time":"20181210192306","is_ascension_mode":true,"campfire_choices":[{"data":"Zap","floor":15,"key":"SMITH"}],"neow_cost":"NONE","seed_source_timestamp":178573188679982,"circlet_count":0,"master_deck":["Strike_B","Strike_B","Strike_B","Defend_B","Defend_B","Defend_B+1","Defend_B+1","Zap+1","Dualcast+1","Coolheaded+1","Leap","Barrage","Genetic Algorithm","Conserve Battery","Cold Snap","Sweeping Beam","Recycle","Glacier"],"relics":["Cracked Core","NeowsBlessing","War Paint","Lantern","Mummified Hand","Mercury Hourglass"],"potions_floor_usage":[13,13,16],"damage_taken":[{"damage":0,"enemies":"Jaw Worm","floor":1,"turns":1},{"damage":0,"enemies":"Cultist","floor":3,"turns":1},{"damage":0,"enemies":"3 Sentries","floor":8,"turns":1},{"damage":0,"enemies":"2 Louse","floor":10,"turns":3},{"damage":1,"enemies":"2 Fungi Beasts","floor":11,"turns":3},{"damage":1,"enemies":"Large Slime","floor":12,"turns":7},{"damage":12,"enemies":"Gremlin Nob","floor":13,"turns":5},{"damage":0,"enemies":"Blue Slaver","floor":14,"turns":2},{"damage":21,"enemies":"Slime Boss","floor":16,"turns":7}],"seed_played":"6739258724931615854","potions_obtained":[{"floor":1,"key":"EssenceOfSteel"},{"floor":10,"key":"PowerPotion"},{"floor":11,"key":"SkillPotion"}],"is_trial":false,"path_per_floor":["M","?","M","?","?","$","?","E","T","M","M","M","E","M","R","B"],"character_chosen":"DEFECT","items_purchased":[],"campfire_rested":0,"item_purchase_floors":[],"current_hp_per_floor":[68,68,68,56,56,56,41,41,41,41,40,39,27,27,27,6],"gold":347,"neow_bonus":"THREE_ENEMY_KILL","is_prod":false,"is_daily":false,"chose_seed":false,"campfire_upgraded":1,"win_rate":0,"timestamp":1544487786,"path_taken":["M","?","?","?","?","$","?","E","T","M","?","M","E","M","R","BOSS"],"build_version":"2018-12-06","purchased_purges":1,"victory":false,"max_hp_per_floor":[75,75,75,75,75,75,75,75,75,75,75,75,75,75,75,75],"card_choices":[{"not_picked":["Melter","Beam Cell"],"picked":"Coolheaded","floor":1},{"not_picked":["Conserve Battery","Leap"],"picked":"Barrage","floor":3},{"not_picked":["Hologram","Biased Cognition"],"picked":"Genetic Algorithm","floor":8},{"not_picked":["Hello World","Barrage"],"picked":"Conserve Battery","floor":10},{"not_picked":["Blizzard","Barrage"],"picked":"Cold Snap","floor":11},{"not_picked":["Stack","Lockon"],"picked":"Sweeping Beam","floor":12},{"not_picked":["Doom and Gloom","Force Field"],"picked":"Recycle","floor":13},{"not_picked":["Tempest","Consume"],"picked":"Glacier","floor":14}],"player_experience":314617,"relics_obtained":[{"floor":8,"key":"Lantern"},{"floor":9,"key":"Mummified Hand"},{"floor":13,"key":"Mercury Hourglass"}],"event_choices":[{"damage_healed":0,"gold_gain":0,"cards_transformed":["Strike_B"],"player_choice":"Transformed","damage_taken":0,"max_hp_gain":0,"max_hp_loss":0,"event_name":"Transmorgrifier","floor":2,"gold_loss":0,"cards_obtained":["Leap"]},{"damage_healed":0,"gold_gain":0,"player_choice":"Success","damage_taken":12,"relics_obtained":["War Paint"],"max_hp_gain":0,"max_hp_loss":0,"event_name":"Scrap Ooze","floor":4,"gold_loss":0},{"damage_healed":0,"gold_gain":175,"player_choice":"AGREE","damage_taken":0,"max_hp_gain":0,"max_hp_loss":0,"event_name":"Liars Game","floor":5,"gold_loss":0,"cards_obtained":["Doubt"]},{"damage_healed":0,"gold_gain":0,"player_choice":"Entered Light","damage_taken":15,"max_hp_gain":0,"max_hp_loss":0,"event_name":"Shining Light","floor":7,"gold_loss":0,"cards_upgraded":["Dualcast","Defend_B"]}],"is_beta":false,"boss_relics":[],"items_purged_floors":[6],"is_endless":false,"potions_floor_spawned":[1,10,11],"killed_by":"Slime Boss","ascension_level":6}