{"gold_per_floor":[115,131,131,151,171,199,199,199,199,228,247,247,51,51,51,151,151,164,164,20,39,49,81,97,107,107,123,123,152,152,152,152,152],"floor_reached":33,"playtime":2695,"items_purged":["Strike_G"],"score":297,"play_id":"d04cf947-1870-4793-8541-0bcce67d5baa","local_time":"20190117065619","is_ascension_mode":false,"campfire_choices":[{"floor":7,"key":"REST"},{"floor":12,"key":"REST"},{"floor":15,"key":"REST"},{"data":"Acrobatics","floor":28,"key":"SMITH"},{"floor":32,"key":"REST"}],"neow_cost":"NONE","seed_source_timestamp":1313463351857145,"circlet_count":0,"master_deck":["Defend_G","Defend_G","Defend_G","Defend_G","Defend_G","Strike_G","Strike_G","Strike_G","Survivor","Neutralize","Distraction","Poisoned Stab","Flying Knee","Leg Sweep","Storm of Steel+1","Infinite Blades","Neutralize","Doppelganger","Adrenaline","Tactician","Predator","Escape Plan+1","Acrobatics+1","Accuracy+1","Underhanded Strike","Reflex","Quick Slash","Bouncing Flask"],"relics":["Ring of the Snake","Lantern","Question Card","Tough Bandages","TwistedFunnel","HoveringKite","Blood Vial","Nunchaku","Pen Nib"],"potions_floor_usage":[],"damage_taken":[{"damage":0,"enemies":"Jaw Worm","floor":1,"turns":6},{"damage":13,"enemies":"Cultist","floor":2,"turns":5},{"damage":0,"enemies":"2 Louse","floor":4,"turns":2},{"damage":0,"enemies":"Exordium Thugs","floor":5,"turns":5},{"damage":34,"enemies":"3 Sentries","floor":6,"turns":16},{"damage":25,"enemies":"Gremlin Nob","floor":10,"turns":4},{"damage":3,"enemies":"Red Slaver","floor":11,"turns":3},{"damage":42,"enemies":"Slime Boss","floor":16,"turns":10},{"damage":6,"enemies":"2 Thieves","floor":18,"turns":5},{"damage":2,"enemies":"Shell Parasite","floor":21,"turns":6},{"damage":0,"enemies":"Snake Plant","floor":22,"turns":4},{"damage":6,"enemies":"Book of Stabbing","floor":23,"turns":7},{"damage":16,"enemies":"3 Cultists","floor":24,"turns":6},{"damage":1,"enemies":"Cultist and Chosen","floor":25,"turns":6},{"damage":1,"enemies":"Snecko","floor":27,"turns":4},{"damage":22,"enemies":"Slavers","floor":29,"turns":5},{"damage":10,"enemies":"Colosseum Slavers","floor":30,"turns":4},{"damage":55,"enemies":"Automaton","floor":33,"turns":6}],"seed_played":"6627141458838406199","potions_obtained":[{"floor":1,"key":"Explosive Potion"},{"floor":2,"key":"SteroidPotion"},{"floor":4,"key":"Poison Potion"},{"floor":25,"key":"Regen Potion"}],"is_trial":false,"path_per_floor":["M","M","?","M","M","E","R","?","T","E","M","R","$","?","R","B",null,"M","?","$","M","M","E","M","M","T","M","R","E","?","?","R","B"],"character_chosen":"THE_SILENT","items_purchased":["TwistedFunnel","Predator"],"campfire_rested":4,"item_purchase_floors":[13,20],"current_hp_per_floor":[77,64,57,57,57,23,46,46,46,21,18,41,41,41,64,22,77,71,71,71,69,69,63,49,50,50,51,51,31,23,23,46,0],"gold":152,"neow_bonus":"TEN_PERCENT_HP_BONUS","is_prod":false,"is_daily":false,"chose_seed":false,"campfire_upgraded":1,"win_rate":0.0,"timestamp":1547704579,"path_taken":["M","M","?","M","M","E","R","?","T","E","?","R","$","?","R","BOSS","M","?","$","M","?","E","M","M","T","M","R","E","?","?","R","BOSS"],"build_version":"2019-01-10","purchased_purges":1,"victory":false,"max_hp_per_floor":[77,77,77,77,77,77,77,77,77,77,77,77,77,77,77,77,77,77,77,77,77,77,77,77,77,77,77,77,77,77,77,77,77],"card_choices":[{"not_picked":["Masterful Stab","Flechettes"],"picked":"Distraction","floor":1},{"not_picked":["Terror","Flechettes"],"picked":"Poisoned Stab","floor":2},{"not_picked":["Footwork","Deflect"],"picked":"Flying Knee","floor":4},{"not_picked":["Acrobatics","Slice"],"picked":"Leg Sweep","floor":5},{"not_picked":["Cloak And Dagger","Deflect"],"picked":"Storm of Steel","floor":6},{"not_picked":["PiercingWail","Dodge and Roll","Slice","Underhanded Strike"],"picked":"SKIP","floor":10},{"not_picked":["Deflect","Slice","Cloak And Dagger"],"picked":"Infinite Blades","floor":11},{"not_picked":["Venomology","Wraith Form v2","Burst"],"picked":"Adrenaline","floor":16},{"not_picked":["Escape Plan","Poisoned Stab","Dash"],"picked":"Tactician","floor":18},{"not_picked":["Dodge and Roll+1","PiercingWail+1","Deadly Poison"],"picked":"Escape Plan+1","floor":21},{"not_picked":["Cloak And Dagger","Riddle With Holes","Wraith Form v2"],"picked":"Acrobatics","floor":22},{"not_picked":["Quick Slash","Deadly Poison","Bane"],"picked":"Accuracy+1","floor":23},{"not_picked":["Quick Slash+1","All Out Attack","Backflip+1"],"picked":"Underhanded Strike","floor":24},{"not_picked":["Finisher","Choke","Deflect"],"picked":"Reflex","floor":25},{"not_picked":["Deadly Poison","Dagger Throw","Sucker Punch"],"picked":"Quick Slash","floor":27},{"not_picked":["Masterful Stab","Night Terror","Heel Hook"],"picked":"Bouncing Flask","floor":29}],"player_experience":190492,"relics_obtained":[{"floor":6,"key":"Lantern"},{"floor":9,"key":"Question Card"},{"floor":10,"key":"Tough Bandages"},{"floor":23,"key":"Blood Vial"},{"floor":26,"key":"Nunchaku"},{"floor":29,"key":"Pen Nib"}],"event_choices":[{"cards_removed":["Strike_G"],"damage_healed":0,"gold_gain":0,"player_choice":"Card Removal","damage_taken":7,"max_hp_gain":0,"max_hp_loss":0,"event_name":"Golden Wing","floor":3,"gold_loss":0},{"damage_healed":0,"gold_gain":0,"player_choice":"Upgraded","damage_taken":0,"max_hp_gain":0,"max_hp_loss":0,"event_name":"Upgrade Shrine","floor":8,"gold_loss":0,"cards_upgraded":["Storm of Steel"]},{"damage_healed":0,"gold_gain":0,"player_choice":"2 cards matched","damage_taken":0,"max_hp_gain":0,"max_hp_loss":0,"event_name":"Match and Keep!","floor":14,"gold_loss":0,"cards_obtained":["Neutralize","Doppelganger"]},{"damage_healed":0,"gold_gain":0,"player_choice":"Ignored","damage_taken":0,"max_hp_gain":0,"max_hp_loss":0,"event_name":"NoteForYourself","floor":19,"gold_loss":0},{"damage_healed":0,"gold_gain":0,"player_choice":"Fight","damage_taken":0,"max_hp_gain":0,"max_hp_loss":0,"event_name":"Colosseum","floor":30,"gold_loss":0},{"damage_healed":0,"gold_gain":0,"player_choice":"Fled From Nobs","damage_taken":0,"max_hp_gain":0,"max_hp_loss":0,"event_name":"Colosseum","floor":30,"gold_loss":0},{"damage_healed":0,"gold_gain":0,"player_choice":"Ignored","damage_taken":0,"max_hp_gain":0,"max_hp_loss":0,"event_name":"Ghosts","floor":31,"gold_loss":0}],"is_beta":false,"boss_relics":[{"not_picked":["Runic Dome","Pandora\u0027s Box"],"picked":"HoveringKite"}],"items_purged_floors":[20],"is_endless":false,"potions_floor_spawned":[1,2,4,11,22,25,27],"killed_by":"Automaton","ascension_level":0}