{"gold_per_floor":[20,36,36,50,50,80,80,255,308,308,383,415,427,440,440,542,542,553,553,553,245,170,195,195,214,214,214,214,214,45,72,72,174,174,194,194,211,211,311,311,343,343,343,343,369,94,94,128,128,128,128,128,61,91,91],"floor_reached":56,"playtime":3022,"items_purged":["Doubt","Strike_R+1","Strike_R+1"],"score":1368,"play_id":"adeec8de-5382-4ff1-9c7b-58c428d841c9","local_time":"20190115185032","is_ascension_mode":true,"campfire_choices":[{"floor":7,"key":"REST"},{"data":"Bash","floor":10,"key":"SMITH"},{"floor":15,"key":"REST"},{"floor":24,"key":"REST"},{"floor":27,"key":"REST"},{"floor":32,"key":"REST"},{"data":"1","floor":40,"key":"LIFT"},{"data":"2","floor":42,"key":"LIFT"},{"data":"3","floor":44,"key":"LIFT"},{"floor":47,"key":"RECALL"},{"floor":49,"key":"REST"},{"floor":52,"key":"REST"}],"neow_cost":"NO_GOLD","seed_source_timestamp":591167952459366,"circlet_count":0,"master_deck":["Strike_R+1","Strike_R+1","Defend_R+1","Defend_R+1","Defend_R+1","Bash+1","Thunderclap+1","Cleave","Spot Weakness","Iron Wave","Impervious","Rupture+1","Demon Form+1","Reckless Charge+1","Whirlwind","Brutality+1","Cleave+1","Rupture+1","Twin Strike+1","Feed+1","Sword Boomerang+1","Headbutt","Shrug It Off+1","Anger","Uppercut+1","Pummel","Pummel","Power Through","Inflame+1","Clothesline+1"],"relics":["Burning Blood","Regal Pillow","Frozen Egg 2","Pen Nib","Bronze Scales","Fusion Hammer","Matryoshka","Chemical X","Girya","Kunai","Enchiridion","Boot","Eternal Feather","Prayer Wheel","Paper Frog","Ancient Tea Set","Self Forming Clay","Singing Bowl","Bag of Preparation","Dream Catcher","Gambling Chip"],"potions_floor_usage":[12,16,16,23,31,33,38,50,55,55],"damage_taken":[{"damage":4,"enemies":"Small Slimes","floor":1,"turns":3},{"damage":6,"enemies":"Jaw Worm","floor":2,"turns":4},{"damage":0,"enemies":"2 Louse","floor":4,"turns":2},{"damage":40,"enemies":"3 Sentries","floor":6,"turns":5},{"damage":30,"enemies":"Lagavulin","floor":12,"turns":5},{"damage":21,"enemies":"2 Fungi Beasts","floor":13,"turns":2},{"damage":14,"enemies":"Red Slaver","floor":14,"turns":2},{"damage":59,"enemies":"Hexaghost","floor":16,"turns":8},{"damage":28,"enemies":"Shell Parasite","floor":18,"turns":4},{"damage":53,"enemies":"Book of Stabbing","floor":23,"turns":5},{"damage":9,"enemies":"Chosen","floor":25,"turns":3},{"damage":29,"enemies":"Slavers","floor":31,"turns":3},{"damage":34,"enemies":"Collector","floor":33,"turns":5},{"damage":34,"enemies":"Orb Walker","floor":35,"turns":3},{"damage":1,"enemies":"3 Shapes","floor":37,"turns":2},{"damage":1,"enemies":"Sphere and 2 Shapes","floor":38,"turns":2},{"damage":12,"enemies":"Mind Bloom Boss Battle","floor":39,"turns":4},{"damage":42,"enemies":"Giant Head","floor":41,"turns":6},{"damage":22,"enemies":"Nemesis","floor":45,"turns":6},{"damage":16,"enemies":"Giant Head","floor":48,"turns":4},{"damage":59,"enemies":"Awakened One","floor":50,"turns":7},{"damage":45,"enemies":"Shield and Spear","floor":54,"turns":4},{"damage":46,"enemies":"The Heart","floor":55,"turns":8}],"seed_played":"6524208955679243549","potions_obtained":[{"floor":1,"key":"PowerPotion"},{"floor":6,"key":"SteroidPotion"},{"floor":14,"key":"Fire Potion"},{"floor":18,"key":"BloodPotion"},{"floor":23,"key":"Ancient Potion"},{"floor":25,"key":"Energy Potion"},{"floor":31,"key":"SkillPotion"},{"floor":35,"key":"Dexterity Potion"},{"floor":37,"key":"SmokeBomb"},{"floor":48,"key":"FairyPotion"},{"floor":54,"key":"Weak Potion"}],"is_trial":false,"path_per_floor":["M","M","?","M","?","E","R","?","T","R","?","E","M","M","R","B",null,"M","?","?","$","?","E","R","M","T","R","?","?","$","E","R","B",null,"M","?","M","M","?","R","E","R","T","R","E","$","R","E","R","B",null,"R","$","E","B",null],"character_chosen":"IRONCLAD","items_purchased":["Whirlwind","Chemical X","Rupture+1","Bag of Preparation","Inflame+1"],"campfire_rested":7,"item_purchase_floors":[21,21,30,46,53],"current_hp_per_floor":[80,80,77,80,80,46,80,80,80,80,69,45,30,22,61,8,80,58,58,58,58,58,19,58,55,55,80,80,64,64,41,80,52,80,52,52,61,66,60,72,36,51,51,66,50,50,65,55,84,31,84,84,84,45,13],"gold":91,"neow_bonus":"REMOVE_TWO","is_prod":false,"is_daily":false,"chose_seed":false,"campfire_upgraded":1,"win_rate":0,"timestamp":1547596232,"path_taken":["M","M","?","M","?","E","R","?","T","R","?","E","M","M","R","BOSS","M","?","?","$","?","E","R","?","T","R","?","?","$","E","R","BOSS","M","?","M","?","?","R","E","R","T","R","E","$","R","E","R","BOSS","R","$","E","BOSS"],"build_version":"2019-01-10","purchased_purges":3,"victory":true,"max_hp_per_floor":[80,80,80,80,80,80,80,80,80,80,80,80,80,80,80,80,80,80,80,80,80,80,80,80,80,80,80,80,80,80,80,80,80,80,80,80,84,84,84,84,84,84,84,84,84,84,84,84,84,84,84,84,84,84,84],"card_choices":[{"not_picked":["Sentinel","Pommel Strike"],"picked":"Thunderclap","floor":1},{"not_picked":["Reckless Charge","Sword Boomerang"],"picked":"Cleave","floor":2},{"not_picked":["Headbutt","Feel No Pain"],"picked":"Spot Weakness","floor":4},{"not_picked":["Carnage","Reckless Charge"],"picked":"Perfected Strike","floor":6},{"not_picked":["Sword Boomerang","Pummel"],"picked":"Iron Wave","floor":12},{"not_picked":["Power Through","Thunderclap"],"picked":"Impervious","floor":13},{"not_picked":["Ghostly Armor","Perfected Strike"],"picked":"Rupture+1","floor":14},{"not_picked":["Juggernaut+1","Reaper"],"picked":"Demon Form+1","floor":16},{"not_picked":["Infernal Blade","Armaments"],"picked":"Reckless Charge+1","floor":18},{"not_picked":["Iron Wave","Burning Pact"],"picked":"Brutality+1","floor":23},{"not_picked":["Wild Strike","Carnage"],"picked":"Cleave+1","floor":25},{"not_picked":["Body Slam","Perfected Strike"],"picked":"Twin Strike+1","floor":31},{"not_picked":["Double Tap","Bludgeon"],"picked":"Feed","floor":33},{"not_picked":["Perfected Strike","Body Slam+1"],"picked":"Sword Boomerang+1","floor":35},{"not_picked":["Armaments","Inflame+1"],"picked":"Headbutt","floor":37},{"not_picked":["Rage","True Grit+1"],"picked":"Shrug It Off+1","floor":39},{"not_picked":["Cleave","Sentinel"],"picked":"Anger","floor":41},{"not_picked":["Twin Strike+1","Dual Wield"],"picked":"Uppercut+1","floor":45},{"not_picked":["Shrug It Off+1","Fiend Fire"],"picked":"Pummel","floor":48},{"not_picked":["Iron Wave","Sever Soul+1"],"picked":"Pummel","floor":49},{"not_picked":["Entrench","Hemokinesis"],"picked":"Power Through","floor":52},{"not_picked":["Double Tap","Infernal Blade+1"],"picked":"Clothesline+1","floor":54}],"player_experience":229368,"relics_obtained":[{"floor":6,"key":"Frozen Egg 2"},{"floor":9,"key":"Pen Nib"},{"floor":12,"key":"Bronze Scales"},{"floor":23,"key":"Girya"},{"floor":26,"key":"Kunai"},{"floor":29,"key":"Enchiridion"},{"floor":31,"key":"Boot"},{"floor":39,"key":"Prayer Wheel"},{"floor":41,"key":"Paper Frog"},{"floor":43,"key":"Ancient Tea Set"},{"floor":43,"key":"Self Forming Clay"},{"floor":45,"key":"Singing Bowl"},{"floor":48,"key":"Dream Catcher"},{"floor":54,"key":"Gambling Chip"}],"event_choices":[{"damage_healed":0,"gold_gain":0,"player_choice":"Success","damage_taken":3,"relics_obtained":["Regal Pillow"],"max_hp_gain":0,"max_hp_loss":0,"event_name":"Scrap Ooze","floor":3,"gold_loss":0},{"damage_healed":0,"gold_gain":0,"player_choice":"Grow","damage_taken":0,"max_hp_gain":0,"max_hp_loss":0,"event_name":"Living Wall","floor":5,"gold_loss":0,"cards_upgraded":["Thunderclap"]},{"damage_healed":0,"gold_gain":175,"player_choice":"AGREE","damage_taken":0,"max_hp_gain":0,"max_hp_loss":0,"event_name":"Liars Game","floor":8,"gold_loss":0,"cards_obtained":["Doubt"]},{"damage_healed":0,"gold_gain":75,"player_choice":"Gather Gold","damage_taken":11,"max_hp_gain":0,"max_hp_loss":0,"event_name":"World of Goop","floor":11,"gold_loss":0},{"damage_healed":0,"gold_gain":0,"player_choice":"Ignored","damage_taken":0,"max_hp_gain":0,"max_hp_loss":0,"event_name":"Ghosts","floor":19,"gold_loss":0},{"damage_healed":0,"gold_gain":0,"player_choice":"Opened","damage_taken":0,"relics_obtained":["Matryoshka"],"max_hp_gain":0,"max_hp_loss":0,"event_name":"The Mausoleum","floor":20,"gold_loss":0},{"cards_removed":["Perfected Strike"],"damage_healed":0,"gold_gain":0,"player_choice":"Gave Gold","damage_taken":0,"max_hp_gain":0,"max_hp_loss":0,"event_name":"Beggar","floor":22,"gold_loss":75},{"damage_healed":0,"gold_gain":0,"player_choice":"Simplicity","damage_taken":0,"max_hp_gain":0,"max_hp_loss":0,"event_name":"Back to Basics","floor":28,"gold_loss":0,"cards_upgraded":["Strike_R","Strike_R","Strike_R","Strike_R","Defend_R","Defend_R","Defend_R"]},{"damage_healed":0,"gold_gain":0,"player_choice":"Obtained Book","damage_taken":16,"max_hp_gain":0,"max_hp_loss":0,"event_name":"Cursed Tome","floor":29,"gold_loss":0},{"damage_healed":0,"gold_gain":0,"player_choice":"Upgraded","damage_taken":0,"max_hp_gain":0,"max_hp_loss":0,"event_name":"Upgrade Shrine","floor":36,"gold_loss":0,"cards_upgraded":["Feed"]},{"damage_healed":0,"gold_gain":0,"player_choice":"Fight","damage_taken":0,"max_hp_gain":0,"max_hp_loss":0,"event_name":"MindBloom","floor":39,"gold_loss":0}],"is_beta":false,"boss_relics":[{"not_picked":["Black Star","Coffee Dripper"],"picked":"Fusion Hammer"},{"not_picked":["Astrolabe","White Beast Statue"],"picked":"Eternal Feather"}],"items_purged_floors":[21,30,46],"is_endless":false,"potions_floor_spawned":[1,6,14,18,23,25,31,35,37,38,48,54],"ascension_level":3}