{"gold_per_floor":[117,117,134,209,224,224,237,254,300,300,320,348,194,194],"floor_reached":14,"playtime":494,"items_purged":["Strike_B"],"score":138,"play_id":"d1ac9344-3dca-42ee-a3a4-1c46deffc02b","local_time":"20181021000741","is_ascension_mode":true,"campfire_choices":[{"floor":6,"key":"REST"},{"floor":10,"key":"REST"}],"neow_cost":"PERCENT_DAMAGE","seed_source_timestamp":96257402848387,"circlet_count":0,"master_deck":["Strike_B","Defend_B+1","Defend_B","Defend_B","Defend_B","Zap+1","Dualcast","AscendersBane","Double Energy","Hello World","Ball Lightning","Blizzard","White Noise","Hologram","Capacitor"],"relics":["Cracked Core","Omamori","Mummified Hand"],"potions_floor_usage":[14,14],"damage_taken":[{"damage":3,"enemies":"2 Louse","floor":1,"turns":3},{"damage":5,"enemies":"Small Slimes","floor":3,"turns":3},{"damage":7,"enemies":"Jaw Worm","floor":5,"turns":3},{"damage":7,"enemies":"3 Louse","floor":7,"turns":4},{"damage":2,"enemies":"2 Fungi Beasts","floor":8,"turns":4},{"damage":13,"enemies":"Exordium Thugs","floor":11,"turns":4},{"damage":12,"enemies":"Lagavulin","floor":12,"turns":6},{"damage":22,"enemies":"Lots of Slimes","floor":14,"turns":3}],"seed_played":"-339440679592258301","potions_obtained":[{"floor":1,"key":"Swift Potion"},{"floor":5,"key":"FocusPotion"},{"floor":11,"key":"Strength Potion"}],"is_trial":false,"path_per_floor":["M","?","M","?","M","R","M","M","T","R","M","E","$"],"character_chosen":"DEFECT","items_purchased":["Capacitor"],"campfire_rested":2,"item_purchase_floors":[13],"current_hp_per_floor":[47,32,27,16,9,31,24,22,22,44,31,19,19,0],"gold":194,"neow_bonus":"REMOVE_TWO","is_prod":false,"is_daily":false,"chose_seed":false,"campfire_upgraded":0,"win_rate":0,"timestamp":1540048061,"path_taken":["M","?","M","?","M","R","M","M","T","R","?","E","$","?"],"build_version":"2018-10-19","purchased_purges":1,"victory":false,"max_hp_per_floor":[75,75,75,75,75,75,75,75,75,75,75,75,75,75],"card_choices":[{"not_picked":["Force Field","Stack"],"picked":"Double Energy","floor":1},{"not_picked":["Hologram","Streamline"],"picked":"Hello World","floor":3},{"not_picked":["Stack","Conserve Battery"],"picked":"Ball Lightning","floor":5},{"not_picked":["Compile Driver","Darkness"],"picked":"Blizzard","floor":7},{"not_picked":["Steam","Rebound","Reinforced Body"],"picked":"SKIP","floor":8},{"not_picked":["Streamline","Hologram"],"picked":"White Noise","floor":11},{"not_picked":["All For One","Sweeping Beam"],"picked":"Hologram","floor":12}],"player_experience":523497,"relics_obtained":[{"floor":9,"key":"Omamori"},{"floor":12,"key":"Mummified Hand"}],"event_choices":[{"damage_healed":0,"gold_gain":0,"player_choice":"Entered Light","damage_taken":15,"max_hp_gain":0,"max_hp_loss":0,"event_name":"Shining Light","floor":2,"gold_loss":0,"cards_upgraded":["Zap","Defend_B"]},{"damage_healed":0,"gold_gain":75,"player_choice":"Gather Gold","damage_taken":11,"max_hp_gain":0,"max_hp_loss":0,"event_name":"World of Goop","floor":4,"gold_loss":0}],"is_beta":true,"boss_relics":[],"items_purged_floors":[13],"is_endless":false,"potions_floor_spawned":[1,5,11],"killed_by":"Lots of Slimes","ascension_level":10}