{"gold_per_floor":[117,38,58,58,233,233,261,261,261,296,310,325,325,344,344,464,464,482,482,21,21,42,81,117,178,178,78,78,78,39,39],"floor_reached":31,"playtime":3142,"items_purged":["Doubt","Strike_R"],"score":354,"play_id":"df4f75f3-3dd0-40e5-921f-811ac0dcafb9","local_time":"20181225153623","is_ascension_mode":false,"campfire_choices":[{"data":"Metallicize","floor":6,"key":"SMITH"},{"data":"Second Wind","floor":8,"key":"SMITH"},{"floor":15,"key":"REST"},{"floor":29,"key":"REST"}],"neow_cost":"NONE","seed_source_timestamp":2300615865215749,"circlet_count":0,"master_deck":["Strike_R+1","Strike_R","Strike_R","Strike_R+1","Defend_R","Defend_R","Defend_R","Defend_R","Bash","Metallicize+1","Thunderclap","Second Wind+1","Demon Form","Uppercut","Spot Weakness","Feed","Armaments","Magnetism","Armaments+1","Heavy Blade","Dual Wield","Demon Form","Inflame"],"relics":["Burning Blood","NeowsBlessing","FossilizedHelix","Self Forming Clay","Whetstone","Golden Idol","Sozu","Toolbox","Sundial","Red Mask","Oddly Smooth Stone","WingedGreaves"],"potions_floor_usage":[],"damage_taken":[{"damage":0,"enemies":"Cultist","floor":1,"turns":1},{"damage":0,"enemies":"2 Louse","floor":3,"turns":2},{"damage":0,"enemies":"Gremlin Nob","floor":7,"turns":1},{"damage":43,"enemies":"Lagavulin","floor":10,"turns":11},{"damage":0,"enemies":"Small Slimes","floor":11,"turns":3},{"damage":6,"enemies":"3 Louse","floor":12,"turns":5},{"damage":3,"enemies":"Looter","floor":14,"turns":4},{"damage":0,"enemies":"Slime Boss","floor":16,"turns":8},{"damage":21,"enemies":"Spheric Guardian","floor":18,"turns":6},{"damage":9,"enemies":"Shell Parasite","floor":22,"turns":6},{"damage":18,"enemies":"Book of Stabbing","floor":23,"turns":6},{"damage":43,"enemies":"Masked Bandits","floor":24,"turns":5},{"damage":12,"enemies":"Gremlin Leader","floor":25,"turns":6},{"damage":41,"enemies":"3 Cultists","floor":31,"turns":4}],"seed_played":"3016285244023409682","potions_obtained":[{"floor":7,"key":"Energy Potion"},{"floor":12,"key":"AttackPotion"},{"floor":14,"key":"PowerPotion"}],"is_trial":false,"path_per_floor":["M","$","M","$","?","R","E","R","T","E","M","M","?","M","R","B",null,"M","?","$","?","M","E","?","E","T","$","?","R","$","M"],"character_chosen":"IRONCLAD","items_purchased":["Metallicize","Magnetism","Toolbox","Inflame"],"campfire_rested":2,"item_purchase_floors":[2,20,20,30],"current_hp_per_floor":[80,80,80,80,80,80,80,80,80,43,49,49,49,52,76,80,80,68,68,68,68,65,53,19,13,13,13,13,38,38,0],"gold":39,"neow_bonus":"THREE_ENEMY_KILL","is_prod":false,"is_daily":false,"chose_seed":false,"campfire_upgraded":2,"win_rate":0.0,"timestamp":1545748583,"path_taken":["M","$","?","?","?","R","E","R","T","E","M","M","?","M","R","BOSS","M","?","$","?","?","E","?","E","T","$","?","R","$","M"],"build_version":"2018-12-20","purchased_purges":2,"victory":false,"max_hp_per_floor":[80,80,80,80,80,80,80,80,80,80,80,80,80,80,80,80,80,83,83,83,83,83,83,86,86,86,86,86,86,86,86],"card_choices":[{"not_picked":["Iron Wave","Perfected Strike","Shrug It Off"],"picked":"SKIP","floor":1},{"not_picked":["Heavy Blade","Clash"],"picked":"Thunderclap","floor":3},{"not_picked":["True Grit","Body Slam"],"picked":"Second Wind","floor":7},{"not_picked":["Rampage","Clothesline"],"picked":"Demon Form","floor":10},{"not_picked":["Hemokinesis","Sword Boomerang"],"picked":"Uppercut","floor":11},{"not_picked":["Thunderclap","Shrug It Off","Clothesline"],"picked":"SKIP","floor":12},{"not_picked":["Whirlwind","True Grit"],"picked":"Spot Weakness","floor":14},{"not_picked":["Brutality","Impervious"],"picked":"Feed","floor":16},{"not_picked":["Cleave","Bloodletting","Searing Blow"],"picked":"SKIP","floor":18},{"not_picked":["Pummel","Warcry"],"picked":"Armaments+1","floor":22},{"not_picked":["Shockwave","Armaments"],"picked":"Heavy Blade","floor":23},{"not_picked":["Flex","Hemokinesis"],"picked":"Dual Wield","floor":24},{"not_picked":["Berserk","Dark Embrace"],"picked":"Demon Form","floor":25}],"player_experience":29722,"relics_obtained":[{"floor":7,"key":"FossilizedHelix"},{"floor":9,"key":"Self Forming Clay"},{"floor":10,"key":"Whetstone"},{"floor":23,"key":"Sundial"},{"floor":24,"key":"Red Mask"},{"floor":25,"key":"Oddly Smooth Stone"},{"floor":26,"key":"WingedGreaves"}],"event_choices":[{"damage_healed":0,"gold_gain":175,"player_choice":"AGREE","damage_taken":0,"max_hp_gain":0,"max_hp_loss":0,"event_name":"Liars Game","floor":5,"gold_loss":0,"cards_obtained":["Doubt"]},{"damage_healed":0,"gold_gain":0,"player_choice":"Take Wound","damage_taken":0,"relics_obtained":["Golden Idol"],"max_hp_gain":0,"max_hp_loss":0,"event_name":"Golden Idol","floor":13,"gold_loss":0,"cards_obtained":["Injury"]},{"damage_healed":0,"gold_gain":0,"player_choice":"Read","damage_taken":0,"max_hp_gain":0,"max_hp_loss":0,"event_name":"The Library","floor":19,"gold_loss":0,"cards_obtained":["Armaments"]},{"cards_removed":["Injury"],"damage_healed":0,"gold_gain":0,"player_choice":"Purged","damage_taken":0,"max_hp_gain":0,"max_hp_loss":0,"event_name":"Purifier","floor":21,"gold_loss":0},{"damage_healed":0,"gold_gain":0,"player_choice":"Fought Bandits","damage_taken":0,"max_hp_gain":0,"max_hp_loss":0,"event_name":"Masked Bandits","floor":24,"gold_loss":0},{"damage_healed":0,"gold_gain":0,"player_choice":"Ignored","damage_taken":0,"max_hp_gain":0,"max_hp_loss":0,"event_name":"Ghosts","floor":28,"gold_loss":0}],"is_beta":false,"boss_relics":[{"not_picked":["Fusion Hammer","Lizard Tail"],"picked":"Sozu"}],"items_purged_floors":[20,27],"is_endless":false,"potions_floor_spawned":[7,12,14,16,23,24,25],"killed_by":"3 Cultists","ascension_level":0}