{"gold_per_floor":[10,25,41,41,41,61,61,61,61,11,11,11,35,47,59,71],"floor_reached":16,"playtime":548,"items_purged":[],"score":108,"play_id":"c2657082-f882-415a-bf4d-e7b7c816ccc6","local_time":"20180914140919","is_ascension_mode":true,"campfire_choices":[{"floor":7,"key":"REST"},{"data":"Zap","floor":11,"key":"SMITH"},{"floor":15,"key":"REST"}],"neow_cost":"NO_GOLD","seed_source_timestamp":61820045077789,"circlet_count":0,"master_deck":["Strike_B","Strike_B","Strike_B+1","Defend_B","Defend_B+1","Defend_B","Defend_B","Zap+1","Dualcast","Skim","Gash","Cold Snap","Gash+1","Regret","White Noise"],"relics":["Cracked Core","Nunchaku","Molten Egg 2","Question Card","MawBank","Letter Opener"],"potions_floor_usage":[16],"damage_taken":[{"damage":11,"enemies":"Jaw Worm","floor":1,"turns":4},{"damage":7,"enemies":"Small Slimes","floor":2,"turns":3},{"damage":1,"enemies":"2 Louse","floor":3,"turns":2},{"damage":8,"enemies":"Large Slime","floor":6,"turns":7},{"damage":17,"enemies":"Gremlin Gang","floor":13,"turns":5},{"damage":50,"enemies":"The Guardian","floor":16,"turns":9}],"seed_played":"-5964009321358920575","potions_obtained":[{"floor":2,"key":"Dexterity Potion"},{"floor":3,"key":"Regen Potion"}],"is_trial":false,"path_per_floor":["M","M","M","$","?","M","R","?","T","?","R","?","M","?","R"],"character_chosen":"DEFECT","items_purchased":[],"campfire_rested":2,"item_purchase_floors":[],"current_hp_per_floor":[64,57,56,56,31,23,45,30,30,30,30,30,13,13,35,0],"gold":71,"neow_bonus":"ONE_RARE_RELIC","is_prod":false,"is_daily":false,"chose_seed":false,"campfire_upgraded":1,"win_rate":0,"timestamp":1536901759,"path_taken":["M","M","M","$","?","M","R","?","T","?","R","?","M","?","R","BOSS"],"build_version":"2018-09-12","purchased_purges":0,"victory":false,"max_hp_per_floor":[75,75,75,75,75,75,75,75,75,75,75,75,75,75,75,75],"card_choices":[{"not_picked":["Streamline","Aggregate"],"picked":"Skim","floor":1},{"not_picked":["Blizzard","Leap"],"picked":"Gash","floor":2},{"not_picked":["Tempest","Streamline"],"picked":"Cold Snap","floor":3},{"not_picked":["Fusion","White Noise"],"picked":"Gash+1","floor":6},{"not_picked":["Darkness","Leap","Go for the Eyes+1"],"picked":"White Noise","floor":13}],"player_experience":418545,"relics_obtained":[{"floor":9,"key":"Question Card"}],"event_choices":[{"event_name":"Scrap Ooze","player_choice":"success","floor":5,"damage_taken":25},{"event_name":"Shining Light","player_choice":"Entered Light","floor":8,"damage_taken":0},{"event_name":"The Cleric","player_choice":"Card Removal","floor":10,"damage_taken":0},{"event_name":"Big Fish","player_choice":"Box","floor":12,"damage_taken":0},{"event_name":"Dead Adventurer","player_choice":"Searched \u00271\u0027 times","floor":14,"damage_taken":0}],"is_beta":true,"boss_relics":[],"items_purged_floors":[],"is_endless":false,"potions_floor_spawned":[2,3],"killed_by":"The Guardian","ascension_level":4}