{"gold_per_floor":[112,125,125,136,147,181,194,194],"floor_reached":8,"playtime":243,"items_purged":[],"score":60,"play_id":"2db976cd-bb5a-4198-a10e-555fc9f91e66","local_time":"20190127091758","is_ascension_mode":false,"campfire_choices":[],"neow_cost":"NONE","seed_source_timestamp":61025453600188,"circlet_count":0,"master_deck":["Strike_R","Strike_R","Strike_R","Strike_R","Strike_R","Defend_R","Defend_R","Defend_R","Defend_R","Bash","Shrug It Off","Shrug It Off","Rampage","Spot Weakness"],"relics":["Eternal Feather","Frozen Egg 2"],"potions_floor_usage":[6],"damage_taken":[{"damage":7,"enemies":"Small Slimes","floor":1,"turns":3},{"damage":4,"enemies":"Cultist","floor":2,"turns":4},{"damage":1,"enemies":"Jaw Worm","floor":4,"turns":3},{"damage":12,"enemies":"Looter","floor":5,"turns":3},{"damage":43,"enemies":"Gremlin Nob","floor":6,"turns":6},{"damage":5,"enemies":"Exordium Wildlife","floor":7,"turns":4},{"damage":9,"enemies":"Gremlin Gang","floor":8,"turns":2}],"seed_played":"-2696487878128960360","potions_obtained":[{"floor":3,"key":"SneckoOil"},{"floor":3,"key":"Weak Potion"},{"floor":3,"key":"LiquidBronze"},{"floor":5,"key":"Weak Potion"},{"floor":6,"key":"Strength Potion"}],"is_trial":false,"path_per_floor":["M","M","?","M","M","E","M","M"],"character_chosen":"IRONCLAD","items_purchased":[],"campfire_rested":0,"item_purchase_floors":[],"current_hp_per_floor":[73,69,69,68,56,13,8,0],"gold":194,"neow_bonus":"BOSS_RELIC","is_prod":false,"is_daily":false,"chose_seed":false,"campfire_upgraded":0,"win_rate":0,"timestamp":1548598678,"path_taken":["M","M","?","?","M","E","M","M"],"build_version":"2019-01-23","purchased_purges":0,"victory":false,"max_hp_per_floor":[80,80,80,80,80,80,80,80],"card_choices":[{"not_picked":["Sword Boomerang","Warcry"],"picked":"Shrug It Off","floor":1},{"not_picked":["Combust","Sentinel","Clash"],"picked":"SKIP","floor":2},{"not_picked":["Metallicize","Iron Wave"],"picked":"Shrug It Off","floor":4},{"not_picked":["Seeing Red","Thunderclap"],"picked":"Rampage","floor":5},{"not_picked":["Immolate","Armaments"],"picked":"Spot Weakness","floor":6},{"not_picked":["Thunderclap","Body Slam","Second Wind"],"picked":"SKIP","floor":7}],"player_experience":125837,"relics_obtained":[{"floor":6,"key":"Frozen Egg 2"}],"event_choices":[{"damage_healed":0,"gold_gain":0,"player_choice":"Got Potions","damage_taken":0,"max_hp_gain":0,"max_hp_loss":0,"event_name":"Lab","floor":3,"gold_loss":0}],"is_beta":false,"boss_relics":[],"items_purged_floors":[],"is_endless":false,"potions_floor_spawned":[5,6],"killed_by":"Gremlin Gang","ascension_level":0}