{"gold_per_floor":[109,109,134,53,53,53,81,81,81,106,18,18,31,31,31,105,105,105,85,85,48,48,48,48,48,48,48,48,48,48,48,48,48],"floor_reached":33,"playtime":1455,"items_purged":[],"score":506,"play_id":"2341241f-5663-4b6d-b40e-8c2e8f99f2c6","local_time":"20181216201733","is_ascension_mode":true,"campfire_choices":[{"data":"Neutralize","floor":6.0,"key":"SMITH"},{"data":"Dagger Spray","floor":8.0,"key":"SMITH"},{"floor":12.0,"key":"DIG"},{"floor":15.0,"key":"REST"},{"floor":23,"key":"DIG"},{"floor":27,"key":"REST"},{"floor":32,"key":"REST"}],"neow_cost":"NONE","seed_source_timestamp":40234117509000,"circlet_count":0,"master_deck":["AscendersBane","Defend_G+1","Defend_G","Defend_G","Defend_G","Strike_G","Strike_G","Strike_G+1","Strike_G+1","Strike_G","Survivor","Neutralize+1","Dagger Spray+1","Quick Slash","Dash","Cloak And Dagger+1","Well Laid Plans","Dagger Spray","Malaise","Acrobatics","Terror","Blur","Writhe","Dodge and Roll","Backflip","Backflip","Burst","Noxious Fumes"],"special_seed":0,"relics":["Sozu","Whetstone","Bottled Flame","Shovel","Ice Cream","War Paint","Ectoplasm","PreservedInsect","The Courier"],"potions_floor_usage":[],"damage_taken":[{"damage":1.0,"enemies":"Cultist","floor":1.0,"turns":5.0},{"damage":4.0,"enemies":"3 Sentries","floor":7.0,"turns":8.0},{"damage":21.0,"enemies":"Gremlin Nob","floor":10.0,"turns":4.0},{"damage":0.0,"enemies":"2 Louse","floor":13.0,"turns":2.0},{"damage":37.0,"enemies":"Slime Boss","floor":16.0,"turns":11.0},{"damage":17.0,"enemies":"Spheric Guardian","floor":18.0,"turns":5.0},{"damage":0,"enemies":"Chosen","floor":20,"turns":6},{"damage":0,"enemies":"Centurion and Healer","floor":22,"turns":6},{"damage":19,"enemies":"Shelled Parasite and Fungi","floor":25,"turns":7},{"damage":0,"enemies":"Snecko","floor":29,"turns":8},{"damage":8,"enemies":"Centurion and Healer","floor":30,"turns":6},{"damage":5,"enemies":"Snake Plant","floor":31,"turns":6},{"damage":43,"enemies":"Collector","floor":33,"turns":7}],"seed_played":"9150732490456201170","potions_obtained":[],"is_trial":false,"path_per_floor":["M","$","T","$","?","R","E","R","T","E","$","R","M","$","R","B",null,"M","?","M","$","M","R","?","M","T","R","$","M","M","M","R","B"],"character_chosen":"THE_SILENT","items_purchased":["Dagger Spray","Quick Slash","Well Laid Plans","Blur"],"campfire_rested":3,"item_purchase_floors":[4,4,11,21],"current_hp_per_floor":[58,58,58,58,51,51,47,47,47,26,26,26,26,26,45,8,52,35,35,35,35,35,35,35,16,16,35,35,35,27,22,41,0],"gold":48,"neow_bonus":"BOSS_RELIC","is_prod":false,"is_daily":false,"chose_seed":false,"campfire_upgraded":2,"win_rate":0,"timestamp":1545009453,"path_taken":["M","?","?","$","?","R","E","R","T","E","?","R","M","$","R","BOSS","M","?","?","?","?","R","?","M","T","R","$","M","M","M","R","BOSS"],"build_version":"2018-11-15","purchased_purges":0,"victory":false,"max_hp_per_floor":[66,66,66,66,66,66,66,66,66,66,66,66,66,66,66,66,66,66,66,66,66,66,66,66,66,66,66,66,66,66,66,66,66],"card_choices":[{"not_picked":["Blade Dance","Distraction","Setup"],"picked":"SKIP","floor":1.0},{"not_picked":["Blur","Leg Sweep"],"picked":"Dash","floor":7.0},{"not_picked":["Caltrops","PiercingWail"],"picked":"Cloak And Dagger","floor":10.0},{"not_picked":["Slice","Deflect"],"picked":"Dagger Spray","floor":13.0},{"not_picked":["Unload","Wraith Form v2"],"picked":"Malaise","floor":16.0},{"not_picked":["PiercingWail","Distraction"],"picked":"Acrobatics","floor":18.0},{"not_picked":["Underhanded Strike","Catalyst"],"picked":"Terror","floor":20},{"not_picked":["Dodge and Roll","Well Laid Plans","Outmaneuver"],"picked":"SKIP","floor":22},{"not_picked":["Masterful Stab","Deadly Poison"],"picked":"Backflip","floor":25},{"not_picked":["Bane","Deadly Poison"],"picked":"Backflip","floor":29},{"not_picked":["Reflex","Deadly Poison"],"picked":"Burst","floor":30},{"not_picked":["Underhanded Strike","Prepared"],"picked":"Noxious Fumes","floor":31}],"player_experience":1837473,"relics_obtained":[{"floor":3.0,"key":"Whetstone"},{"floor":7.0,"key":"Bottled Flame"},{"floor":9.0,"key":"Shovel"},{"floor":10.0,"key":"Ice Cream"},{"floor":12.0,"key":"War Paint"},{"floor":23,"key":"PreservedInsect"},{"floor":26,"key":"The Courier"}],"event_choices":[{"cards_removed":["Defend_G"],"damage_healed":0.0,"max_hp_gain":0.0,"max_hp_loss":0.0,"gold_gain":0.0,"event_name":"Golden Wing","player_choice":"Card Removal","floor":5.0,"gold_loss":0.0,"damage_taken":7.0},{"damage_healed":0,"gold_gain":0,"player_choice":"Bought 1 Potion","damage_taken":0,"max_hp_gain":0,"max_hp_loss":0,"event_name":"The Woman in Blue","floor":19,"gold_loss":0},{"damage_healed":0,"gold_gain":0,"player_choice":"2 cards matched","damage_taken":0,"max_hp_gain":0,"max_hp_loss":0,"event_name":"Match and Keep!","floor":24,"gold_loss":0,"cards_obtained":["Writhe","Dodge and Roll"]}],"is_beta":true,"boss_relics":[{"not_picked":["Eternal Feather","Velvet Choker"],"picked":"Ectoplasm"}],"items_purged_floors":[],"is_endless":false,"potions_floor_spawned":[13,20,25],"killed_by":"Collector","ascension_level":20}