{"gold_per_floor":[117,192,207,232,407,407,332,357,357,374,374,374,139,155,155,155],"floor_reached":16,"playtime":417,"items_purged":["Doubt","Strike_B"],"score":197,"play_id":"dca0036b-48ff-4c34-8371-4de647c01685","local_time":"20181114191243","is_ascension_mode":true,"campfire_choices":[{"data":"Zap","floor":6,"key":"SMITH"},{"data":"Redo","floor":11,"key":"SMITH"},{"data":"Conserve Battery","floor":15,"key":"SMITH"}],"neow_cost":"NONE","seed_source_timestamp":166068259439412,"circlet_count":0,"master_deck":["AscendersBane","Strike_B","Strike_B","Strike_B","Defend_B","Defend_B","Defend_B","Defend_B+1","Zap+1","Dualcast","Blizzard","Beam Cell","Stack+1","Redo+1","Machine Learning","Conserve Battery+1"],"relics":["Cracked Core","NeowsBlessing","Happy Flower","Pantograph","Question Card"],"potions_floor_usage":[16],"damage_taken":[{"damage":0,"enemies":"2 Louse","floor":1,"turns":1},{"damage":0,"enemies":"Jaw Worm","floor":3,"turns":1},{"damage":0,"enemies":"Gremlin Nob","floor":8,"turns":1},{"damage":0,"enemies":"Small Slimes","floor":10,"turns":2},{"damage":7,"enemies":"3 Louse","floor":14,"turns":4},{"damage":79,"enemies":"Hexaghost","floor":16,"turns":14}],"seed_played":"462638801855331898","potions_obtained":[{"floor":1,"key":"FearPotion"},{"floor":10,"key":"Regen Potion"}],"is_trial":false,"path_per_floor":["M","?","M","T","?","R","$","E","T","M","R","?","$","M","R","B"],"character_chosen":"DEFECT","items_purchased":["Machine Learning"],"campfire_rested":0,"item_purchase_floors":[13],"current_hp_per_floor":[68,57,57,57,57,57,57,57,57,57,57,42,42,35,35,0],"gold":155,"neow_bonus":"THREE_ENEMY_KILL","is_prod":false,"is_daily":false,"chose_seed":false,"campfire_upgraded":3,"win_rate":0,"timestamp":1542190363,"path_taken":["M","?","M","?","?","R","$","E","T","M","R","?","?","?","R","BOSS"],"build_version":"2018-11-08","purchased_purges":2,"victory":false,"max_hp_per_floor":[75,75,75,75,75,75,75,75,75,75,75,75,75,75,75,75],"card_choices":[{"not_picked":["Undo","Steam"],"picked":"Blizzard","floor":1},{"not_picked":["Compile Driver","Doom and Gloom"],"picked":"Beam Cell","floor":3},{"not_picked":["Rip and Tear","Sweeping Beam"],"picked":"Stack","floor":8},{"not_picked":["Streamline","Rebound","Hologram"],"picked":"Redo","floor":10},{"not_picked":["Hologram","Rebound","Redo"],"picked":"Conserve Battery","floor":14}],"player_experience":559569,"relics_obtained":[{"floor":4,"key":"Happy Flower"},{"floor":8,"key":"Pantograph"},{"floor":9,"key":"Question Card"}],"event_choices":[{"damage_healed":0,"gold_gain":75,"player_choice":"Gather Gold","damage_taken":11,"max_hp_gain":0,"max_hp_loss":0,"event_name":"World of Goop","floor":2,"gold_loss":0},{"damage_healed":0,"gold_gain":175,"player_choice":"AGREE","damage_taken":0,"max_hp_gain":0,"max_hp_loss":0,"event_name":"Liars Game","floor":5,"gold_loss":0,"cards_obtained":["Doubt"]},{"damage_healed":0,"gold_gain":0,"player_choice":"Entered Light","damage_taken":15,"max_hp_gain":0,"max_hp_loss":0,"event_name":"Shining Light","floor":12,"gold_loss":0,"cards_upgraded":["Stack","Defend_B"]}],"is_beta":false,"boss_relics":[],"items_purged_floors":[7,13],"is_endless":false,"potions_floor_spawned":[1,10],"killed_by":"Hexaghost","ascension_level":12}