{"gold_per_floor":[110,129,145,145,145,145,161,194,194,225,375,375,389,76,76,148,148,165,165,165,184,195,195,195,195],"floor_reached":25,"playtime":672,"items_purged":["Strike_B"],"score":380,"play_id":"c821db51-0e7b-4e5b-9439-2f947966d322","local_time":"20181230000535","is_ascension_mode":true,"campfire_choices":[{"data":"Sweeping Beam","floor":6,"key":"SMITH"},{"floor":12,"key":"REST"},{"floor":15,"key":"REST"},{"floor":23,"key":"REST"}],"neow_cost":"NONE","seed_source_timestamp":195470110223454,"circlet_count":0,"master_deck":["AscendersBane","Strike_B+1","Strike_B+1","Defend_B+1","Defend_B+1","Defend_B+1","Defend_B+1","Zap+1","Dualcast","Gash","Sweeping Beam+1","Go for the Eyes","Rebound","Cold Snap","Steam","Doubt","Gash","Melter","Machine Learning","Leap+1","Necronomicurse","Streamline","Gash","Decay"],"relics":["Cracked Core","NeowsBlessing","Ancient Tea Set","Bottled Lightning","Shuriken","Anchor","Cursed Key","Necronomicon"],"potions_floor_usage":[10,10,25],"damage_taken":[{"damage":0,"enemies":"Jaw Worm","floor":1,"turns":1},{"damage":0,"enemies":"Cultist","floor":2,"turns":1},{"damage":0,"enemies":"Small Slimes","floor":3,"turns":1},{"damage":1,"enemies":"2 Fungi Beasts","floor":7,"turns":2},{"damage":20,"enemies":"3 Sentries","floor":8,"turns":5},{"damage":10,"enemies":"Lagavulin","floor":10,"turns":5},{"damage":6,"enemies":"Exordium Wildlife","floor":13,"turns":2},{"damage":43,"enemies":"The Guardian","floor":16,"turns":12},{"damage":0,"enemies":"Chosen","floor":18,"turns":4},{"damage":2,"enemies":"3 Byrds","floor":21,"turns":4},{"damage":26,"enemies":"Snake Plant","floor":22,"turns":5},{"damage":32,"enemies":"Book of Stabbing","floor":25,"turns":5}],"seed_played":"-7754939295039911199","potions_obtained":[{"floor":7,"key":"Block Potion"},{"floor":8,"key":"Energy Potion"},{"floor":18,"key":"FearPotion"},{"floor":22,"key":"EssenceOfSteel"}],"is_trial":false,"path_per_floor":["M","M","M","?","?","R","M","E","T","E","?","R","M","$","R","B",null,"M","?","?","M","M","R","?","E"],"character_chosen":"DEFECT","items_purchased":["Melter","Anchor"],"campfire_rested":3,"item_purchase_floors":[14,14],"current_hp_per_floor":[64,64,64,43,43,43,42,22,22,12,12,33,27,27,48,5,55,55,55,34,32,6,27,27,0],"gold":195,"neow_bonus":"THREE_ENEMY_KILL","is_prod":false,"is_daily":false,"chose_seed":false,"campfire_upgraded":1,"win_rate":0,"timestamp":1546146335,"path_taken":["M","M","M","?","?","R","?","E","T","E","?","R","M","$","R","BOSS","M","?","?","M","M","R","?","E"],"build_version":"2018-12-20","purchased_purges":1,"victory":false,"max_hp_per_floor":[71,71,71,71,71,71,71,71,71,71,71,71,71,71,71,71,71,71,71,71,71,71,71,71,71],"card_choices":[{"not_picked":["Sweeping Beam","Ball Lightning"],"picked":"Gash","floor":1},{"not_picked":["Aggregate","Steam"],"picked":"Sweeping Beam","floor":2},{"not_picked":["Sunder","Conserve Battery"],"picked":"Go for the Eyes","floor":3},{"not_picked":["Leap","Sunder"],"picked":"Rebound","floor":7},{"not_picked":["Leap","Electrodynamics"],"picked":"Cold Snap","floor":8},{"not_picked":["Chaos","Coolheaded"],"picked":"Steam","floor":10},{"not_picked":["Hologram","Leap"],"picked":"Gash","floor":13},{"not_picked":["Thunder Strike","Echo Form"],"picked":"Machine Learning","floor":16},{"not_picked":["Conserve Battery","Glacier"],"picked":"Leap+1","floor":18},{"not_picked":["Darkness","Reprogram+1"],"picked":"Streamline","floor":21},{"not_picked":["Tempest","Steam"],"picked":"Gash","floor":22}],"player_experience":441774,"relics_obtained":[{"floor":8,"key":"Ancient Tea Set"},{"floor":9,"key":"Bottled Lightning"},{"floor":10,"key":"Shuriken"},{"floor":20,"key":"Necronomicon"}],"event_choices":[{"damage_healed":0,"gold_gain":0,"player_choice":"Entered Light","damage_taken":21,"max_hp_gain":0,"max_hp_loss":0,"event_name":"Shining Light","floor":4,"gold_loss":0,"cards_upgraded":["Zap","Strike_B"]},{"cards_removed":["Strike_B"],"damage_healed":0,"gold_gain":0,"player_choice":"Offered Basic","damage_taken":0,"max_hp_gain":0,"max_hp_loss":0,"event_name":"Bonfire Elementals","floor":5,"gold_loss":0},{"damage_healed":0,"gold_gain":150,"player_choice":"AGREE","damage_taken":0,"max_hp_gain":0,"max_hp_loss":0,"event_name":"Liars Game","floor":11,"gold_loss":0,"cards_obtained":["Doubt"]},{"damage_healed":0,"gold_gain":0,"player_choice":"Simplicity","damage_taken":0,"max_hp_gain":0,"max_hp_loss":0,"event_name":"Back to Basics","floor":19,"gold_loss":0,"cards_upgraded":["Strike_B","Defend_B","Defend_B","Defend_B","Defend_B"]},{"damage_healed":0,"gold_gain":0,"player_choice":"Obtained Book","damage_taken":21,"max_hp_gain":0,"max_hp_loss":0,"event_name":"Cursed Tome","floor":20,"gold_loss":0},{"damage_healed":0,"gold_gain":0,"player_choice":"Smashed Altar","damage_taken":0,"max_hp_gain":0,"max_hp_loss":0,"event_name":"Forgotten Altar","floor":24,"gold_loss":0,"cards_obtained":["Decay"]}],"is_beta":false,"boss_relics":[{"not_picked":["Busted Crown","Calling Bell"],"picked":"Cursed Key"}],"items_purged_floors":[14],"is_endless":false,"potions_floor_spawned":[7,8,18,22],"killed_by":"Book of Stabbing","ascension_level":16}