{"gold_per_floor":[117,129,204,60,60,60,87,87,140,315,315,326,337,75,75,176,176,194,194,115,115,133,133,153,169,194,194,206,238,238,253,253,253],"floor_reached":33,"playtime":1616,"items_purged":["Strike_B","Doubt"],"score":270,"play_id":"cb2b2ee3-cc55-4e85-a9f7-d836ebc97402","local_time":"20181102225159","is_ascension_mode":false,"campfire_choices":[{"data":"Zap","floor":6,"key":"SMITH"},{"data":"Dualcast","floor":8,"key":"SMITH"},{"data":"Self Repair","floor":11,"key":"SMITH"},{"data":"Seek","floor":15,"key":"SMITH"},{"data":"Multi-Cast","floor":23,"key":"SMITH"},{"data":"Fission","floor":30,"key":"SMITH"},{"data":"Glacier","floor":32,"key":"SMITH"}],"neow_cost":"NONE","seed_source_timestamp":190529758729087,"circlet_count":0,"master_deck":["Strike_B","Strike_B","Strike_B","Defend_B","Defend_B+1","Defend_B","Defend_B+1","Zap+1","Dualcast+1","Tempest","Rainbow","Self Repair+1","BootSequence","Auto Shields","Seek+1","Multi-Cast+1","Ball Lightning+1","Glacier+1","Undo+1","Conserve Battery","Fission+1","Beam Cell","Ball Lightning"],"relics":["Cracked Core","NeowsBlessing","Bronze Scales","Dream Catcher","Nuclear Battery","Oddly Smooth Stone","Red Mask"],"potions_floor_usage":[],"damage_taken":[{"damage":0,"enemies":"Small Slimes","floor":1,"turns":1},{"damage":0,"enemies":"Jaw Worm","floor":2,"turns":1},{"damage":0,"enemies":"Lagavulin","floor":7,"turns":1},{"damage":0,"enemies":"Cultist","floor":12,"turns":2},{"damage":0,"enemies":"3 Louse","floor":13,"turns":3},{"damage":35,"enemies":"Hexaghost","floor":16,"turns":9},{"damage":4,"enemies":"3 Byrds","floor":18,"turns":3},{"damage":3,"enemies":"2 Thieves","floor":22,"turns":4},{"damage":22,"enemies":"Centurion and Healer","floor":24,"turns":17},{"damage":0,"enemies":"Shelled Parasite and Fungi","floor":25,"turns":5},{"damage":0,"enemies":"Snecko","floor":28,"turns":4},{"damage":12,"enemies":"Masked Bandits","floor":29,"turns":6},{"damage":0,"enemies":"Cultist and Chosen","floor":31,"turns":5},{"damage":86,"enemies":"Collector","floor":33,"turns":12}],"seed_played":"3282751140603967407","potions_obtained":[{"floor":1,"key":"EssenceOfSteel"},{"floor":2,"key":"EssenceOfSteel"},{"floor":7,"key":"GamblersBrew"},{"floor":16,"key":"SkillPotion"},{"floor":22,"key":"Fire Potion"}],"is_trial":false,"path_per_floor":["M","M","?","$","?","R","E","R","T","?","R","M","M","$","R","B",null,"M","?","$","?","M","R","M","M","T","?","M","?","R","M","R","B"],"character_chosen":"DEFECT","items_purchased":["Self Repair","Seek","Glacier"],"campfire_rested":0,"item_purchase_floors":[4,14,20],"current_hp_per_floor":[75,75,64,64,49,49,49,49,49,49,49,59,59,59,59,34,75,75,75,75,61,68,68,56,66,66,66,76,74,74,80,80,0],"gold":253,"neow_bonus":"THREE_ENEMY_KILL","is_prod":false,"is_daily":false,"chose_seed":false,"campfire_upgraded":7,"win_rate":0,"timestamp":1541166719,"path_taken":["M","M","?","$","?","R","E","R","T","?","R","M","?","?","R","BOSS","M","?","$","?","M","R","M","M","T","?","?","?","R","M","R","BOSS"],"build_version":"2018-11-01","purchased_purges":2,"victory":false,"max_hp_per_floor":[75,75,75,75,75,75,75,75,75,75,75,75,75,75,75,75,75,75,75,75,80,80,80,80,80,80,80,80,80,80,80,80,80],"card_choices":[{"not_picked":["Steam","Reinforced Body"],"picked":"Tempest","floor":1},{"not_picked":["Leap","Turbo"],"picked":"Rainbow","floor":2},{"not_picked":["Gash","Steam"],"picked":"BootSequence","floor":7},{"not_picked":["Heatsinks","Turbo"],"picked":"Auto Shields","floor":12},{"not_picked":["Compile Driver","Cold Snap","Steam"],"picked":"SKIP","floor":13},{"not_picked":["Seek","Meteor Strike"],"picked":"Multi-Cast","floor":16},{"not_picked":["Stack+1","Leap+1"],"picked":"Ball Lightning+1","floor":18},{"not_picked":["Stack","Undo","Sweeping Beam"],"picked":"SKIP","floor":22},{"not_picked":["Redo","Heatsinks+1"],"picked":"Undo+1","floor":24},{"not_picked":["Leap","Stack"],"picked":"Conserve Battery","floor":25},{"not_picked":["Rebound","Beam Cell"],"picked":"Fission","floor":28},{"not_picked":["Storm","Undo"],"picked":"Beam Cell","floor":29},{"not_picked":["Melter+1","Fusion+1"],"picked":"Ball Lightning","floor":31}],"player_experience":550407,"relics_obtained":[{"floor":7,"key":"Bronze Scales"},{"floor":9,"key":"Dream Catcher"},{"floor":26,"key":"Oddly Smooth Stone"},{"floor":29,"key":"Red Mask"}],"event_choices":[{"damage_healed":0,"gold_gain":75,"player_choice":"Gather Gold","damage_taken":11,"max_hp_gain":0,"max_hp_loss":0,"event_name":"World of Goop","floor":3,"gold_loss":0},{"damage_healed":0,"gold_gain":0,"player_choice":"Entered Light","damage_taken":15,"max_hp_gain":0,"max_hp_loss":0,"event_name":"Shining Light","floor":5,"gold_loss":0,"cards_upgraded":["Defend_B","Defend_B"]},{"damage_healed":0,"gold_gain":175,"player_choice":"AGREE","damage_taken":0,"max_hp_gain":0,"max_hp_loss":0,"event_name":"Liars Game","floor":10,"gold_loss":0,"cards_obtained":["Doubt"]},{"damage_healed":0,"gold_gain":0,"player_choice":"Ignored","damage_taken":0,"max_hp_gain":0,"max_hp_loss":0,"event_name":"Ghosts","floor":19,"gold_loss":0},{"damage_healed":0,"gold_gain":0,"player_choice":"Shed Blood","damage_taken":19,"max_hp_gain":5,"max_hp_loss":0,"event_name":"Forgotten Altar","floor":21,"gold_loss":0},{"damage_healed":0,"gold_gain":0,"player_choice":"Bought 0 Potions","damage_taken":0,"max_hp_gain":0,"max_hp_loss":0,"event_name":"The Woman in Blue","floor":27,"gold_loss":0},{"damage_healed":0,"gold_gain":0,"player_choice":"Fought Bandits","damage_taken":0,"max_hp_gain":0,"max_hp_loss":0,"event_name":"Masked Bandits","floor":29,"gold_loss":0}],"is_beta":false,"boss_relics":[{"not_picked":["Tiny House","Busted Crown"],"picked":"Nuclear Battery"}],"items_purged_floors":[4,14],"is_endless":false,"potions_floor_spawned":[1,2,7,16,22,25,28],"killed_by":"Collector","ascension_level":0}