{"gold_per_floor":[109,66,166,180,180,180,206,226,273,273,290,290,240,240,240,312,312,330,347,253,272,272,272,133,133,133,146,162,182,182,199,199,276,276,290,305,255,268,282,282,301,313,313,263,263,276,276,143,143,143],"floor_reached":50,"playtime":1988,"items_purged":["Strike_B","Strike_B","Strike_B","Defend_B","Defend_B","Defend_B"],"score":896,"play_id":"dc1701a2-476b-4666-89ec-028e7391fa88","local_time":"20190102232237","is_ascension_mode":true,"campfire_choices":[{"data":"Defragment","floor":6,"key":"SMITH"},{"data":"Zap","floor":10,"key":"SMITH"},{"data":"Hologram","floor":15,"key":"SMITH"},{"data":"Dualcast","floor":23,"key":"SMITH"},{"floor":25,"key":"REST"},{"floor":30,"key":"REST"},{"data":"Conserve Battery","floor":32,"key":"SMITH"},{"data":"Biased Cognition","floor":40,"key":"SMITH"},{"floor":47,"key":"REST"},{"floor":49,"key":"REST"}],"neow_cost":"NONE","seed_source_timestamp":1403811491376487,"circlet_count":0,"master_deck":["AscendersBane","Strike_B","Defend_B","Zap+1","Dualcast+1","Cold Snap","Defragment+1","Hologram+1","Conserve Battery","Electrodynamics","Coolheaded","Defragment+1","Conserve Battery+1","Self Repair","Coolheaded","Cold Snap","Cold Snap","Biased Cognition+1","Coolheaded","Blizzard","FTL+1","Defragment+1","Echo Form","Ball Lightning","Defragment"],"relics":["Cracked Core","NeowsBlessing","PreservedInsect","Smiling Mask","Velvet Choker","Ancient Tea Set","Philosopher\u0027s Stone","Thread and Needle"],"potions_floor_usage":[33,39,50],"damage_taken":[{"damage":0,"enemies":"2 Louse","floor":1,"turns":1},{"damage":0,"enemies":"Cultist","floor":4,"turns":1},{"damage":0,"enemies":"Gremlin Nob","floor":7,"turns":1},{"damage":6,"enemies":"Small Slimes","floor":8,"turns":3},{"damage":14,"enemies":"3 Louse","floor":11,"turns":4},{"damage":14,"enemies":"The Guardian","floor":16,"turns":13},{"damage":14,"enemies":"Shell Parasite","floor":18,"turns":8},{"damage":23,"enemies":"Chosen","floor":19,"turns":6},{"damage":0,"enemies":"3 Cultists","floor":21,"turns":4},{"damage":20,"enemies":"Shelled Parasite and Fungi","floor":27,"turns":5},{"damage":11,"enemies":"Centurion and Healer","floor":28,"turns":5},{"damage":0,"enemies":"Snecko","floor":29,"turns":7},{"damage":7,"enemies":"Snake Plant","floor":31,"turns":6},{"damage":21,"enemies":"Collector","floor":33,"turns":17},{"damage":8,"enemies":"3 Darklings","floor":35,"turns":4},{"damage":8,"enemies":"3 Shapes","floor":36,"turns":5},{"damage":0,"enemies":"Sphere and 2 Shapes","floor":38,"turns":6},{"damage":7,"enemies":"Transient","floor":39,"turns":6},{"damage":37,"enemies":"Jaw Worm Horde","floor":41,"turns":4},{"damage":26,"enemies":"3 Darklings","floor":42,"turns":4},{"damage":9,"enemies":"Writhing Mass","floor":46,"turns":6},{"damage":69,"enemies":"Awakened One","floor":50,"turns":12}],"seed_played":"3755641977188217544","potions_obtained":[{"floor":4,"key":"Weak Potion"},{"floor":8,"key":"LiquidBronze"},{"floor":33,"key":"Dexterity Potion"},{"floor":39,"key":"Fire Potion"}],"is_trial":false,"path_per_floor":["M","$","?","M","?","R","E","M","T","R","M","?","$","?","R","B",null,"M","M","$","M","?","R","$","R","T","M","M","M","R","M","R","B",null,"M","M","$","M","M","R","M","M","T","$","?","M","R","$","R","B"],"character_chosen":"DEFECT","items_purchased":["Defragment","Defragment","Self Repair","Defragment"],"campfire_rested":4,"item_purchase_floors":[2,20,24,48],"current_hp_per_floor":[64,64,64,64,64,64,64,58,58,58,44,67,67,67,67,53,67,53,30,30,30,30,30,30,51,51,38,34,41,62,62,62,48,65,64,63,63,70,63,63,33,14,14,14,14,12,33,33,54,0],"gold":143,"neow_bonus":"THREE_ENEMY_KILL","is_prod":false,"is_daily":false,"chose_seed":false,"campfire_upgraded":6,"win_rate":0,"timestamp":1546438957,"path_taken":["M","$","?","?","?","R","E","M","T","R","M","?","$","?","R","BOSS","M","M","$","M","?","R","$","R","T","M","M","?","R","M","R","BOSS","M","M","$","?","?","R","M","M","T","$","?","?","R","?","R","BOSS"],"build_version":"2018-12-20","purchased_purges":6,"victory":false,"max_hp_per_floor":[71,71,71,71,71,71,71,71,71,71,71,71,71,71,71,71,71,71,71,71,71,71,71,71,71,71,71,71,71,71,71,71,71,71,71,71,71,71,71,71,71,71,71,71,71,71,71,71,71,71],"card_choices":[{"not_picked":["Barrage","Compile Driver"],"picked":"Cold Snap","floor":1},{"not_picked":["Doom and Gloom","Gash"],"picked":"Hologram","floor":4},{"not_picked":["Chaos","Compile Driver"],"picked":"Conserve Battery","floor":7},{"not_picked":["Turbo","Barrage","Steam"],"picked":"SKIP","floor":8},{"not_picked":["Sweeping Beam","Barrage","Hologram"],"picked":"SKIP","floor":11},{"not_picked":["Rainbow","Amplify"],"picked":"Electrodynamics","floor":16},{"not_picked":["Skim","Compile Driver+1","Stack"],"picked":"SKIP","floor":18},{"not_picked":["Compile Driver","Streamline"],"picked":"Coolheaded","floor":19},{"not_picked":["Compile Driver","BootSequence"],"picked":"Conserve Battery","floor":21},{"not_picked":["Undo","Redo+1","Leap"],"picked":"SKIP","floor":27},{"not_picked":["Gash","Beam Cell+1"],"picked":"Coolheaded","floor":28},{"not_picked":["Redo","Aggregate+1"],"picked":"Cold Snap","floor":29},{"not_picked":["Doom and Gloom","Static Discharge"],"picked":"Cold Snap","floor":31},{"not_picked":["Meteor Strike","Amplify"],"picked":"Biased Cognition","floor":33},{"not_picked":["Consume+1","Leap"],"picked":"Coolheaded","floor":35},{"not_picked":["Auto Shields","Turbo"],"picked":"Blizzard","floor":36},{"not_picked":["Compile Driver","Gash+1"],"picked":"FTL+1","floor":38},{"not_picked":["Leap","Steam Power+1"],"picked":"Defragment+1","floor":39},{"not_picked":["Stack+1","Loop"],"picked":"Echo Form","floor":41},{"not_picked":["Redo","Rebound"],"picked":"Ball Lightning","floor":42},{"not_picked":["Leap+1","Redo","Genetic Algorithm"],"picked":"SKIP","floor":46}],"player_experience":721549,"relics_obtained":[{"floor":7,"key":"PreservedInsect"},{"floor":9,"key":"Smiling Mask"},{"floor":26,"key":"Ancient Tea Set"},{"floor":43,"key":"Thread and Needle"}],"event_choices":[{"damage_healed":0,"gold_gain":100,"player_choice":"Gold","damage_taken":0,"max_hp_gain":0,"max_hp_loss":0,"event_name":"Wheel of Change","floor":3,"gold_loss":0},{"damage_healed":0,"gold_gain":0,"player_choice":"Ignored","damage_taken":0,"max_hp_gain":0,"max_hp_loss":0,"event_name":"Golden Idol","floor":5,"gold_loss":0},{"damage_healed":23,"gold_gain":0,"player_choice":"Banana","damage_taken":0,"max_hp_gain":0,"max_hp_loss":0,"event_name":"Big Fish","floor":12,"gold_loss":0},{"damage_healed":0,"gold_gain":0,"player_choice":"Searched \u00270\u0027 times","damage_taken":0,"max_hp_gain":0,"max_hp_loss":0,"event_name":"Dead Adventurer","floor":14,"gold_loss":0},{"damage_healed":0,"gold_gain":0,"player_choice":"Forge","damage_taken":0,"max_hp_gain":0,"max_hp_loss":0,"event_name":"Accursed Blacksmith","floor":22,"gold_loss":0,"cards_upgraded":["Defragment"]},{"damage_healed":0,"gold_gain":0,"player_choice":"Ignored","damage_taken":0,"max_hp_gain":0,"max_hp_loss":0,"event_name":"SecretPortal","floor":45,"gold_loss":0}],"is_beta":false,"boss_relics":[{"not_picked":["Astrolabe","Runic Pyramid"],"picked":"Velvet Choker"},{"not_picked":["Runic Dome","Snecko Eye"],"picked":"Philosopher\u0027s Stone"}],"items_purged_floors":[13,20,24,37,44,48],"is_endless":false,"potions_floor_spawned":[4,8,18,29,33,35,36,39],"killed_by":"Awakened One","ascension_level":17}