{"gold_per_floor":[118,118,118,132,132,167,167,181,181,181,193,5,5,41,41,164,164,205,205,244,169,232,232],"floor_reached":23,"playtime":677,"items_purged":[],"score":346,"play_id":"3ea8890a-b72b-49e9-b93c-b7ffe0472a3b","local_time":"20181224213659","is_ascension_mode":true,"campfire_choices":[{"data":"Zap","floor":7,"key":"SMITH"},{"data":"Rip and Tear","floor":10,"key":"SMITH"},{"data":"Redo","floor":13,"key":"SMITH"},{"data":"Undo","floor":15,"key":"SMITH"}],"neow_cost":"NONE","seed_source_timestamp":95869033818597,"circlet_count":0,"master_deck":["AscendersBane","Strike_B","Strike_B","Defend_B","Defend_B","Defend_B","Defend_B","Zap+1","Dualcast","Redo+1","Genetic Algorithm","Seek","Rip and Tear+1","HandOfGreed+1","Undo+1","Core Surge+1","BootSequence+1","Gash+1","Steam+1"],"relics":["Cracked Core","NeowsBlessing","Pear","Smiling Mask","Molten Egg 2","Nuclear Battery"],"potions_floor_usage":[16,23],"damage_taken":[{"damage":0,"enemies":"Cultist","floor":1,"turns":1},{"damage":0,"enemies":"Small Slimes","floor":4,"turns":1},{"damage":0,"enemies":"Lagavulin","floor":6,"turns":1},{"damage":6,"enemies":"Jaw Worm","floor":8,"turns":3},{"damage":8,"enemies":"Blue Slaver","floor":11,"turns":2},{"damage":3,"enemies":"Looter","floor":14,"turns":2},{"damage":46,"enemies":"Hexaghost","floor":16,"turns":10},{"damage":0,"enemies":"Spheric Guardian","floor":18,"turns":3},{"damage":0,"enemies":"Chosen","floor":20,"turns":4},{"damage":22,"enemies":"3 Cultists","floor":22,"turns":7},{"damage":49,"enemies":"Gremlin Leader","floor":23,"turns":6}],"seed_played":"-4133481206297841673","potions_obtained":[{"floor":4,"key":"GamblersBrew"},{"floor":6,"key":"Ancient Potion"},{"floor":11,"key":"Block Potion"},{"floor":16,"key":"Block Potion"}],"is_trial":false,"path_per_floor":["M","?","?","M","T","E","R","M","T","R","M","$","R","M","R","B",null,"M","?","M","?","M","E"],"character_chosen":"DEFECT","items_purchased":["HandOfGreed+1"],"campfire_rested":0,"item_purchase_floors":[12],"current_hp_per_floor":[68,61,61,61,71,71,71,65,65,65,57,57,57,54,54,8,66,66,66,66,66,44,0],"gold":232,"neow_bonus":"THREE_ENEMY_KILL","is_prod":false,"is_daily":false,"chose_seed":false,"campfire_upgraded":4,"win_rate":0,"timestamp":1545705419,"path_taken":["M","?","?","M","?","E","R","M","T","R","M","?","R","M","R","BOSS","M","?","M","?","M","E"],"build_version":"2018-12-20","purchased_purges":0,"victory":false,"max_hp_per_floor":[75,75,75,75,85,85,85,85,85,85,85,85,85,85,85,85,85,85,85,85,85,85,85],"card_choices":[{"not_picked":["Stack","Turbo"],"picked":"Redo","floor":1},{"not_picked":["Redo","Reinforced Body"],"picked":"Genetic Algorithm","floor":4},{"not_picked":["Rip and Tear","Hologram"],"picked":"Seek","floor":6},{"not_picked":["Redo","Gash"],"picked":"Rip and Tear","floor":8},{"not_picked":["Steam","Storm","Barrage+1"],"picked":"SKIP","floor":11},{"not_picked":["Streamline+1","Rebound+1"],"picked":"Undo","floor":14},{"not_picked":["Rainbow","Fission"],"picked":"Core Surge+1","floor":16},{"not_picked":["Streamline+1","Reinforced Body"],"picked":"BootSequence+1","floor":18},{"not_picked":["Sweeping Beam+1","Heatsinks","Leap"],"picked":"SKIP","floor":20},{"not_picked":["Rebound+1","Redo"],"picked":"Steam+1","floor":22}],"player_experience":401945,"relics_obtained":[{"floor":5,"key":"Pear"},{"floor":6,"key":"Smiling Mask"},{"floor":9,"key":"Molten Egg 2"}],"event_choices":[{"cards_removed":["Strike_B"],"damage_healed":0,"gold_gain":0,"player_choice":"Card Removal","damage_taken":7,"max_hp_gain":0,"max_hp_loss":0,"event_name":"Golden Wing","floor":2,"gold_loss":0},{"damage_healed":0,"gold_gain":0,"player_choice":"Ignored","damage_taken":0,"max_hp_gain":0,"max_hp_loss":0,"event_name":"Liars Game","floor":3,"gold_loss":0},{"damage_healed":0,"gold_gain":0,"player_choice":"Read","damage_taken":0,"max_hp_gain":0,"max_hp_loss":0,"event_name":"The Library","floor":19,"gold_loss":0,"cards_obtained":["Gash"]},{"cards_removed":["Strike_B"],"damage_healed":0,"gold_gain":0,"player_choice":"Gave Gold","damage_taken":0,"max_hp_gain":0,"max_hp_loss":0,"event_name":"Beggar","floor":21,"gold_loss":75}],"is_beta":false,"boss_relics":[{"not_picked":["Calling Bell","Velvet Choker"],"picked":"Nuclear Battery"}],"items_purged_floors":[],"is_endless":false,"potions_floor_spawned":[4,6,11,16,20],"killed_by":"Gremlin Leader","ascension_level":12}