{"gold_per_floor":[116,191,191,30,40,69,69,85,85,85,102,102,113,146,146,225,225,240,98,116,131,141,141,158,158,158,158,158,174,185,203,203,281,281,297,397,397,174,194,194,207,207,207,226,243,273,273,283,283,283,283],"floor_reached":52,"playtime":4014,"items_purged":["Strike_G"],"score":1771,"play_id":"c708f4d8-e011-4404-9a5f-803de953c9f7","local_time":"20181212052130","is_ascension_mode":true,"campfire_choices":[{"floor":7.0,"key":"REST"},{"data":"A Thousand Cuts","floor":10.0,"key":"SMITH"},{"floor":15.0,"key":"REST"},{"floor":23.0,"key":"REST"},{"floor":25.0,"key":"REST"},{"data":"Corpse Explosion","floor":28.0,"key":"SMITH"},{"floor":32.0,"key":"REST"},{"data":"1","floor":40.0,"key":"LIFT"},{"floor":42.0,"key":"REST"},{"floor":47,"key":"REST"},{"floor":49,"key":"REST"}],"neow_cost":"NONE","seed_source_timestamp":87623829457400,"circlet_count":0,"master_deck":["AscendersBane","Defend_G","Defend_G","Defend_G","Defend_G","Defend_G","Strike_G","Strike_G","Strike_G","Survivor","Neutralize","Dodge and Roll","Dagger Throw","Terror","Dash","A Thousand Cuts+1","Sucker Punch","Corpse Explosion+1","Cloak And Dagger","Doppelganger","Footwork","Skewer","Riddle With Holes+1","Backflip","Sucker Punch","Predator","Burst","Dash","PiercingWail+1","Noxious Fumes","Leg Sweep"],"special_seed":0,"relics":["Velvet Choker","Question Card","Singing Bowl","Bottled Lightning","Snecko Eye","Paper Crane","Centennial Puzzle","MutagenicStrength","Cursed Key","Girya","Potion Belt"],"potions_floor_usage":[50,50,51,51],"damage_taken":[{"damage":2.0,"enemies":"Jaw Worm","floor":1.0,"turns":5.0},{"damage":0.0,"enemies":"Small Slimes","floor":5.0,"turns":4.0},{"damage":34.0,"enemies":"Lagavulin","floor":6.0,"turns":9.0},{"damage":0.0,"enemies":"2 Louse","floor":8.0,"turns":2.0},{"damage":16.0,"enemies":"Gremlin Gang","floor":11.0,"turns":7.0},{"damage":10.0,"enemies":"Exordium Thugs","floor":13.0,"turns":3.0},{"damage":27.0,"enemies":"Gremlin Nob","floor":14.0,"turns":5.0},{"damage":38.0,"enemies":"Slime Boss","floor":16.0,"turns":8.0},{"damage":12.0,"enemies":"Spheric Guardian","floor":18.0,"turns":4.0},{"damage":11.0,"enemies":"2 Thieves","floor":20.0,"turns":3.0},{"damage":19.0,"enemies":"Shelled Parasite and Fungi","floor":21.0,"turns":6.0},{"damage":6.0,"enemies":"Centurion and Healer","floor":22.0,"turns":6.0},{"damage":0.0,"enemies":"Snecko","floor":24.0,"turns":3.0},{"damage":20.0,"enemies":"Snake Plant","floor":29.0,"turns":5.0},{"damage":5.0,"enemies":"Cultist and Chosen","floor":30.0,"turns":4.0},{"damage":15.0,"enemies":"Shelled Parasite and Fungi","floor":31.0,"turns":4.0},{"damage":29.0,"enemies":"Automaton","floor":33.0,"turns":10.0},{"damage":1.0,"enemies":"3 Darklings","floor":35.0,"turns":2.0},{"damage":0.0,"enemies":"Mind Bloom Boss Battle","floor":36.0,"turns":7.0},{"damage":12.0,"enemies":"Orb Walker","floor":39.0,"turns":3.0},{"damage":11.0,"enemies":"Maw","floor":41.0,"turns":8.0},{"damage":0.0,"enemies":"Sphere and 2 Shapes","floor":44.0,"turns":4.0},{"damage":16.0,"enemies":"4 Shapes","floor":45.0,"turns":2.0},{"damage":6,"enemies":"Reptomancer","floor":46,"turns":7},{"damage":46,"enemies":"Transient","floor":48,"turns":6},{"damage":2,"enemies":"Donu and Deca","floor":50,"turns":8},{"damage":15,"enemies":"Awakened One","floor":51,"turns":26}],"seed_played":"5165731322535176732","potions_obtained":[{"floor":6.0,"key":"Regen Potion"},{"floor":8.0,"key":"Regen Potion"},{"floor":11.0,"key":"GhostInAJar"},{"floor":20.0,"key":"PowerPotion"},{"floor":22.0,"key":"Strength Potion"},{"floor":30.0,"key":"Dexterity Potion"},{"floor":36.0,"key":"Fire Potion"},{"floor":46,"key":"SkillPotion"},{"floor":48,"key":"Dexterity Potion"}],"is_trial":false,"path_per_floor":["M","?","?","$","M","E","R","M","T","R","M","?","M","E","R","B",null,"M","?","M","M","M","R","M","R","T","?","R","M","M","M","R","B",null,"M","?","?","$","M","R","M","R","T","M","M","E","R","M","R","B","B",null],"character_chosen":"THE_SILENT","items_purchased":["Dagger Throw","Fruit Juice","Dash","Dexterity Potion","Dexterity Potion"],"campfire_rested":8,"item_purchase_floors":[4,4,38,38,38],"current_hp_per_floor":[57,46,35,35,40,6,27,27,27,27,56,56,46,19,40,2,54,44,44,33,16,10,32,32,54,54,54,54,34,29,14,36,7,58,59,61,61,61,51,51,42,66,66,66,50,46,71,25,50,48,33],"gold":283,"neow_bonus":"BOSS_RELIC","is_prod":false,"is_daily":false,"chose_seed":false,"campfire_upgraded":2,"win_rate":0,"timestamp":1544610090,"path_taken":["M","?","?","$","M","E","R","M","T","R","M","?","M","E","R","BOSS","M","?","?","M","M","R","M","R","T","?","R","M","M","M","R","BOSS","M","?","?","$","M","R","M","R","T","M","M","E","R","M","R","BOSS","BOSS"],"build_version":"2018-11-15","purchased_purges":1,"victory":true,"max_hp_per_floor":[66,66,66,66,71,71,71,71,71,71,71,71,71,71,71,71,71,73,73,73,75,75,75,75,75,75,75,75,75,75,75,75,75,75,77,79,79,79,81,81,83,83,83,83,83,85,85,85,85,85,85],"card_choices":[{"not_picked":["Blade Dance","Bane"],"picked":"Dodge and Roll","floor":1.0},{"not_picked":["Expertise","Flying Knee"],"picked":"Terror","floor":5.0},{"not_picked":["PiercingWail","Flying Knee"],"picked":"Dash","floor":6.0},{"not_picked":["Acrobatics","PiercingWail","Eviscerate"],"picked":"A Thousand Cuts","floor":8.0},{"not_picked":["Dagger Throw","Slice","Outmaneuver"],"picked":"Sucker Punch","floor":11.0},{"not_picked":["Heel Hook","Slice","Prepared"],"picked":"Corpse Explosion","floor":13.0},{"not_picked":["Deadly Poison","Underhanded Strike","Accuracy"],"picked":"Cloak And Dagger","floor":14.0},{"not_picked":["Grand Finale","Storm of Steel","Envenom"],"picked":"Doppelganger","floor":16.0},{"not_picked":["Flying Knee","Cloak And Dagger+1","Acrobatics","Masterful Stab"],"picked":"Singing Bowl","floor":18.0},{"not_picked":["Underhanded Strike","Dagger Spray","Noxious Fumes"],"picked":"Footwork","floor":20.0},{"not_picked":["Underhanded Strike","Endless Agony","Setup","Backstab"],"picked":"Singing Bowl","floor":21.0},{"not_picked":["Caltrops","Poisoned Stab","Acrobatics+1"],"picked":"Skewer","floor":22.0},{"not_picked":["Terror","Masterful Stab","Poisoned Stab+1"],"picked":"Riddle With Holes+1","floor":24.0},{"not_picked":["Endless Agony","Prepared","Quick Slash"],"picked":"Backflip","floor":29.0},{"not_picked":["Accuracy","Slice","Quick Slash"],"picked":"Sucker Punch","floor":30.0},{"not_picked":["Doppelganger","Dagger Throw","Infinite Blades"],"picked":"Predator","floor":31.0},{"not_picked":["Glass Knife","A Thousand Cuts","Bullet Time"],"picked":"Burst","floor":33.0},{"not_picked":["Dagger Throw+1","Slice","Choke","Accuracy"],"picked":"Singing Bowl","floor":35.0},{"not_picked":["Escape Plan","Caltrops+1","Dagger Spray","Outmaneuver"],"picked":"Singing Bowl","floor":36.0},{"not_picked":["Dodge and Roll","Tactician+1","Dagger Throw","Bane"],"picked":"Singing Bowl","floor":39.0},{"not_picked":["Concentrate","Deadly Poison","Dagger Spray","Deflect+1"],"picked":"Singing Bowl","floor":41.0},{"not_picked":["Accuracy","Masterful Stab+1","Endless Agony"],"picked":"PiercingWail+1","floor":44.0},{"not_picked":["Backflip","Blade Dance+1","Bullet Time"],"picked":"Noxious Fumes","floor":45.0},{"not_picked":["Flying Knee+1","Dagger Spray","Dagger Throw","Deadly Poison"],"picked":"Singing Bowl","floor":46},{"not_picked":["Flechettes+1","Flying Knee+1","Distraction+1"],"picked":"Leg Sweep","floor":48}],"player_experience":1809236,"relics_obtained":[{"floor":6.0,"key":"Question Card"},{"floor":9.0,"key":"Singing Bowl"},{"floor":14.0,"key":"Bottled Lightning"},{"floor":26.0,"key":"Centennial Puzzle"},{"floor":36.0,"key":"Girya"},{"floor":46,"key":"Potion Belt"}],"event_choices":[{"damage_healed":0.0,"max_hp_gain":0.0,"max_hp_loss":0.0,"gold_gain":75.0,"event_name":"World of Goop","player_choice":"Gather Gold","floor":2.0,"gold_loss":0.0,"damage_taken":11.0},{"damage_healed":0.0,"max_hp_gain":0.0,"max_hp_loss":0.0,"gold_gain":0.0,"event_name":"Scrap Ooze","player_choice":"Fled","floor":3.0,"gold_loss":0.0,"damage_taken":11.0},{"damage_healed":0.0,"max_hp_gain":0.0,"max_hp_loss":0.0,"gold_gain":0.0,"event_name":"Golden Idol","player_choice":"Ignored","floor":12.0,"gold_loss":0.0,"damage_taken":0.0},{"damage_healed":0.0,"max_hp_gain":0.0,"max_hp_loss":0.0,"gold_gain":0.0,"event_name":"WeMeetAgain","player_choice":"Paid Gold","floor":19.0,"gold_loss":142.0,"damage_taken":0.0,"relics_obtained":["Paper Crane"]},{"damage_healed":0.0,"max_hp_gain":0.0,"max_hp_loss":0.0,"gold_gain":0.0,"event_name":"Drug Dealer","player_choice":"Inject Mutagens","floor":27.0,"gold_loss":0.0,"damage_taken":0.0,"relics_obtained":["MutagenicStrength"]},{"damage_healed":0.0,"max_hp_gain":0.0,"max_hp_loss":0.0,"gold_gain":0.0,"event_name":"MindBloom","player_choice":"Fight","floor":36.0,"gold_loss":0.0,"damage_taken":0.0},{"cards_removed":["Strike_G"],"damage_healed":0.0,"max_hp_gain":0.0,"max_hp_loss":0.0,"gold_gain":0.0,"event_name":"Purifier","player_choice":"Purged","floor":37.0,"gold_loss":0.0,"damage_taken":0.0}],"is_beta":true,"boss_relics":[{"not_picked":["HoveringKite","Fusion Hammer"],"picked":"Snecko Eye"},{"not_picked":["Calling Bell","Tiny House"],"picked":"Cursed Key"}],"items_purged_floors":[38],"is_endless":false,"potions_floor_spawned":[6,8,11,20,22,24,30,36,39,46,48],"ascension_level":20}