{"gold_per_floor":[112,187,199,216,236,236,43,43,43,63,63,76,76,96,96,96],"floor_reached":16,"playtime":1004,"items_purged":[],"score":144,"play_id":"1c74aef4-5902-4136-8eba-018b58a15c46","local_time":"20181111185728","is_ascension_mode":true,"campfire_choices":[{"floor":6,"key":"REST"},{"floor":8,"key":"REST"},{"floor":15,"key":"REST"}],"neow_cost":"TEN_PERCENT_HP_LOSS","seed_source_timestamp":2831611903035934,"circlet_count":0,"master_deck":["AscendersBane","Strike_B","Strike_B","Strike_B","Defend_B","Defend_B","Defend_B","Zap","Dualcast","Multi-Cast","Fission","Cold Snap","Reinforced Body","Hologram","Parasite","Cold Snap","Leap"],"relics":["Cracked Core","ClockworkSouvenir","Blue Candle"],"potions_floor_usage":[5,13,16],"damage_taken":[{"damage":6,"enemies":"2 Louse","floor":1,"turns":2},{"damage":6,"enemies":"Cultist","floor":3,"turns":3},{"damage":10,"enemies":"Small Slimes","floor":4,"turns":4},{"damage":19,"enemies":"3 Louse","floor":5,"turns":4},{"damage":17,"enemies":"Looter","floor":10,"turns":3},{"damage":9,"enemies":"Red Slaver","floor":12,"turns":3},{"damage":0,"enemies":"Lots of Slimes","floor":13,"turns":1},{"damage":7,"enemies":"2 Fungi Beasts","floor":14,"turns":4},{"damage":65,"enemies":"Slime Boss","floor":16,"turns":16}],"seed_played":"2641856407692399212","potions_obtained":[{"floor":1,"key":"Dexterity Potion"},{"floor":4,"key":"SmokeBomb"},{"floor":12,"key":"Poison Potion"}],"is_trial":false,"path_per_floor":["M","?","M","M","M","R","$","R","T","M","?","M","M","M","R","B"],"character_chosen":"DEFECT","items_purchased":["ClockworkSouvenir"],"campfire_rested":3,"item_purchase_floors":[7],"current_hp_per_floor":[62,56,50,40,21,41,41,61,61,44,61,52,52,45,65,0],"gold":96,"neow_bonus":"TRANSFORM_TWO_CARDS","is_prod":false,"is_daily":false,"chose_seed":false,"campfire_upgraded":0,"win_rate":0,"timestamp":1541980648,"path_taken":["M","?","?","?","M","R","$","R","T","M","?","M","M","M","R","BOSS"],"build_version":"2018-11-08","purchased_purges":0,"victory":false,"max_hp_per_floor":[68,68,68,68,68,68,68,68,68,68,68,68,68,68,68,68],"card_choices":[{"not_picked":["Reprogram","Barrage","Stack"],"picked":"SKIP","floor":1},{"not_picked":["Sweeping Beam","Force Field"],"picked":"Cold Snap","floor":3},{"not_picked":["Streamline","Doom and Gloom"],"picked":"Reinforced Body","floor":4},{"not_picked":["Barrage","Redo"],"picked":"Hologram","floor":5},{"not_picked":["Beam Cell","Rebound","Hologram"],"picked":"SKIP","floor":10},{"not_picked":["Stack","Steam"],"picked":"Cold Snap","floor":12},{"not_picked":["Static Discharge","Barrage"],"picked":"Leap","floor":14}],"player_experience":520991,"relics_obtained":[{"floor":9,"key":"Blue Candle"}],"event_choices":[{"damage_healed":0,"gold_gain":75,"player_choice":"Touch","damage_taken":6,"max_hp_gain":0,"max_hp_loss":0,"event_name":"FaceTrader","floor":2,"gold_loss":0},{"damage_healed":17,"gold_gain":0,"player_choice":"Healed and dodged fight","damage_taken":0,"max_hp_gain":0,"max_hp_loss":0,"event_name":"Mushrooms","floor":11,"gold_loss":0,"cards_obtained":["Parasite"]}],"is_beta":false,"boss_relics":[],"items_purged_floors":[],"is_endless":false,"potions_floor_spawned":[1,4,12],"killed_by":"Slime Boss","ascension_level":10}