{"gold_per_floor":[118,118,118,133,144,175,175,195,195,195,48,48,58,77,77,77],"floor_reached":16,"playtime":1133,"items_purged":["Strike_R"],"score":105,"play_id":"8ed508db-a56f-428f-a806-be887df8202c","local_time":"20190103133504","is_ascension_mode":true,"campfire_choices":[{"data":"Bash","floor":7,"key":"SMITH"},{"data":"Reaper","floor":10,"key":"SMITH"},{"data":"Whirlwind","floor":15,"key":"SMITH"}],"neow_cost":"NONE","seed_source_timestamp":734760800063762,"circlet_count":0,"master_deck":["Strike_R","Strike_R","Strike_R","Strike_R","Defend_R","Defend_R","Defend_R","Bash+1","True Grit+1","Clothesline","Iron Wave","Body Slam","Reaper+1","Shrug It Off","Whirlwind+1","Shockwave","Feed"],"relics":["Burning Blood","Regal Pillow","Gremlin Horn","Shuriken","Odd Mushroom","Self Forming Clay"],"potions_floor_usage":[6,16,16],"damage_taken":[{"damage":0,"enemies":"Small Slimes","floor":1,"turns":3},{"damage":9,"enemies":"Jaw Worm","floor":4,"turns":3},{"damage":0,"enemies":"2 Louse","floor":5,"turns":2},{"damage":38,"enemies":"3 Sentries","floor":6,"turns":10},{"damage":23,"enemies":"The Mushroom Lair","floor":8,"turns":4},{"damage":3,"enemies":"Blue Slaver","floor":13,"turns":4},{"damage":4,"enemies":"Lots of Slimes","floor":14,"turns":3},{"damage":85,"enemies":"Hexaghost","floor":16,"turns":15}],"seed_played":"-798653579270889456","potions_obtained":[{"floor":4,"key":"LiquidBronze"},{"floor":13,"key":"Block Potion"},{"floor":14,"key":"GamblersBrew"}],"is_trial":false,"path_per_floor":["M","?","?","M","M","E","R","?","T","R","$","?","M","M","R","B"],"character_chosen":"IRONCLAD","items_purchased":["Whirlwind"],"campfire_rested":0,"item_purchase_floors":[11],"current_hp_per_floor":[80,77,77,74,80,48,48,46,46,46,46,46,54,71,71,0],"gold":77,"neow_bonus":"RANDOM_COMMON_RELIC","is_prod":false,"is_daily":false,"chose_seed":false,"campfire_upgraded":3,"win_rate":0,"timestamp":1546540504,"path_taken":["M","?","?","M","M","E","R","?","T","R","$","?","?","M","R","BOSS"],"build_version":"2018-12-20","purchased_purges":1,"victory":false,"max_hp_per_floor":[80,80,80,80,80,80,80,80,80,80,80,80,80,80,80,80],"card_choices":[{"not_picked":["Twin Strike","Anger"],"picked":"True Grit","floor":1},{"not_picked":["Dual Wield","Shockwave"],"picked":"Iron Wave","floor":4},{"not_picked":["Clash","Sword Boomerang"],"picked":"Body Slam","floor":5},{"not_picked":["Perfected Strike","Corruption"],"picked":"Reaper","floor":6},{"not_picked":["Fire Breathing","Anger"],"picked":"Shrug It Off","floor":8},{"not_picked":["Shrug It Off","Heavy Blade"],"picked":"Shockwave","floor":13},{"not_picked":["Heavy Blade","Clash"],"picked":"Feed","floor":14}],"player_experience":747264,"relics_obtained":[{"floor":6,"key":"Shuriken"},{"floor":8,"key":"Odd Mushroom"},{"floor":9,"key":"Self Forming Clay"}],"event_choices":[{"damage_healed":0,"gold_gain":0,"player_choice":"Success","damage_taken":3,"relics_obtained":["Gremlin Horn"],"max_hp_gain":0,"max_hp_loss":0,"event_name":"Scrap Ooze","floor":2,"gold_loss":0},{"damage_healed":0,"gold_gain":0,"cards_transformed":["Defend_R"],"player_choice":"Change","damage_taken":0,"max_hp_gain":0,"max_hp_loss":0,"event_name":"Living Wall","floor":3,"gold_loss":0,"cards_obtained":["Clothesline"]},{"damage_healed":0,"gold_gain":0,"player_choice":"Fought Mushrooms","damage_taken":0,"max_hp_gain":0,"max_hp_loss":0,"event_name":"Mushrooms","floor":8,"gold_loss":0},{"damage_healed":0,"gold_gain":0,"player_choice":"Upgraded","damage_taken":0,"max_hp_gain":0,"max_hp_loss":0,"event_name":"Upgrade Shrine","floor":12,"gold_loss":0,"cards_upgraded":["True Grit"]}],"is_beta":false,"boss_relics":[],"items_purged_floors":[11],"is_endless":false,"potions_floor_spawned":[4,13,14],"killed_by":"Hexaghost","ascension_level":1}