{"gold_per_floor":[165,165,165,176,176,176,202,202,202,202,214,214,230,245,245,317,317,328,328,51,71,88,88,88,120,120,120,136,149,149,169,169,243,243,257,157,176,176,176,204,218,218,218,37,37,102,43,53,53,53,53],"floor_reached":52,"playtime":4037,"items_purged":["Strike_G","Strike_G","Strike_G"],"score":1960,"play_id":"d242f400-5da9-4009-9630-7855b4ad3eb6","local_time":"20181209175909","is_ascension_mode":true,"campfire_choices":[{"data":"Quick Slash","floor":6,"key":"SMITH"},{"data":"Backflip","floor":10,"key":"SMITH"},{"data":"Well Laid Plans","floor":12,"key":"SMITH"},{"data":"Poisoned Stab","floor":15,"key":"SMITH"},{"data":"Catalyst","floor":23,"key":"SMITH"},{"floor":27,"key":"REST"},{"floor":30,"key":"REST"},{"floor":32,"key":"REST"},{"data":"Wraith Form v2","floor":42,"key":"SMITH"},{"data":"Footwork","floor":45,"key":"SMITH"},{"data":"Burst","floor":49,"key":"SMITH"}],"neow_cost":"NONE","seed_source_timestamp":650561398817800,"circlet_count":0,"master_deck":["AscendersBane","Defend_G","Defend_G","Defend_G","Defend_G","Defend_G+1","Survivor","Neutralize+1","Flying Knee","Backflip+1","Quick Slash+1","Cloak And Dagger","Well Laid Plans+1","Backflip","Poisoned Stab+1","After Image","Dagger Spray+1","Catalyst+1","Burst+1","PiercingWail","Bane+1","Adrenaline","Noxious Fumes","Wraith Form v2+1","Footwork+1","Dodge and Roll","Dodge and Roll","Catalyst+1","Deadly Poison","Cloak And Dagger+1"],"relics":["Tiny House","Anchor","Omamori","Letter Opener","Empty Cage","WarpedTongs","Ninja Scroll","Mercury Hourglass","Eternal Feather","Frozen Egg 2","Centennial Puzzle","Gremlin Horn","Tiny Chest"],"potions_floor_usage":[7,16,16,25,29,33,41,46,50,50],"damage_taken":[{"damage":1,"enemies":"Cultist","floor":1,"turns":4},{"damage":0,"enemies":"2 Louse","floor":4,"turns":4},{"damage":14,"enemies":"3 Sentries","floor":7,"turns":9},{"damage":3,"enemies":"Small Slimes","floor":11,"turns":3},{"damage":0,"enemies":"Looter","floor":13,"turns":4},{"damage":0,"enemies":"Blue Slaver","floor":14,"turns":4},{"damage":13,"enemies":"Slime Boss","floor":16,"turns":9},{"damage":1,"enemies":"Chosen","floor":18,"turns":7},{"damage":7,"enemies":"Shell Parasite","floor":21,"turns":9},{"damage":9,"enemies":"Snecko","floor":22,"turns":7},{"damage":19,"enemies":"Gremlin Leader","floor":25,"turns":4},{"damage":22,"enemies":"Cultist and Chosen","floor":28,"turns":7},{"damage":1,"enemies":"3 Cultists","floor":29,"turns":3},{"damage":8,"enemies":"Snake Plant","floor":31,"turns":3},{"damage":29,"enemies":"Automaton","floor":33,"turns":12},{"damage":1,"enemies":"Orb Walker","floor":35,"turns":3},{"damage":0,"enemies":"3 Shapes","floor":37,"turns":5},{"damage":14,"enemies":"Giant Head","floor":40,"turns":9},{"damage":6,"enemies":"Transient","floor":41,"turns":6},{"damage":0,"enemies":"Reptomancer","floor":46,"turns":7},{"damage":7,"enemies":"Writhing Mass","floor":48,"turns":7},{"damage":48,"enemies":"Awakened One","floor":50,"turns":21},{"damage":0,"enemies":"Time Eater","floor":51,"turns":6}],"seed_played":"-6153967105038050515","potions_obtained":[{"floor":0,"key":"SkillPotion"},{"floor":1,"key":"SkillPotion"},{"floor":11,"key":"FearPotion"},{"floor":14,"key":"PowerPotion"},{"floor":21,"key":"Weak Potion"},{"floor":28,"key":"FearPotion"},{"floor":33,"key":"SpeedPotion"},{"floor":35,"key":"Explosive Potion"},{"floor":46,"key":"SpeedPotion"}],"is_trial":false,"path_per_floor":["M","?","?","M","?","R","E","?","T","R","M","R","M","M","R","B",null,"M","?","$","M","M","R","?","E","T","R","M","M","R","M","R","B",null,"M","$","M","?","?","E","M","R","T","$","R","E","$","M","R","B","B",null],"character_chosen":"THE_SILENT","items_purchased":["Burst","Poison Potion","Weak Potion","Deadly Poison"],"campfire_rested":3,"item_purchase_floors":[20,20,44,47],"current_hp_per_floor":[63,63,71,71,66,66,52,52,52,52,49,49,49,49,49,36,62,61,61,61,54,45,45,45,26,26,47,25,24,45,37,58,29,61,60,60,60,60,60,46,40,55,55,55,67,67,67,60,67,19,19],"gold":53,"neow_bonus":"BOSS_RELIC","is_prod":false,"is_daily":false,"chose_seed":false,"campfire_upgraded":8,"win_rate":0,"timestamp":1544396349,"path_taken":["M","?","?","?","?","R","E","?","T","R","M","R","M","M","R","BOSS","M","?","$","M","M","R","?","E","T","R","M","M","R","M","R","BOSS","M","$","M","?","?","E","?","R","T","$","R","E","?","M","R","BOSS","BOSS"],"build_version":"2018-11-15","purchased_purges":3,"victory":true,"max_hp_per_floor":[71,71,71,71,71,71,71,71,71,71,71,71,71,71,71,71,71,71,71,71,71,71,71,71,71,71,71,71,71,71,71,71,71,71,71,71,71,67,67,67,67,67,67,67,67,67,67,67,67,67,67],"card_choices":[{"not_picked":["Setup","Blade Dance"],"picked":"Flying Knee","floor":0},{"not_picked":["Acrobatics","Choke"],"picked":"Backflip","floor":1},{"not_picked":["Acrobatics","Venomology"],"picked":"Quick Slash","floor":4},{"not_picked":["Reflex","Outmaneuver"],"picked":"Cloak And Dagger","floor":7},{"not_picked":["Setup","Slice"],"picked":"Well Laid Plans","floor":11},{"not_picked":["Backstab","Crippling Poison"],"picked":"Backflip","floor":13},{"not_picked":["Caltrops","Prepared"],"picked":"Poisoned Stab","floor":14},{"not_picked":["Die Die Die","Bullet Time"],"picked":"After Image","floor":16},{"not_picked":["Dagger Throw+1","Deadly Poison"],"picked":"Dagger Spray+1","floor":18},{"not_picked":["Heel Hook","Slice"],"picked":"PiercingWail","floor":21},{"not_picked":["Choke","Endless Agony+1"],"picked":"Bane+1","floor":22},{"not_picked":["Poisoned Stab","Leg Sweep"],"picked":"Adrenaline","floor":25},{"not_picked":["Underhanded Strike+1","Slice","Skewer"],"picked":"SKIP","floor":28},{"not_picked":["Prepared","Slice"],"picked":"Noxious Fumes","floor":29},{"not_picked":["Heel Hook","Choke"],"picked":"Distraction","floor":31},{"not_picked":["Bullet Time","Venomology"],"picked":"Wraith Form v2","floor":33},{"not_picked":["Underhanded Strike+1","Cloak And Dagger"],"picked":"Footwork","floor":35},{"not_picked":["Distraction","Blade Dance+1"],"picked":"Dodge and Roll","floor":37},{"not_picked":["Prepared","Sucker Punch+1"],"picked":"Dodge and Roll","floor":40},{"not_picked":["Dagger Spray","Slice","Blade Dance+1"],"picked":"SKIP","floor":41},{"not_picked":["Flechettes","After Image+1"],"picked":"Catalyst+1","floor":46},{"not_picked":["Prepared","Sucker Punch"],"picked":"Cloak And Dagger+1","floor":48}],"player_experience":1793705,"relics_obtained":[{"floor":7,"key":"Omamori"},{"floor":9,"key":"Letter Opener"},{"floor":25,"key":"Ninja Scroll"},{"floor":26,"key":"Mercury Hourglass"},{"floor":40,"key":"Centennial Puzzle"},{"floor":43,"key":"Gremlin Horn"},{"floor":46,"key":"Tiny Chest"}],"event_choices":[{"damage_healed":0,"gold_gain":0,"player_choice":"Grow","damage_taken":0,"max_hp_gain":0,"max_hp_loss":0,"event_name":"Living Wall","floor":2,"gold_loss":0,"cards_upgraded":["Neutralize"]},{"damage_healed":8,"gold_gain":0,"player_choice":"Full Heal","damage_taken":0,"max_hp_gain":0,"max_hp_loss":0,"event_name":"Wheel of Change","floor":3,"gold_loss":0},{"damage_healed":0,"gold_gain":0,"player_choice":"Success","damage_taken":5,"relics_obtained":["Anchor"],"max_hp_gain":0,"max_hp_loss":0,"event_name":"Scrap Ooze","floor":5,"gold_loss":0},{"damage_healed":0,"gold_gain":0,"player_choice":"Searched \u00270\u0027 times","damage_taken":0,"max_hp_gain":0,"max_hp_loss":0,"event_name":"Dead Adventurer","floor":8,"gold_loss":0},{"damage_healed":0,"gold_gain":0,"player_choice":"Read","damage_taken":0,"max_hp_gain":0,"max_hp_loss":0,"event_name":"The Library","floor":19,"gold_loss":0,"cards_obtained":["Catalyst"]},{"damage_healed":0,"gold_gain":0,"player_choice":"Rummage","damage_taken":0,"relics_obtained":["WarpedTongs"],"max_hp_gain":0,"max_hp_loss":0,"event_name":"Accursed Blacksmith","floor":24,"gold_loss":0,"cards_obtained":["Pain"]},{"damage_healed":0,"gold_gain":0,"player_choice":"Max HP","damage_taken":0,"max_hp_gain":0,"max_hp_loss":4,"event_name":"Winding Halls","floor":38,"gold_loss":0},{"cards_removed":["Distraction"],"damage_healed":0,"gold_gain":0,"player_choice":"Gave Card","damage_taken":0,"relics_obtained":["Frozen Egg 2"],"max_hp_gain":0,"max_hp_loss":0,"event_name":"WeMeetAgain","floor":39,"gold_loss":0}],"is_beta":true,"boss_relics":[{"not_picked":["Lizard Tail","Black Star"],"picked":"Empty Cage"},{"not_picked":["HoveringKite","Coffee Dripper"],"picked":"Eternal Feather"}],"items_purged_floors":[20,36,44],"is_endless":false,"potions_floor_spawned":[1,11,14,21,28,33,35,46],"ascension_level":20}