{"gold_per_floor":[113,130,130,130,130,130,144,168,168,189,189,189],"floor_reached":12,"playtime":245,"items_purged":[],"score":84,"play_id":"e35e1145-1e8a-4912-9916-711b1a9092b8","local_time":"20180914150130","is_ascension_mode":true,"campfire_choices":[{"data":"Zap","floor":6,"key":"SMITH"}],"neow_cost":"TEN_PERCENT_HP_LOSS","seed_source_timestamp":65258049468267,"circlet_count":0,"master_deck":["Strike_B+1","Strike_B","Strike_B","Strike_B","Defend_B","Defend_B","Defend_B","Defend_B+1","Zap+1","Dualcast","Melter","Ball Lightning","Beam Cell","Recycle","Conserve Battery"],"relics":["Cracked Core","Du-Vu Doll","Shuriken","Golden Idol","Bottled Flame"],"potions_floor_usage":[],"damage_taken":[{"damage":4,"enemies":"2 Louse","floor":1,"turns":3},{"damage":12,"enemies":"Jaw Worm","floor":2,"turns":2},{"damage":0,"enemies":"Small Slimes","floor":7,"turns":2},{"damage":4,"enemies":"3 Louse","floor":8,"turns":3},{"damage":8,"enemies":"Large Slime","floor":10,"turns":4},{"damage":17,"enemies":"3 Sentries","floor":12,"turns":2}],"seed_played":"7431509338710239204","potions_obtained":[{"floor":1,"key":"EssenceOfSteel"},{"floor":10,"key":"FearPotion"}],"is_trial":false,"path_per_floor":["M","M","?","?","?","R","M","M","T","M","?"],"character_chosen":"DEFECT","items_purchased":[],"campfire_rested":0,"item_purchase_floors":[],"current_hp_per_floor":[64,52,38,38,21,21,21,17,17,9,9,0],"gold":189,"neow_bonus":"ONE_RARE_RELIC","is_prod":false,"is_daily":false,"chose_seed":false,"campfire_upgraded":1,"win_rate":0,"timestamp":1536904890,"path_taken":["M","M","?","?","?","R","?","?","T","M","?","E"],"build_version":"2018-09-12","purchased_purges":0,"victory":false,"max_hp_per_floor":[68,68,68,68,68,68,68,68,68,68,68,68],"card_choices":[{"not_picked":["Gash","Stack"],"picked":"Melter","floor":1},{"not_picked":["Reinforced Body","Compile Driver"],"picked":"Ball Lightning","floor":2},{"not_picked":["Compile Driver","Rainbow"],"picked":"Beam Cell","floor":7},{"not_picked":["Darkness","Hologram"],"picked":"Recycle","floor":8},{"not_picked":["Stack","Hologram"],"picked":"Conserve Battery","floor":10}],"player_experience":421898,"relics_obtained":[{"floor":9,"key":"Bottled Flame"}],"event_choices":[{"event_name":"Shining Light","player_choice":"Entered Light","floor":3,"damage_taken":0},{"event_name":"Big Fish","player_choice":"Box","floor":4,"damage_taken":0},{"event_name":"Golden Idol","player_choice":"Take Damage","floor":5,"damage_taken":0},{"event_name":"Living Wall","player_choice":"Forget","floor":11,"damage_taken":0}],"is_beta":true,"boss_relics":[],"items_purged_floors":[],"is_endless":false,"potions_floor_spawned":[1,10],"killed_by":"3 Sentries","ascension_level":4}