{"gold_per_floor":[112,14,14,14,28,28,54,54,54,8,24,24,24,58,58,58],"floor_reached":16,"playtime":757,"items_purged":["Strike_B"],"score":148,"play_id":"0f1cb0ad-7e01-480e-b7a7-8ee19a6428d4","local_time":"20190201234510","is_ascension_mode":true,"campfire_choices":[{"data":"Leap","floor":6,"key":"SMITH"},{"floor":8,"key":"REST"},{"data":"Dualcast","floor":13,"key":"SMITH"},{"data":"Go for the Eyes","floor":15,"key":"SMITH"}],"neow_cost":"NONE","seed_source_timestamp":99661041787435,"circlet_count":0,"master_deck":["Strike_B","Strike_B","Defend_B","Defend_B","Defend_B","Defend_B","Zap","Dualcast+1","Leap+1","Coolheaded","Leap+1","BootSequence+1","Hologram+1","Go for the Eyes+1","Cold Snap"],"relics":["Cracked Core","Toxic Egg 2","Bag of Preparation","Bronze Scales","Orichalcum"],"potions_floor_usage":[14],"damage_taken":[{"damage":9,"enemies":"2 Louse","floor":1,"turns":3},{"damage":11,"enemies":"Small Slimes","floor":5,"turns":5},{"damage":30,"enemies":"Lagavulin","floor":7,"turns":14},{"damage":0,"enemies":"Jaw Worm","floor":11,"turns":2},{"damage":18,"enemies":"3 Sentries","floor":14,"turns":8},{"damage":21,"enemies":"Hexaghost","floor":16,"turns":11}],"seed_played":"2915572912587127093","potions_obtained":[{"floor":7,"key":"Block Potion"},{"floor":11,"key":"LiquidBronze"}],"is_trial":false,"path_per_floor":["M","$","?","?","M","R","E","R","T","$","M","$","R","E","R","B"],"character_chosen":"DEFECT","items_purchased":["Coolheaded","Hologram+1"],"campfire_rested":1,"item_purchase_floors":[2,10],"current_hp_per_floor":[66,66,63,56,45,45,15,39,39,39,39,39,39,21,21,0],"gold":58,"neow_bonus":"TEN_PERCENT_HP_BONUS","is_prod":false,"is_daily":false,"chose_seed":false,"campfire_upgraded":3,"win_rate":0,"timestamp":1549093510,"path_taken":["M","$","?","?","?","R","E","R","T","$","M","?","R","E","R","BOSS"],"build_version":"2019-01-23","purchased_purges":1,"victory":false,"max_hp_per_floor":[82,82,82,82,82,82,82,82,82,82,82,82,82,82,82,82],"card_choices":[{"not_picked":["Rebound","Sweeping Beam"],"picked":"Leap","floor":1},{"not_picked":["Go for the Eyes","Force Field+1"],"picked":"Leap+1","floor":5},{"not_picked":["Melter","Lockon"],"picked":"BootSequence+1","floor":7},{"not_picked":["Redo+1","Streamline"],"picked":"Go for the Eyes","floor":11},{"not_picked":["Compile Driver","Go for the Eyes"],"picked":"Cold Snap","floor":14}],"player_experience":449710,"relics_obtained":[{"floor":7,"key":"Bag of Preparation"},{"floor":9,"key":"Bronze Scales"},{"floor":14,"key":"Orichalcum"}],"event_choices":[{"damage_healed":0,"gold_gain":0,"player_choice":"Success","damage_taken":3,"relics_obtained":["Toxic Egg 2"],"max_hp_gain":0,"max_hp_loss":0,"event_name":"Scrap Ooze","floor":3,"gold_loss":0},{"cards_removed":["Strike_B"],"damage_healed":0,"gold_gain":0,"player_choice":"Card Removal","damage_taken":7,"max_hp_gain":0,"max_hp_loss":0,"event_name":"Golden Wing","floor":4,"gold_loss":0}],"is_beta":false,"boss_relics":[],"items_purged_floors":[2],"is_endless":false,"potions_floor_spawned":[7,11],"killed_by":"Hexaghost","ascension_level":8}