{"gold_per_floor":[111,65,65,77,87,121,121,150,150,183,195,195,195,206,206,302,302,318,216,216,230,244,244],"floor_reached":23,"playtime":1235,"items_purged":["Strike_B"],"score":253,"play_id":"ad68b8fe-2783-4797-bf8c-af4caf50d260","local_time":"20181202083710","is_ascension_mode":true,"campfire_choices":[{"data":"Streamline","floor":7,"key":"SMITH"},{"floor":12,"key":"REST"},{"data":"Loop","floor":15,"key":"SMITH"}],"neow_cost":"NONE","seed_source_timestamp":127510826060696,"circlet_count":0,"master_deck":["Strike_B","Strike_B","Strike_B","Defend_B","Defend_B","Defend_B","Defend_B","Zap","Dualcast","Coolheaded","Streamline+1","Cold Snap","Streamline+1","Defragment+1","Go for the Eyes","Loop+1","Ball Lightning","Conserve Battery","Amplify","Loop","Beam Cell","Lockon","Melter","Barrage+1"],"relics":["Cracked Core","Ornamental Fan","Ancient Tea Set","Cables","Pantograph","Inserter"],"potions_floor_usage":[6,11,22,23,23],"damage_taken":[{"damage":7,"enemies":"Jaw Worm","floor":1,"turns":3},{"damage":0,"enemies":"Cultist","floor":4,"turns":3},{"damage":3,"enemies":"Small Slimes","floor":5,"turns":3},{"damage":18,"enemies":"3 Sentries","floor":6,"turns":10},{"damage":12,"enemies":"Gremlin Nob","floor":8,"turns":4},{"damage":18,"enemies":"Lagavulin","floor":10,"turns":5},{"damage":17,"enemies":"3 Louse","floor":11,"turns":2},{"damage":0,"enemies":"Blue Slaver","floor":14,"turns":2},{"damage":32,"enemies":"Slime Boss","floor":16,"turns":6},{"damage":10,"enemies":"Chosen","floor":18,"turns":4},{"damage":46,"enemies":"2 Thieves","floor":21,"turns":4},{"damage":14,"enemies":"Cultist and Chosen","floor":22,"turns":6},{"damage":2,"enemies":"Book of Stabbing","floor":23,"turns":3}],"seed_played":"5032524156438690976","potions_obtained":[{"floor":1,"key":"SkillPotion"},{"floor":6,"key":"SkillPotion"},{"floor":8,"key":"Explosive Potion"},{"floor":11,"key":"SkillPotion"},{"floor":16,"key":"LiquidBronze"},{"floor":18,"key":"Swift Potion"}],"is_trial":false,"path_per_floor":["M","$","?","M","M","E","R","E","T","E","M","R","?","M","R","B",null,"M","$","?","M","M","E"],"character_chosen":"DEFECT","items_purchased":["Streamline","Beam Cell"],"campfire_rested":1,"item_purchase_floors":[2,19],"current_hp_per_floor":[75,75,75,75,72,54,54,42,42,24,7,31,31,31,31,24,82,72,72,72,26,12,10],"gold":244,"neow_bonus":"TEN_PERCENT_HP_BONUS","is_prod":false,"is_daily":false,"chose_seed":false,"campfire_upgraded":2,"win_rate":0,"timestamp":1543757830,"path_taken":["M","$","?","M","M","E","R","E","T","E","?","R","?","?","R","BOSS","M","$","?","M","M","E"],"build_version":"2018-11-15","purchased_purges":1,"victory":false,"max_hp_per_floor":[82,82,82,82,82,82,82,82,82,82,82,82,82,82,82,82,82,82,82,82,82,82,82],"card_choices":[{"not_picked":["Force Field","Melter"],"picked":"Coolheaded","floor":1},{"not_picked":["Steam","Compile Driver"],"picked":"Cold Snap","floor":4},{"not_picked":["Steam","Fusion"],"picked":"Streamline","floor":5},{"not_picked":["White Noise","Chaos"],"picked":"Defragment","floor":6},{"not_picked":["Reinforced Body","Biased Cognition"],"picked":"Go for the Eyes","floor":8},{"not_picked":["BootSequence","Turbo"],"picked":"Loop","floor":10},{"not_picked":["Go for the Eyes","Barrage"],"picked":"Ball Lightning","floor":11},{"not_picked":["Tempest","Streamline"],"picked":"Conserve Battery","floor":14},{"not_picked":["Meteor Strike","Reboot"],"picked":"Amplify","floor":16},{"not_picked":["Barrage","Redo"],"picked":"Loop","floor":18},{"not_picked":["Reinforced Body","FTL"],"picked":"Melter","floor":21},{"not_picked":["Recycle","Glacier"],"picked":"Barrage+1","floor":22}],"player_experience":227490,"relics_obtained":[{"floor":6,"key":"Ornamental Fan"},{"floor":8,"key":"Ancient Tea Set"},{"floor":9,"key":"Cables"},{"floor":10,"key":"Pantograph"}],"event_choices":[{"damage_healed":0,"gold_gain":0,"player_choice":"Forge","damage_taken":0,"max_hp_gain":0,"max_hp_loss":0,"event_name":"Accursed Blacksmith","floor":3,"gold_loss":0,"cards_upgraded":["Streamline"]},{"damage_healed":0,"gold_gain":0,"player_choice":"Upgraded","damage_taken":0,"max_hp_gain":0,"max_hp_loss":0,"event_name":"Upgrade Shrine","floor":13,"gold_loss":0,"cards_upgraded":["Defragment"]},{"damage_healed":0,"gold_gain":0,"player_choice":"Read","damage_taken":0,"max_hp_gain":0,"max_hp_loss":0,"event_name":"The Library","floor":20,"gold_loss":0,"cards_obtained":["Lockon"]}],"is_beta":false,"boss_relics":[{"not_picked":["Tiny House","Philosopher\u0027s Stone"],"picked":"Inserter"}],"items_purged_floors":[19],"is_endless":false,"potions_floor_spawned":[1,6,8,11,16,18],"killed_by":"Book of Stabbing","ascension_level":4}