{"gold_per_floor":[110,129,129,129,54,54,89,112,135,160,60,99,99],"floor_reached":13,"playtime":346,"items_purged":["Regret","Strike_B"],"score":144,"play_id":"5023eb38-079e-42db-8341-99bbeacaa7d6","local_time":"20181026155239","is_ascension_mode":true,"campfire_choices":[{"data":"Static Discharge","floor":6,"key":"SMITH"}],"neow_cost":"TEN_PERCENT_HP_LOSS","seed_source_timestamp":238984143960949,"circlet_count":0,"master_deck":["Strike_B","Strike_B","Defend_B","Defend_B","Defend_B","Zap","Dualcast","AscendersBane","Static Discharge+1","Ball Lightning","BootSequence","Core Surge","Steam","Glacier"],"relics":["Cracked Core","Golden Idol","Lantern","Cables","Pen Nib","Gambling Chip"],"potions_floor_usage":[],"damage_taken":[{"damage":2,"enemies":"Jaw Worm","floor":1,"turns":3},{"damage":4,"enemies":"Small Slimes","floor":2,"turns":3},{"damage":25,"enemies":"Lagavulin","floor":7,"turns":6},{"damage":0,"enemies":"2 Louse","floor":8,"turns":2},{"damage":4,"enemies":"Red Slaver","floor":10,"turns":3},{"damage":9,"enemies":"Gremlin Nob","floor":12,"turns":3},{"damage":7,"enemies":"Exordium Wildlife","floor":13,"turns":2}],"seed_played":"2415088807361507243","potions_obtained":[{"floor":1,"key":"SteroidPotion"},{"floor":7,"key":"SteroidPotion"}],"is_trial":false,"path_per_floor":["M","M","?","?","$","R","E","M","T","M","$","E"],"character_chosen":"DEFECT","items_purchased":[],"campfire_rested":0,"item_purchase_floors":[],"current_hp_per_floor":[66,62,45,45,45,45,20,20,20,16,16,7,0],"gold":99,"neow_bonus":"REMOVE_TWO","is_prod":false,"is_daily":false,"chose_seed":false,"campfire_upgraded":1,"win_rate":0,"timestamp":1540536759,"path_taken":["M","M","?","?","$","R","E","M","T","M","$","E","?"],"build_version":"2018-10-25v2","purchased_purges":2,"victory":false,"max_hp_per_floor":[68,68,68,68,68,68,68,68,68,68,68,68,68],"card_choices":[{"not_picked":["Go for the Eyes","Force Field"],"picked":"Static Discharge","floor":1},{"not_picked":["Scrape","Beam Cell"],"picked":"Ball Lightning","floor":2},{"not_picked":["Rebound","Aggregate"],"picked":"BootSequence","floor":7},{"not_picked":["Turbo","Conserve Battery"],"picked":"Core Surge","floor":8},{"not_picked":["Hello World","Stack"],"picked":"Steam","floor":10},{"not_picked":["Multi-Cast","Heatsinks"],"picked":"Glacier","floor":12}],"player_experience":543321,"relics_obtained":[{"floor":7,"key":"Cables"},{"floor":9,"key":"Pen Nib"},{"floor":12,"key":"Gambling Chip"}],"event_choices":[{"damage_healed":0,"gold_gain":0,"player_choice":"Take Damage","damage_taken":17,"relics_obtained":["Golden Idol"],"max_hp_gain":0,"max_hp_loss":0,"event_name":"Golden Idol","floor":3,"gold_loss":0},{"damage_healed":0,"gold_gain":0,"player_choice":"Box","damage_taken":0,"relics_obtained":["Lantern"],"max_hp_gain":0,"max_hp_loss":0,"event_name":"Big Fish","floor":4,"gold_loss":0,"cards_obtained":["Regret"]}],"is_beta":false,"boss_relics":[],"items_purged_floors":[5,11],"is_endless":false,"potions_floor_spawned":[1,7],"killed_by":"Exordium Wildlife","ascension_level":11}