{"gold_per_floor":[11,11,11,26,26,61,61,92,92,125,140,140,154,168,168,287,287,301,319,319,332,332],"floor_reached":22,"playtime":1142,"items_purged":[],"score":247,"play_id":"5cabbdc8-618f-4c3f-aedd-2575d4db92f5","local_time":"20181011123115","is_ascension_mode":true,"campfire_choices":[{"floor":7,"key":"REST"},{"floor":12,"key":"REST"},{"floor":15,"key":"REST"}],"neow_cost":"NO_GOLD","seed_source_timestamp":121260160222214,"circlet_count":0,"master_deck":["Strike_B","Strike_B","Defend_B","Defend_B","Defend_B","Zap","Dualcast","Beam Cell","Fission","Cold Snap","Streamline","Compile Driver","Static Discharge","Sunder","Go for the Eyes","Compile Driver","Melter","Sweeping Beam","Coolheaded","Compile Driver","Hologram+1"],"relics":["Cracked Core","Golden Idol","Bottled Flame","Incense Burner","Bottled Tornado","Vajra","Eternal Feather"],"potions_floor_usage":[6,16,16,16,16,22,22,22],"damage_taken":[{"damage":0,"enemies":"Small Slimes","floor":1,"turns":2},{"damage":5,"enemies":"2 Louse","floor":4,"turns":2},{"damage":14,"enemies":"Lagavulin","floor":6,"turns":6},{"damage":14,"enemies":"Gremlin Nob","floor":8,"turns":3},{"damage":28,"enemies":"Lagavulin","floor":10,"turns":5},{"damage":0,"enemies":"Jaw Worm","floor":11,"turns":1},{"damage":0,"enemies":"2 Fungi Beasts","floor":13,"turns":2},{"damage":11,"enemies":"Looter","floor":14,"turns":2},{"damage":23,"enemies":"The Guardian","floor":16,"turns":7},{"damage":2,"enemies":"2 Thieves","floor":18,"turns":3},{"damage":28,"enemies":"Shell Parasite","floor":19,"turns":5},{"damage":34,"enemies":"Snake Plant","floor":21,"turns":2},{"damage":24,"enemies":"Centurion and Healer","floor":22,"turns":4}],"seed_played":"-6691088612858833794","potions_obtained":[{"floor":1,"key":"Dexterity Potion"},{"floor":10,"key":"LiquidBronze"},{"floor":13,"key":"EntropicBrew"},{"floor":16,"key":"Dexterity Potion"},{"floor":21,"key":"Energy Potion"}],"is_trial":false,"path_per_floor":["M","?","?","M","?","E","R","E","T","E","M","R","M","M","R","B",null,"M","M","?","M"],"character_chosen":"DEFECT","items_purchased":[],"campfire_rested":3,"item_purchase_floors":[],"current_hp_per_floor":[75,80,73,68,48,34,58,44,44,16,16,40,40,29,53,30,80,78,50,50,16,0],"gold":332,"neow_bonus":"TRANSFORM_TWO_CARDS","is_prod":false,"is_daily":false,"chose_seed":false,"campfire_upgraded":0,"win_rate":0,"timestamp":1539275475,"path_taken":["M","?","?","M","?","E","R","E","T","E","?","R","?","M","R","BOSS","M","?","?","?","M"],"build_version":"2018-10-04v2","purchased_purges":0,"victory":false,"max_hp_per_floor":[75,80,80,80,80,80,80,80,80,80,80,80,80,80,80,80,80,80,80,80,80,80],"card_choices":[{"not_picked":["Auto Shields","Turbo"],"picked":"Cold Snap","floor":1},{"not_picked":["Rip and Tear","Loop"],"picked":"Streamline","floor":4},{"not_picked":["Stack","BootSequence"],"picked":"Compile Driver","floor":6},{"not_picked":["Force Field","Auto Shields"],"picked":"Static Discharge","floor":8},{"not_picked":["Coolheaded","Steam Power"],"picked":"Sunder","floor":10},{"not_picked":["Self Repair","Leap"],"picked":"Go for the Eyes","floor":11},{"not_picked":["Leap","Streamline"],"picked":"Compile Driver","floor":13},{"not_picked":["Redo","Storm"],"picked":"Melter","floor":14},{"not_picked":["Steam+1","BootSequence"],"picked":"Sweeping Beam","floor":18},{"not_picked":["Streamline+1","Fusion"],"picked":"Coolheaded","floor":19},{"not_picked":["Compile Driver","Streamline"],"picked":"Hologram+1","floor":21}],"player_experience":249490,"relics_obtained":[{"floor":6,"key":"Bottled Flame"},{"floor":8,"key":"Incense Burner"},{"floor":9,"key":"Bottled Tornado"},{"floor":10,"key":"Vajra"}],"event_choices":[{"event_name":"Big Fish","player_choice":"Donut","floor":2,"damage_taken":0},{"event_name":"Golden Wing","player_choice":"Card Removal","floor":3,"damage_taken":0},{"event_name":"Golden Idol","player_choice":"Take Damage","floor":5,"damage_taken":0},{"event_name":"The Library","player_choice":"Read","floor":20,"damage_taken":0}],"is_beta":false,"boss_relics":[{"not_picked":["Orrery","Ectoplasm"],"picked":"Eternal Feather"}],"items_purged_floors":[],"is_endless":false,"potions_floor_spawned":[1,10,13,16,21],"killed_by":"Centurion and Healer","ascension_level":4}