{"gold_per_floor":[119,139,139,151,151,165,195,209,259,271,335,355,455,196,196,196],"floor_reached":16,"playtime":1222,"items_purged":[],"score":104,"play_id":"5f8b725b-2080-4855-b44d-306a0bde95ac","local_time":"20181229172944","is_ascension_mode":false,"campfire_choices":[{"floor":15,"key":"REST"}],"neow_cost":"TEN_PERCENT_HP_LOSS","seed_source_timestamp":94400430527214,"circlet_count":0,"master_deck":["Strike_R+1","Strike_R","Strike_R","Defend_R","Defend_R+1","Defend_R","Defend_R+1","Bash+1","Headbutt","Armaments","Brutality","Spot Weakness","Intimidate","Rupture","Heavy Blade"],"relics":["Burning Blood","Bag of Marbles","Whetstone","Ornamental Fan","Sundial"],"potions_floor_usage":[11,16,16],"damage_taken":[{"damage":2,"enemies":"2 Louse","floor":1,"turns":5},{"damage":16,"enemies":"Jaw Worm","floor":2,"turns":4},{"damage":2,"enemies":"Cultist","floor":4,"turns":4},{"damage":0,"enemies":"2 Fungi Beasts","floor":6,"turns":4},{"damage":43,"enemies":"Lagavulin","floor":7,"turns":14},{"damage":6,"enemies":"Blue Slaver","floor":8,"turns":4},{"damage":0,"enemies":"Red Slaver","floor":10,"turns":4},{"damage":25,"enemies":"Lagavulin Event","floor":11,"turns":8},{"damage":7,"enemies":"Looter","floor":12,"turns":3},{"damage":59,"enemies":"The Guardian","floor":16,"turns":6}],"seed_played":"-2075377117986002833","potions_obtained":[{"floor":1,"key":"Explosive Potion"},{"floor":6,"key":"Strength Potion"},{"floor":7,"key":"BloodPotion"},{"floor":8,"key":"BloodPotion"}],"is_trial":false,"path_per_floor":["M","M","?","M","?","M","E","M","T","M","?","M","?","$","R","B"],"character_chosen":"IRONCLAD","items_purchased":["Sundial"],"campfire_rested":1,"item_purchase_floors":[14],"current_hp_per_floor":[72,62,48,52,72,72,35,35,35,41,29,28,28,28,49,0],"gold":196,"neow_bonus":"REMOVE_TWO","is_prod":false,"is_daily":false,"chose_seed":false,"campfire_upgraded":0,"win_rate":0.0,"timestamp":1546100984,"path_taken":["M","M","?","M","?","M","E","M","T","?","?","M","?","$","R","BOSS"],"build_version":"2018-12-20","purchased_purges":0,"victory":false,"max_hp_per_floor":[72,72,72,72,72,72,72,72,72,72,72,72,72,72,72,72],"card_choices":[{"not_picked":["Ghostly Armor","Metallicize"],"picked":"Whirlwind","floor":1},{"not_picked":["Sword Boomerang","Perfected Strike"],"picked":"Headbutt","floor":2},{"not_picked":["Uppercut","True Grit"],"picked":"Armaments","floor":4},{"not_picked":["Warcry","Body Slam"],"picked":"Brutality","floor":6},{"not_picked":["Wild Strike","Cleave"],"picked":"Spot Weakness","floor":7},{"not_picked":["Flame Barrier","Cleave","Fire Breathing"],"picked":"SKIP","floor":8},{"not_picked":["Clash","Perfected Strike"],"picked":"Intimidate","floor":10},{"not_picked":["Iron Wave","Twin Strike"],"picked":"Rupture","floor":11},{"not_picked":["Burning Pact","Pommel Strike"],"picked":"Heavy Blade","floor":12}],"player_experience":77107,"relics_obtained":[{"floor":7,"key":"Bag of Marbles"},{"floor":9,"key":"Whetstone"}],"event_choices":[{"damage_healed":0,"gold_gain":0,"player_choice":"Entered Light","damage_taken":14,"max_hp_gain":0,"max_hp_loss":0,"event_name":"Shining Light","floor":3,"gold_loss":0,"cards_upgraded":["Defend_R","Defend_R"]},{"cards_removed":["Whirlwind"],"damage_healed":20,"gold_gain":0,"player_choice":"Offered Uncommon","damage_taken":0,"max_hp_gain":0,"max_hp_loss":0,"event_name":"Bonfire Elementals","floor":5,"gold_loss":0},{"damage_healed":0,"gold_gain":0,"player_choice":"Searched \u00272\u0027 times","damage_taken":0,"relics_obtained":["Ornamental Fan"],"max_hp_gain":0,"max_hp_loss":0,"event_name":"Dead Adventurer","floor":11,"gold_loss":0},{"damage_healed":0,"gold_gain":100,"player_choice":"Pray","damage_taken":0,"max_hp_gain":0,"max_hp_loss":0,"event_name":"Golden Shrine","floor":13,"gold_loss":0}],"is_beta":false,"boss_relics":[],"items_purged_floors":[],"is_endless":false,"potions_floor_spawned":[1,6,7,8],"killed_by":"The Guardian","ascension_level":0}