{"gold_per_floor":[114,114,134,134,151,151,182,182,259,259,259,278,278,311,311,414,414,430,340,354,19,29,29,92,102,102,157,157,168,15,27,27,131,131,146,173,191,202,248,248,277,277,277,277,287,299,299,24,24,24],"floor_reached":50,"playtime":3860,"items_purged":["Strike_B"],"score":600,"play_id":"cf967e2b-6b2e-4a6c-b29c-e7baea498450","local_time":"20181012203043","is_ascension_mode":true,"campfire_choices":[{"data":"Dualcast","floor":6,"key":"SMITH"},{"data":"Zap","floor":8,"key":"SMITH"},{"data":"Ball Lightning","floor":10,"key":"SMITH"},{"floor":13,"key":"REST"},{"floor":15,"key":"REST"},{"floor":23,"key":"REST"},{"data":"Sunder","floor":28,"key":"SMITH"},{"floor":32,"key":"REST"},{"data":"Conserve Battery","floor":40,"key":"SMITH"},{"data":"Defend_B","floor":42,"key":"PURGE"},{"data":"Echo Form","floor":47,"key":"SMITH"},{"data":"Scrape","floor":49,"key":"SMITH"}],"neow_cost":"NONE","seed_source_timestamp":238686695803293,"circlet_count":0,"master_deck":["Strike_B+1","Strike_B+1","Strike_B+1","Defend_B+1","Defend_B","Zap+1","Dualcast+1","Hologram","Auto Shields+1","Chill+1","Ball Lightning+1","Conserve Battery+1","Echo Form+1","Seek+1","Ball Lightning+1","White Noise+1","Biased Cognition","Sunder+1","FTL","Turbo","Biased Cognition","Beam Cell+1","Capacitor+1","Doom and Gloom+1","Ball Lightning","Doubt","Scrape+1"],"relics":["Cracked Core","Whetstone","Bottled Lightning","Happy Flower","Lizard Tail","ClockworkSouvenir","Tiny Chest","War Paint","Anchor","Coffee Dripper","Bronze Scales","Peace Pipe","Dream Catcher","Vajra","Toy Ornithopter"],"potions_floor_usage":[3,5,7,7,7,14,16,24,24,33,39,41,46],"damage_taken":[{"damage":9,"enemies":"2 Louse","floor":1,"turns":2},{"damage":0,"enemies":"Small Slimes","floor":3,"turns":1},{"damage":4,"enemies":"Jaw Worm","floor":5,"turns":3},{"damage":37,"enemies":"Gremlin Nob","floor":7,"turns":5},{"damage":0,"enemies":"Red Slaver","floor":12,"turns":2},{"damage":5,"enemies":"3 Sentries","floor":14,"turns":4},{"damage":12,"enemies":"Slime Boss","floor":16,"turns":10},{"damage":6,"enemies":"Chosen","floor":18,"turns":6},{"damage":22,"enemies":"2 Thieves","floor":20,"turns":3},{"damage":4,"enemies":"Snecko","floor":22,"turns":4},{"damage":3,"enemies":"Gremlin Leader","floor":24,"turns":6},{"damage":19,"enemies":"Shelled Parasite and Fungi","floor":25,"turns":5},{"damage":9,"enemies":"Centurion and Healer","floor":29,"turns":5},{"damage":0,"enemies":"Cultist and Chosen","floor":31,"turns":4},{"damage":24,"enemies":"Champ","floor":33,"turns":6},{"damage":0,"enemies":"3 Shapes","floor":35,"turns":5},{"damage":0,"enemies":"3 Darklings","floor":37,"turns":5},{"damage":8,"enemies":"Sphere and 2 Shapes","floor":38,"turns":5},{"damage":61,"enemies":"Mysterious Sphere","floor":39,"turns":6},{"damage":20,"enemies":"Nemesis","floor":41,"turns":5},{"damage":8,"enemies":"Spire Growth","floor":45,"turns":3},{"damage":1,"enemies":"Transient","floor":46,"turns":5},{"damage":73,"enemies":"Awakened One","floor":50,"turns":6}],"seed_played":"5260266902826571772","potions_obtained":[{"floor":0,"key":"EntropicBrew"},{"floor":0,"key":"Explosive Potion"},{"floor":0,"key":"Explosive Potion"},{"floor":1,"key":"Regen Potion"},{"floor":3,"key":"Swift Potion"},{"floor":7,"key":"Explosive Potion"},{"floor":16,"key":"SteroidPotion"},{"floor":22,"key":"SteroidPotion"},{"floor":29,"key":"SteroidPotion"},{"floor":31,"key":"FearPotion"},{"floor":33,"key":"GamblersBrew"},{"floor":35,"key":"Ancient Potion"}],"is_trial":false,"path_per_floor":["M","?","M","?","M","R","E","R","T","R","?","M","R","E","R","B",null,"M","?","M","$","M","R","E","M","T","T","R","M","$","M","R","B",null,"M","T","M","M","?","R","E","R","T","?","M","M","R","$","R"],"character_chosen":"DEFECT","items_purchased":["Biased Cognition","ClockworkSouvenir","FTL","Scrape","Toy Ornithopter"],"campfire_rested":4,"item_purchase_floors":[21,21,30,48,48],"current_hp_per_floor":[66,71,71,71,67,67,44,44,44,44,28,28,52,47,71,59,80,74,74,52,52,48,72,69,50,50,50,50,41,41,41,65,41,80,80,80,80,72,11,11,36,36,36,80,72,71,71,71,71,0],"gold":24,"neow_bonus":"THREE_SMALL_POTIONS","is_prod":false,"is_daily":false,"chose_seed":false,"campfire_upgraded":7,"win_rate":0,"timestamp":1539390643,"path_taken":["M","?","M","?","M","R","E","R","T","R","?","M","R","E","R","BOSS","M","?","M","$","M","R","E","M","T","?","R","M","?","M","R","BOSS","M","?","?","M","?","R","E","R","T","?","?","M","R","$","R","BOSS"],"build_version":"2018-10-11","purchased_purges":1,"victory":false,"max_hp_per_floor":[75,80,80,80,80,80,80,80,80,80,80,80,80,80,80,80,80,80,80,80,80,80,80,80,80,80,80,80,80,80,80,80,80,80,80,80,80,80,80,80,80,80,80,80,80,80,80,80,80,80],"card_choices":[{"not_picked":["Rebound","Steam"],"picked":"Hologram","floor":1},{"not_picked":["Barrage","Steam Power"],"picked":"Auto Shields","floor":3},{"not_picked":["Go for the Eyes","Rebound"],"picked":"Chill","floor":5},{"not_picked":["Chill","Hologram"],"picked":"Ball Lightning","floor":7},{"not_picked":["Recycle","Lockon"],"picked":"Conserve Battery","floor":12},{"not_picked":["White Noise","Reinforced Body"],"picked":"Echo Form","floor":14},{"not_picked":["Buffer","Fission"],"picked":"Seek","floor":16},{"not_picked":["Force Field","BootSequence+1"],"picked":"Ball Lightning+1","floor":18},{"not_picked":["Compile Driver+1","Fusion"],"picked":"White Noise+1","floor":20},{"not_picked":["Steam Power+1","Barrage","Fusion"],"picked":"SKIP","floor":22},{"not_picked":["Hello World","Storm","Steam Power"],"picked":"SKIP","floor":24},{"not_picked":["Coolheaded+1","Leap"],"picked":"Sunder","floor":25},{"not_picked":["Reprogram","Redo","Barrage"],"picked":"SKIP","floor":29},{"not_picked":["Rebound","Hologram"],"picked":"Turbo","floor":31},{"not_picked":["Core Surge","Reboot"],"picked":"Biased Cognition","floor":33},{"not_picked":["Chill","Turbo","Compile Driver"],"picked":"SKIP","floor":35},{"not_picked":["Turbo","Sunder"],"picked":"Beam Cell+1","floor":37},{"not_picked":["Coolheaded+1","Core Surge"],"picked":"Capacitor+1","floor":38},{"not_picked":["Blizzard+1","Ball Lightning+1"],"picked":"Doom and Gloom+1","floor":39},{"not_picked":["Steam","Leap+1"],"picked":"Ball Lightning","floor":41},{"not_picked":["Steam","Rebound","Double Energy"],"picked":"SKIP","floor":45},{"not_picked":["BootSequence","Seek","Cold Snap+1"],"picked":"SKIP","floor":46}],"player_experience":288970,"relics_obtained":[{"floor":7,"key":"Whetstone"},{"floor":9,"key":"Bottled Lightning"},{"floor":14,"key":"Happy Flower"},{"floor":24,"key":"Tiny Chest"},{"floor":26,"key":"War Paint"},{"floor":27,"key":"Anchor"},{"floor":36,"key":"Bronze Scales"},{"floor":39,"key":"Peace Pipe"},{"floor":41,"key":"Dream Catcher"},{"floor":43,"key":"Vajra"}],"event_choices":[{"event_name":"Big Fish","player_choice":"Donut","floor":2,"damage_taken":0},{"event_name":"The Woman in Blue","player_choice":"Bought 0 Potions","floor":4,"damage_taken":0},{"event_name":"Shining Light","player_choice":"Entered Light","floor":11,"damage_taken":0},{"event_name":"Designer","player_choice":"Full Service","floor":19,"damage_taken":0},{"event_name":"Mysterious Sphere","player_choice":"Fight","floor":39,"damage_taken":0},{"event_name":"MindBloom","player_choice":"Heal","floor":44,"damage_taken":0}],"is_beta":false,"boss_relics":[{"not_picked":["Tiny House","Black Star"],"picked":"Lizard Tail"},{"not_picked":["Runic Pyramid","FrozenCore"],"picked":"Coffee Dripper"}],"items_purged_floors":[30],"is_endless":false,"potions_floor_spawned":[1,3,7,16,22,29,31,33,35,37,38],"killed_by":"Awakened One","ascension_level":4}