{"gold_per_floor":[116,116,136,151,170,170,41,41,41,41,58,86,97,97,97,174,174,193,211,211,211,46,46,77,77,128,145,45,45,74,90,90,168,168,184,184,200,200,300,300,330,349,349,365,365,392,392,407,407,407,407],"floor_reached":52,"playtime":4829,"items_purged":["Strike_G","Strike_G"],"score":1875,"play_id":"e1e2d8d7-c2b2-413a-95f5-9e4524a220cb","local_time":"20190130203806","is_ascension_mode":true,"campfire_choices":[{"data":"Neutralize","floor":6.0,"key":"SMITH"},{"floor":8.0,"key":"REST"},{"floor":10.0,"key":"REST"},{"data":"Footwork","floor":15.0,"key":"SMITH"},{"data":"Caltrops","floor":23.0,"key":"SMITH"},{"floor":25.0,"key":"REST"},{"floor":29.0,"key":"REST"},{"floor":32.0,"key":"REST"},{"data":"Well Laid Plans","floor":40,"key":"SMITH"},{"floor":45,"key":"REST"},{"data":"Leg Sweep","floor":47,"key":"SMITH"},{"data":"Sucker Punch","floor":49,"key":"SMITH"}],"neow_cost":"NONE","seed_source_timestamp":441206163631500,"circlet_count":0,"master_deck":["AscendersBane","Defend_G","Defend_G","Defend_G","Defend_G","Defend_G","Strike_G","Strike_G","Strike_G","Survivor+1","Neutralize+1","Backflip+1","Underhanded Strike","Sucker Punch","Footwork+1","All Out Attack","Quick Slash","Caltrops+1","Backflip","Dagger Throw","Well Laid Plans+1","Backflip","Footwork+1","PiercingWail","Terror","Glass Knife","Dagger Spray+1","Leg Sweep+1","Sucker Punch+1","Backflip+1","Corpse Explosion+1"],"special_seed":0,"relics":["Black Star","Bottled Flame","Omamori","Strawberry","Velvet Choker","Frozen Egg 2","Kunai","War Paint","Letter Opener","Juzu Bracelet","Eternal Feather","Torii","StoneCalendar","Paper Crane","Centennial Puzzle","Toxic Egg 2","Meat on the Bone","Pen Nib"],"potions_floor_usage":[41,46],"damage_taken":[{"damage":11.0,"enemies":"Cultist","floor":1.0,"turns":6.0},{"damage":0.0,"enemies":"2 Louse","floor":3.0,"turns":4.0},{"damage":7.0,"enemies":"Small Slimes","floor":4.0,"turns":4.0},{"damage":40.0,"enemies":"Exordium Thugs","floor":5.0,"turns":10.0},{"damage":1.0,"enemies":"Red Slaver","floor":11.0,"turns":6.0},{"damage":23.0,"enemies":"3 Sentries","floor":12.0,"turns":7.0},{"damage":0.0,"enemies":"2 Fungi Beasts","floor":13.0,"turns":4.0},{"damage":42.0,"enemies":"The Guardian","floor":16.0,"turns":16.0},{"damage":11.0,"enemies":"Shell Parasite","floor":18.0,"turns":7.0},{"damage":9.0,"enemies":"Chosen","floor":19.0,"turns":7.0},{"damage":52.0,"enemies":"Gremlin Leader","floor":24.0,"turns":10.0},{"damage":0.0,"enemies":"Centurion and Healer","floor":27.0,"turns":9.0},{"damage":17.0,"enemies":"Book of Stabbing","floor":30.0,"turns":5.0},{"damage":11.0,"enemies":"Cultist and Chosen","floor":31.0,"turns":10.0},{"damage":26,"enemies":"Champ","floor":33,"turns":28},{"damage":6,"enemies":"3 Darklings","floor":35,"turns":7},{"damage":9,"enemies":"Orb Walker","floor":37,"turns":5},{"damage":1,"enemies":"Mind Bloom Boss Battle","floor":39,"turns":6},{"damage":33,"enemies":"Reptomancer","floor":41,"turns":9},{"damage":9,"enemies":"Sphere and 2 Shapes","floor":42,"turns":7},{"damage":0,"enemies":"Maw","floor":44,"turns":10},{"damage":2,"enemies":"Giant Head","floor":46,"turns":17},{"damage":0,"enemies":"4 Shapes","floor":48,"turns":7},{"damage":59,"enemies":"Donu and Deca","floor":50,"turns":15},{"damage":29,"enemies":"Awakened One","floor":51,"turns":43}],"seed_played":"-8528190559861576452","potions_obtained":[{"floor":1.0,"key":"SpeedPotion"},{"floor":2.0,"key":"GamblersBrew"},{"floor":4.0,"key":"GhostInAJar"},{"floor":12.0,"key":"GamblersBrew"},{"floor":19.0,"key":"Dexterity Potion"},{"floor":24.0,"key":"EssenceOfSteel"},{"floor":27.0,"key":"AttackPotion"},{"floor":31.0,"key":"Fruit Juice"},{"floor":35,"key":"Swift Potion"},{"floor":42,"key":"SteroidPotion"},{"floor":46,"key":"GhostInAJar"}],"is_trial":false,"path_per_floor":["M","?","M","M","M","R","$","R","T","R","M","E","M","?","R","B",null,"M","M","$","?","$","R","E","R","T","M","$","R","E","M","R","B",null,"M","?","M","?","?","R","E","M","T","M","R","E","R","M","R","B","B",null],"character_chosen":"THE_SILENT","items_purchased":["Poisoned Stab","All Out Attack","Well Laid Plans","Backflip"],"campfire_rested":6,"item_purchase_floors":[7,7,22,22],"current_hp_per_floor":[48,48,48,41,1,1,1,20,20,39,38,22,22,46,46,4,56,45,36,36,83,83,83,31,55,55,55,55,79,62,51,82,56,80,74,74,65,65,64,79,46,37,37,37,80,78,84,84,84,37,20],"gold":407,"neow_bonus":"BOSS_RELIC","is_prod":false,"is_daily":false,"chose_seed":false,"campfire_upgraded":6,"win_rate":0,"timestamp":1548898686,"path_taken":["M","?","M","M","M","R","$","R","T","R","?","E","M","?","R","BOSS","M","M","$","?","$","R","E","R","T","M","?","R","E","M","R","BOSS","M","?","M","?","?","R","E","M","T","M","R","E","R","M","R","BOSS","BOSS"],"build_version":"2019-01-23","purchased_purges":2,"victory":true,"max_hp_per_floor":[66,66,66,66,66,66,66,66,66,66,66,73,73,73,73,73,73,73,73,73,83,83,83,83,83,83,83,83,83,83,83,88,88,88,88,88,88,84,84,84,84,84,84,84,84,84,84,84,84,84,84],"card_choices":[{"not_picked":["Eviscerate","Prepared"],"picked":"Backflip","floor":1.0},{"not_picked":["Acrobatics","Eviscerate"],"picked":"Underhanded Strike","floor":3.0},{"not_picked":["Caltrops","Slice"],"picked":"Sucker Punch","floor":4.0},{"not_picked":["Slice","Blade Dance"],"picked":"Footwork","floor":5.0},{"not_picked":["Finisher","Backstab"],"picked":"Quick Slash","floor":11.0},{"not_picked":["Accuracy","Quick Slash"],"picked":"Caltrops","floor":12.0},{"not_picked":["Riddle With Holes","Sucker Punch","Dagger Spray"],"picked":"SKIP","floor":13.0},{"not_picked":["Grand Finale","Storm of Steel"],"picked":"Wraith Form v2","floor":16.0},{"not_picked":["Deadly Poison","Blur"],"picked":"Backflip","floor":18.0},{"not_picked":["Choke","Finisher+1"],"picked":"Dagger Throw","floor":19.0},{"not_picked":["Underhanded Strike+1","Slice"],"picked":"Footwork","floor":24.0},{"not_picked":["Outmaneuver+1","Tactician"],"picked":"PiercingWail","floor":27.0},{"not_picked":["Blade Dance","Quick Slash","Choke"],"picked":"SKIP","floor":30.0},{"not_picked":["Dagger Spray","All Out Attack"],"picked":"Terror","floor":31.0},{"not_picked":["Bullet Time","Venomology"],"picked":"Glass Knife","floor":33},{"not_picked":["Quick Slash","Endless Agony"],"picked":"Dagger Spray+1","floor":35},{"not_picked":["Flying Knee+1","Underhanded Strike","Slice"],"picked":"SKIP","floor":37},{"not_picked":["All Out Attack+1","Glass Knife"],"picked":"Leg Sweep","floor":41},{"not_picked":["Prepared","Finisher"],"picked":"Sucker Punch","floor":42},{"not_picked":["Deflect+1","Quick Slash+1"],"picked":"Backflip+1","floor":44},{"not_picked":["Sucker Punch","Flying Knee","Deflect+1"],"picked":"SKIP","floor":46},{"not_picked":["Underhanded Strike","Outmaneuver+1"],"picked":"Corpse Explosion+1","floor":48}],"player_experience":1978419,"relics_obtained":[{"floor":9.0,"key":"Bottled Flame"},{"floor":12.0,"key":"Omamori"},{"floor":12.0,"key":"Strawberry"},{"floor":24.0,"key":"Frozen Egg 2"},{"floor":24.0,"key":"Kunai"},{"floor":26.0,"key":"War Paint"},{"floor":30.0,"key":"Letter Opener"},{"floor":30.0,"key":"Juzu Bracelet"},{"floor":39,"key":"StoneCalendar"},{"floor":41,"key":"Paper Crane"},{"floor":41,"key":"Centennial Puzzle"},{"floor":43,"key":"Toxic Egg 2"},{"floor":46,"key":"Meat on the Bone"},{"floor":46,"key":"Pen Nib"}],"event_choices":[{"damage_healed":0.0,"max_hp_gain":0.0,"max_hp_loss":0.0,"gold_gain":0.0,"event_name":"Lab","player_choice":"Got Potions","floor":2.0,"gold_loss":0.0,"damage_taken":0.0},{"damage_healed":24.0,"max_hp_gain":0.0,"max_hp_loss":0.0,"gold_gain":0.0,"event_name":"Big Fish","player_choice":"Banana","floor":14.0,"gold_loss":0.0,"damage_taken":0.0},{"cards_removed":["Wraith Form v2"],"damage_healed":37.0,"max_hp_gain":10.0,"max_hp_loss":0.0,"gold_gain":0.0,"event_name":"Bonfire Elementals","player_choice":"Offered Rare","floor":21.0,"gold_loss":0.0,"damage_taken":0.0},{"cards_removed":["Poisoned Stab"],"damage_healed":0,"gold_gain":0,"player_choice":"Gave Card","damage_taken":0,"relics_obtained":["Torii"],"max_hp_gain":0,"max_hp_loss":0,"event_name":"WeMeetAgain","floor":36,"gold_loss":0},{"damage_healed":0,"gold_gain":0,"player_choice":"Max HP","damage_taken":0,"max_hp_gain":0,"max_hp_loss":4,"event_name":"Winding Halls","floor":38,"gold_loss":0},{"damage_healed":0,"gold_gain":0,"player_choice":"Fight","damage_taken":0,"max_hp_gain":0,"max_hp_loss":0,"event_name":"MindBloom","floor":39,"gold_loss":0}],"is_beta":true,"boss_relics":[{"not_picked":["Orrery","Busted Crown"],"picked":"Velvet Choker"},{"not_picked":["HoveringKite","Runic Dome"],"picked":"Eternal Feather"}],"items_purged_floors":[22,28],"is_endless":false,"potions_floor_spawned":[1,4,12,19,24,27,31,35,37,42,46,48],"ascension_level":20}