{"gold_per_floor":[12,12,23,36,59,92,108,134,157,491,591,437,337,356,356,456,456,474,492,521,521,621,621,621],"floor_reached":24,"playtime":1396,"items_purged":["Regret","Strike_R"],"score":214,"play_id":"6bc6418b-0330-486f-ad9f-afe1a07fd8b3","local_time":"20180928150708","is_ascension_mode":false,"campfire_choices":[{"data":"Inflame","floor":15,"key":"SMITH"},{"floor":23,"key":"REST"}],"neow_cost":"NO_GOLD","seed_source_timestamp":4136622060509,"circlet_count":0,"master_deck":["Strike_R","Defend_R","Defend_R","Defend_R+1","Defend_R+1","Bash","Barricade","Shrug It Off","Infernal Blade","Iron Wave","Twin Strike","Headbutt","Flame Barrier","Immolate","Inflame+1","Twin Strike","Demon Form","Rage+1","Combust+1","Exhume+1","Shrug It Off","Twin Strike+1","Rage"],"relics":["Burning Blood","Magic Flower","Boot","War Paint","Strawberry","Vajra","Old Coin","Astrolabe","Red Mask"],"potions_floor_usage":[16,20,20],"damage_taken":[{"damage":1,"enemies":"2 Louse","floor":1,"turns":3},{"damage":10,"enemies":"Small Slimes","floor":3,"turns":6},{"damage":11,"enemies":"Jaw Worm","floor":4,"turns":6},{"damage":20,"enemies":"Gremlin Nob","floor":6,"turns":5},{"damage":0,"enemies":"3 Louse","floor":7,"turns":2},{"damage":29,"enemies":"3 Sentries","floor":8,"turns":8},{"damage":15,"enemies":"Lagavulin","floor":10,"turns":10},{"damage":1,"enemies":"Exordium Thugs","floor":14,"turns":6},{"damage":55,"enemies":"Hexaghost","floor":16,"turns":12},{"damage":2,"enemies":"3 Byrds","floor":18,"turns":2},{"damage":46,"enemies":"Chosen","floor":19,"turns":7},{"damage":53,"enemies":"Masked Bandits","floor":20,"turns":5},{"damage":44,"enemies":"Centurion and Healer","floor":24,"turns":5}],"seed_played":"4120471480819616033","potions_obtained":[{"floor":6,"key":"PowerPotion"},{"floor":7,"key":"BloodPotion"},{"floor":8,"key":"AttackPotion"},{"floor":19,"key":"SkillPotion"}],"is_trial":false,"path_per_floor":["M","?","M","M","T","E","M","E","T","E","?","$","$","M","R","B",null,"M","M","?","?","?","R"],"character_chosen":"IRONCLAD","items_purchased":["Inflame"],"campfire_rested":1,"item_purchase_floors":[12],"current_hp_per_floor":[80,80,79,77,77,66,75,62,62,56,56,56,56,64,64,18,87,87,50,18,18,18,44,0],"gold":621,"neow_bonus":"THREE_RARE_CARDS","is_prod":false,"is_daily":false,"chose_seed":false,"campfire_upgraded":1,"win_rate":0,"timestamp":1538114828,"path_taken":["M","?","M","M","?","E","M","E","T","E","?","?","$","M","R","BOSS","M","M","?","?","?","R","M"],"build_version":"2018-09-26v2","purchased_purges":2,"victory":false,"max_hp_per_floor":[80,80,80,80,80,80,80,87,87,87,87,87,87,87,87,87,87,87,87,87,87,87,87,87],"card_choices":[{"not_picked":["Berserk","Bludgeon"],"picked":"Barricade","floor":0},{"not_picked":["Wild Strike","Clothesline"],"picked":"Shrug It Off","floor":1},{"not_picked":["Power Through","Wild Strike"],"picked":"Infernal Blade","floor":3},{"not_picked":["Infernal Blade","Sword Boomerang"],"picked":"Iron Wave","floor":4},{"not_picked":["Heavy Blade","Clash"],"picked":"Twin Strike","floor":6},{"not_picked":["Rupture","Thunderclap"],"picked":"Headbutt","floor":7},{"not_picked":["Heavy Blade","Iron Wave"],"picked":"Flame Barrier","floor":8},{"not_picked":["Warcry","Cleave"],"picked":"Immolate","floor":10},{"not_picked":["Thunderclap","Body Slam"],"picked":"Twin Strike","floor":14},{"not_picked":["Barricade","Reaper"],"picked":"Demon Form","floor":16},{"not_picked":["Havoc","Headbutt"],"picked":"Shrug It Off","floor":18},{"not_picked":["True Grit+1","Burning Pact"],"picked":"Twin Strike+1","floor":19},{"not_picked":["Twin Strike","Clash+1"],"picked":"Rage","floor":20}],"player_experience":456055,"relics_obtained":[{"floor":5,"key":"Boot"},{"floor":6,"key":"War Paint"},{"floor":8,"key":"Strawberry"},{"floor":9,"key":"Vajra"},{"floor":10,"key":"Old Coin"},{"floor":20,"key":"Red Mask"}],"event_choices":[{"event_name":"Big Fish","player_choice":"Box","floor":2,"damage_taken":0},{"event_name":"Golden Shrine","player_choice":"Pray","floor":11,"damage_taken":0},{"event_name":"Masked Bandits","player_choice":"Fought Bandits","floor":20,"damage_taken":0},{"event_name":"Cursed Tome","player_choice":"Ignored","floor":21,"damage_taken":0},{"event_name":"Golden Shrine","player_choice":"Pray","floor":22,"damage_taken":0}],"is_beta":true,"boss_relics":[{"not_picked":["Runic Cube","White Beast Statue"],"picked":"Astrolabe"}],"items_purged_floors":[12,13],"is_endless":false,"potions_floor_spawned":[6,7,8,14,19],"killed_by":"Centurion and Healer","ascension_level":0}