{"gold_per_floor":[111,129,149,169,180,180,212,212,212,212,137,156,172,190,190,292,292,308,29,0,0,14,14,14,14,14,43,43,61,161,186,186,284,284,303,303,323,323,343,343,353,373,373,373,389,406,406,417,417,417],"floor_reached":51,"playtime":3247,"items_purged":["Strike_B"],"score":968,"play_id":"ac6b9080-5881-432a-8076-0bebbe7df8b9","local_time":"20180921193122","is_ascension_mode":true,"campfire_choices":[{"data":"Zap","floor":6,"key":"SMITH"},{"data":"Biased Cognition","floor":8,"key":"SMITH"},{"data":"Barrage","floor":15,"key":"SMITH"},{"data":"Defragment","floor":23,"key":"SMITH"},{"data":"Biased Cognition","floor":28,"key":"SMITH"},{"floor":32,"key":"REST"},{"data":"Chill","floor":40,"key":"SMITH"},{"data":"Creative AI","floor":44,"key":"SMITH"},{"data":"Go for the Eyes","floor":49,"key":"SMITH"}],"neow_cost":"NONE","seed_source_timestamp":6359659143562,"circlet_count":0,"master_deck":["Strike_B","Strike_B","Defend_B","Defend_B","Defend_B","Zap+1","Dualcast","Biased Cognition+1","Chill+1","Aggregate","FTL","Barrage+1","Self Repair","Darkness","Core Surge","Turbo","Self Repair","Biased Cognition+1","Core Surge","Barrage+1","Defragment+1","Core Surge","BootSequence","Glacier","FTL","Barrage","Creative AI+1","Self Repair","Core Surge","Beam Cell","Cold Snap+1","Barrage+1","Chill+1","Barrage+1","Go for the Eyes+1","Madness","Madness","Core Surge"],"relics":["Cracked Core","Centennial Puzzle","Ornamental Fan","Eternal Feather","DollysMirror","Strawberry","Regal Pillow","Calipers","Meat on the Bone","Gambling Chip","Lizard Tail","WingedGreaves"],"potions_floor_usage":[48,48,50],"damage_taken":[{"damage":1,"enemies":"Cultist","floor":1,"turns":3},{"damage":4,"enemies":"Small Slimes","floor":2,"turns":2},{"damage":7,"enemies":"Jaw Worm","floor":3,"turns":3},{"damage":1,"enemies":"Large Slime","floor":4,"turns":5},{"damage":3,"enemies":"Blue Slaver","floor":5,"turns":4},{"damage":9,"enemies":"3 Sentries","floor":7,"turns":7},{"damage":6,"enemies":"Exordium Wildlife","floor":12,"turns":4},{"damage":1,"enemies":"Exordium Thugs","floor":13,"turns":4},{"damage":0,"enemies":"Large Slime","floor":14,"turns":4},{"damage":9,"enemies":"The Guardian","floor":16,"turns":7},{"damage":21,"enemies":"Shell Parasite","floor":18,"turns":4},{"damage":12,"enemies":"Chosen","floor":22,"turns":4},{"damage":12,"enemies":"Book of Stabbing","floor":27,"turns":6},{"damage":26,"enemies":"3 Cultists","floor":29,"turns":6},{"damage":30,"enemies":"Colosseum Slavers","floor":30,"turns":4},{"damage":32,"enemies":"Colosseum Nobs","floor":30,"turns":6},{"damage":25,"enemies":"Slavers","floor":31,"turns":6},{"damage":27,"enemies":"Champ","floor":33,"turns":13},{"damage":1,"enemies":"3 Shapes","floor":35,"turns":5},{"damage":22,"enemies":"3 Darklings","floor":37,"turns":9},{"damage":60,"enemies":"Transient","floor":39,"turns":5},{"damage":6,"enemies":"Reptomancer","floor":41,"turns":11},{"damage":7,"enemies":"Maw","floor":42,"turns":9},{"damage":21,"enemies":"Jaw Worm Horde","floor":45,"turns":10},{"damage":34,"enemies":"3 Darklings","floor":46,"turns":7},{"damage":96,"enemies":"Transient","floor":48,"turns":5},{"damage":45,"enemies":"Awakened One","floor":50,"turns":15}],"seed_played":"6402472414722869308","potions_obtained":[{"floor":1,"key":"AttackPotion"},{"floor":4,"key":"Explosive Potion"},{"floor":7,"key":"LiquidBronze"},{"floor":37,"key":"FocusPotion"}],"is_trial":false,"path_per_floor":["M","M","M","M","M","R","E","R","T","?","$","M","M","M","R","B",null,"M","$","?","?","M","R","$","?","T","E","R","M","?","E","R","B",null,"M","?","M","?","M","R","M","M","T","R","M","M","?","M","R","B"],"character_chosen":"DEFECT","items_purchased":["Defragment","DollysMirror"],"campfire_rested":1,"item_purchase_floors":[19,19],"current_hp_per_floor":[67,63,56,55,52,52,43,43,43,43,43,44,50,64,64,69,74,67,67,67,67,62,75,75,75,82,82,82,63,29,16,73,67,78,82,82,81,81,47,65,80,82,82,82,75,67,57,67,82,77],"gold":417,"neow_bonus":"ONE_RANDOM_RARE_CARD","is_prod":false,"is_daily":false,"chose_seed":false,"campfire_upgraded":8,"win_rate":0,"timestamp":1537525882,"path_taken":["M","M","M","?","?","R","E","R","T","?","$","M","M","?","R","BOSS","M","$","?","?","M","R","$","?","T","E","R","?","?","E","R","BOSS","M","?","?","?","M","R","M","M","T","R","M","?","?","M","R","BOSS"],"build_version":"2018-09-20","purchased_purges":1,"victory":true,"max_hp_per_floor":[75,75,75,75,75,75,75,75,75,75,75,75,75,75,75,75,75,75,75,75,75,75,75,75,75,82,82,82,82,82,82,82,82,82,82,82,82,82,82,82,82,82,82,82,82,82,82,82,82,82],"card_choices":[{"not_picked":["Double Energy","Leap"],"picked":"Chill","floor":1},{"not_picked":["Rip and Tear","Doom and Gloom"],"picked":"Aggregate","floor":2},{"not_picked":["Stack","Chill"],"picked":"FTL","floor":3},{"not_picked":["Reinforced Body","Storm"],"picked":"Barrage","floor":4},{"not_picked":["Cold Snap","Sweeping Beam","Streamline"],"picked":"SKIP","floor":5},{"not_picked":["Compile Driver","Sweeping Beam"],"picked":"Self Repair","floor":7},{"not_picked":["Tempest","Reprogram"],"picked":"Turbo","floor":12},{"not_picked":["Double Energy","Chill"],"picked":"Self Repair","floor":13},{"not_picked":["Coolheaded","Steam"],"picked":"Biased Cognition","floor":14},{"not_picked":["Creative AI","Amplify"],"picked":"Core Surge","floor":16},{"not_picked":["Cold Snap","Coolheaded+1"],"picked":"Barrage+1","floor":18},{"not_picked":["Barrage","Storm"],"picked":"BootSequence","floor":22},{"not_picked":["Compile Driver+1","All For One"],"picked":"FTL","floor":27},{"not_picked":["Undo","Leap+1"],"picked":"Barrage","floor":29},{"not_picked":["Leap+1","Sunder"],"picked":"Creative AI","floor":30},{"not_picked":["Steam+1","Cold Snap"],"picked":"Self Repair","floor":31},{"not_picked":["Electrodynamics","Rainbow"],"picked":"Core Surge","floor":33},{"not_picked":["Consume","Rebound"],"picked":"Beam Cell","floor":35},{"not_picked":["Storm","Beam Cell","Streamline+1"],"picked":"SKIP","floor":37},{"not_picked":["Rebound+1","Beam Cell+1"],"picked":"Cold Snap+1","floor":39},{"not_picked":["Compile Driver","Beam Cell"],"picked":"Barrage+1","floor":41},{"not_picked":["Fusion","Leap"],"picked":"Chill+1","floor":42},{"not_picked":["Sweeping Beam","Streamline+1"],"picked":"Barrage+1","floor":45},{"not_picked":["Leap+1","Steam"],"picked":"Go for the Eyes","floor":46},{"not_picked":["Barrage","Hello World"],"picked":"Core Surge","floor":48}],"player_experience":443531,"relics_obtained":[{"floor":7,"key":"Centennial Puzzle"},{"floor":9,"key":"Ornamental Fan"},{"floor":26,"key":"Strawberry"},{"floor":27,"key":"Regal Pillow"},{"floor":30,"key":"Calipers"},{"floor":30,"key":"Meat on the Bone"},{"floor":31,"key":"Gambling Chip"},{"floor":43,"key":"WingedGreaves"}],"event_choices":[{"event_name":"Match and Keep!","player_choice":"2 cards matched","floor":10,"damage_taken":0},{"event_name":"Masked Bandits","player_choice":"Paid Fearfully","floor":20,"damage_taken":0},{"event_name":"Ghosts","player_choice":"Ignored","floor":21,"damage_taken":0},{"event_name":"The Library","player_choice":"Read","floor":25,"damage_taken":0},{"event_name":"Colosseum","player_choice":"Fight","floor":30,"damage_taken":0},{"event_name":"Colosseum","player_choice":"Fought Nobs","floor":30,"damage_taken":0},{"event_name":"Falling","player_choice":"Removed Skill","floor":36,"damage_taken":0},{"event_name":"Bonfire Elementals","player_choice":"BASIC","floor":38,"damage_taken":0},{"event_name":"Winding Halls","player_choice":"Embrace Madness","floor":47,"damage_taken":0}],"is_beta":true,"boss_relics":[{"not_picked":["Runic Pyramid","Calling Bell"],"picked":"Eternal Feather"},{"not_picked":["White Beast Statue","Orrery"],"picked":"Lizard Tail"}],"items_purged_floors":[11],"is_endless":false,"potions_floor_spawned":[1,4,7,13,30,30,37,39,41,42,46],"ascension_level":7}