{"gold_per_floor":[116,130,149,162,6,6,34,34,58,73,93,18,29,43,43,118,118],"floor_reached":17,"playtime":787,"items_purged":["Strike_R"],"score":322,"play_id":"533f54b0-e646-456c-9935-b52ee3cd7718","local_time":"20190209134720","is_ascension_mode":true,"campfire_choices":[{"data":"Bash","floor":6,"key":"SMITH"},{"data":"Clothesline","floor":8,"key":"SMITH"},{"floor":15,"key":"REST"}],"neow_cost":"PERCENT_DAMAGE","seed_source_timestamp":0,"circlet_count":0,"master_deck":["AscendersBane","Strike_R","Strike_R","Strike_R","Strike_R","Defend_R","Defend_R","Defend_R","Defend_R","Bash+1","Cleave","Spot Weakness","Battle Trance","Clothesline+1","Pommel Strike","Ghostly Armor","Shrug It Off","Shrug It Off","Anger","Heavy Blade","Barricade"],"special_seed":0,"relics":["Burning Blood","Gambling Chip","Ancient Tea Set","Bronze Scales","Busted Crown"],"potions_floor_usage":[],"damage_taken":[{"damage":7.0,"enemies":"Cultist","floor":1.0,"turns":4.0},{"damage":17,"enemies":"Small Slimes","floor":2,"turns":4},{"damage":7,"enemies":"Jaw Worm","floor":3,"turns":4},{"damage":5,"enemies":"2 Fungi Beasts","floor":4,"turns":3},{"damage":25,"enemies":"3 Sentries","floor":7,"turns":5},{"damage":0,"enemies":"Lots of Slimes","floor":10,"turns":1},{"damage":12,"enemies":"Large Slime","floor":11,"turns":6},{"damage":13,"enemies":"Exordium Thugs","floor":13,"turns":6},{"damage":7,"enemies":"Exordium Wildlife","floor":14,"turns":6},{"damage":19,"enemies":"Hexaghost","floor":16,"turns":9}],"seed_played":"1651116735803163536","potions_obtained":[{"floor":4,"key":"SteroidPotion"},{"floor":10,"key":"SteroidPotion"}],"is_trial":false,"path_per_floor":["M","M","M","M","$","R","E","R","T","M","M","$","M","M","R","B",null],"character_chosen":"IRONCLAD","items_purchased":["Pommel Strike","Ghostly Armor","Shrug It Off"],"campfire_rested":1,"item_purchase_floors":[5,5,5],"current_hp_per_floor":[49,38,37,38,38,38,19,19,19,25,19,19,12,11,33,20,20],"gold":118,"neow_bonus":"ONE_RARE_RELIC","is_prod":false,"is_daily":false,"chose_seed":false,"campfire_upgraded":2,"win_rate":0,"timestamp":1549716440,"path_taken":["M","M","M","?","$","R","E","R","T","M","M","$","M","M","R","BOSS"],"build_version":"2019-01-23","purchased_purges":1,"victory":false,"max_hp_per_floor":[75,75,75,75,75,75,75,75,75,75,75,75,75,75,75,75,75],"card_choices":[{"not_picked":["Sword Boomerang","Entrench"],"picked":"Cleave","floor":1},{"not_picked":["Body Slam","Ghostly Armor"],"picked":"Spot Weakness","floor":2},{"not_picked":["Blood for Blood","Thunderclap"],"picked":"Battle Trance","floor":3},{"not_picked":["Inflame","Hemokinesis"],"picked":"Clothesline","floor":4},{"not_picked":["Perfected Strike","Wild Strike","Clothesline"],"picked":"SKIP","floor":7},{"not_picked":["Clash","Havoc"],"picked":"Shrug It Off","floor":10},{"not_picked":["Entrench","Warcry","Flex"],"picked":"SKIP","floor":11},{"not_picked":["Carnage","Body Slam"],"picked":"Anger","floor":13},{"not_picked":["Havoc","Sever Soul"],"picked":"Heavy Blade","floor":14},{"not_picked":["Bludgeon","Immolate"],"picked":"Barricade","floor":16}],"player_experience":650109,"relics_obtained":[{"floor":7,"key":"Ancient Tea Set"},{"floor":9,"key":"Bronze Scales"}],"event_choices":[],"is_beta":false,"boss_relics":[{"not_picked":["Lizard Tail","Black Star"],"picked":"Busted Crown"}],"items_purged_floors":[12],"is_endless":false,"potions_floor_spawned":[4,10,11,13],"ascension_level":20}