{"gold_per_floor":[118,118,135,135,156,156,180,180,180,180,228,267,168,181,181,301,301,322,155,168,181,181,181,181,181,181,201,201,201,212,223,223,320,320,335,349,367,382,382,382,395,395,395,413,425,778,778,795,795,795],"floor_reached":51,"playtime":2937,"items_purged":["Strike_B","Defend_B"],"score":776,"play_id":"b200bbfb-559b-4c5e-81c2-a42107e6af11","local_time":"20180629160544","daily_mods":["Heirloom","Specialized","Vintage"],"is_ascension_mode":false,"campfire_choices":[{"data":"Buffer","floor":6,"key":"SMITH"},{"data":"Buffer","floor":8,"key":"SMITH"},{"data":"Buffer","floor":15,"key":"SMITH"},{"data":"Buffer","floor":23,"key":"SMITH"},{"data":"Buffer","floor":25,"key":"SMITH"},{"data":"Static Discharge","floor":28,"key":"SMITH"},{"data":"Capacitor","floor":32,"key":"SMITH"},{"data":"1","floor":40,"key":"LIFT"},{"data":"2","floor":42,"key":"LIFT"},{"data":"Electrodynamics","floor":49,"key":"SMITH"}],"neow_cost":"","seed_source_timestamp":0,"circlet_count":0,"master_deck":["Strike_B+1","Zap+1","Dualcast+1","Buffer+1","Buffer+1","Buffer+1","Buffer+1","Buffer+1","Hello World","Coolheaded+1","Electrodynamics+1","Recycle+1","Static Discharge+1","Glacier+1","Ball Lightning+1","Consume+1","Capacitor+1","Fission+1","Madness+1","Madness+1","Redo+1"],"relics":["Cracked Core","Peace Pipe","Toxic Egg 2","Whetstone","Bloody Idol","Unceasing Top","Juzu Bracelet","Kunai","Bag of Preparation","Darkstone Periapt","Orichalcum","Molten Egg 2","Orrery","Art of War","Pen Nib","Du-Vu Doll","Pear","Girya","War Paint","Pantograph","Vajra","Sozu","Potion Belt","Thread and Needle","Meat on the Bone","Omamori","Dodecahedron","Bottled Flame","Question Card","Boot","Old Coin","Regal Pillow"],"potions_floor_usage":[33,33,33],"damage_taken":[{"damage":0,"enemies":"2 Louse","floor":1,"turns":2},{"damage":0,"enemies":"Cultist","floor":3,"turns":4},{"damage":2,"enemies":"Jaw Worm","floor":5,"turns":3},{"damage":22,"enemies":"3 Sentries","floor":12,"turns":10},{"damage":0,"enemies":"Looter","floor":14,"turns":4},{"damage":30,"enemies":"Hexaghost","floor":16,"turns":17},{"damage":5,"enemies":"3 Byrds","floor":18,"turns":2},{"damage":10,"enemies":"2 Thieves","floor":20,"turns":4},{"damage":10,"enemies":"Snake Plant","floor":21,"turns":5},{"damage":0,"enemies":"Chosen and Byrds","floor":27,"turns":6},{"damage":19,"enemies":"Slaver and Parasite","floor":30,"turns":6},{"damage":14,"enemies":"Snake Plant","floor":31,"turns":2},{"damage":8,"enemies":"Collector","floor":33,"turns":7},{"damage":7,"enemies":"3 Darklings","floor":35,"turns":3},{"damage":0,"enemies":"Orb Walker","floor":36,"turns":4},{"damage":0,"enemies":"Transient","floor":37,"turns":5},{"damage":17,"enemies":"4 Shapes","floor":38,"turns":2},{"damage":0,"enemies":"3 Darklings","floor":41,"turns":4},{"damage":0,"enemies":"Transient","floor":44,"turns":5},{"damage":0,"enemies":"Sphere and 2 Shapes","floor":45,"turns":4},{"damage":0,"floor":46,"turns":4},{"damage":0,"enemies":"Flame Bruiser 2 Orb","floor":48,"turns":8},{"damage":0,"enemies":"Time Eater","floor":50,"turns":10}],"seed_played":"7950547204170952767","potions_obtained":[{"floor":12,"key":"Strength Potion"},{"floor":18,"key":"EssenceOfSteel"},{"floor":20,"key":"EssenceOfSteel"},{"floor":27,"key":"SkillPotion"},{"floor":31,"key":"EssenceOfSteel"}],"is_trial":true,"path_per_floor":["M","?","M","?","M","R","T","R","T","?","T","E","$","M","R","B",null,"M","$","M","M","?","R","?","R","T","M","R","?","M","M","R","B",null,"M","M","M","M","?","R","M","R","T","M","M","?","?","M","R","B"],"character_chosen":"DEFECT","items_purchased":["Coolheaded+1","Capacitor"],"campfire_rested":0,"item_purchase_floors":[13,19],"current_hp_per_floor":[75,75,75,57,55,55,55,55,55,55,55,33,33,33,33,3,75,70,70,60,50,50,50,50,50,60,65,65,65,51,42,42,64,85,83,85,85,73,62,62,67,67,67,72,77,85,85,85,85,85],"gold":795,"neow_bonus":"","is_prod":false,"is_daily":false,"chose_seed":false,"campfire_upgraded":8,"win_rate":0,"timestamp":1530255944,"path_taken":["M","?","M","?","M","R","?","R","T","?","?","E","?","M","R","BOSS","M","$","M","M","?","R","?","R","T","M","R","?","M","M","R","BOSS","M","M","M","M","?","R","M","R","T","M","M","?","?","M","R","BOSS"],"build_version":"2018-06-28","purchased_purges":2,"victory":true,"max_hp_per_floor":[75,75,75,75,75,75,75,75,75,75,75,75,75,75,75,75,75,75,75,75,75,75,75,75,75,85,85,85,85,85,85,85,85,85,85,85,85,85,85,85,85,85,85,85,85,85,85,85,85,85],"card_choices":[{"not_picked":["Streamline","Beam Cell"],"picked":"Hello World","floor":12},{"not_picked":["Machine Learning","Seek+1"],"picked":"Electrodynamics","floor":16},{"not_picked":["Go for the Eyes+1","Blizzard+1"],"picked":"Recycle+1","floor":17},{"not_picked":["Gash+1","Streamline+1"],"picked":"Static Discharge","floor":17},{"not_picked":["Compile Driver+1","Streamline+1"],"picked":"Glacier+1","floor":17},{"not_picked":["Stack+1","Reprogram+1"],"picked":"Ball Lightning+1","floor":17},{"not_picked":["Streamline+1","Sweeping Beam+1"],"picked":"Consume+1","floor":17},{"not_picked":["Core Surge+1","Hyperbeam+1"],"picked":"Fission+1","floor":33},{"not_picked":["Aggregate+1","Leap+1","Recycle+1"],"picked":"Redo+1","floor":46}],"player_experience":256164,"relics_obtained":[{"floor":1,"key":"Toxic Egg 2"},{"floor":3,"key":"Whetstone"},{"floor":5,"key":"Unceasing Top"},{"floor":7,"key":"Juzu Bracelet"},{"floor":9,"key":"Kunai"},{"floor":11,"key":"Bag of Preparation"},{"floor":12,"key":"Darkstone Periapt"},{"floor":14,"key":"Orichalcum"},{"floor":16,"key":"Molten Egg 2"},{"floor":18,"key":"Art of War"},{"floor":20,"key":"Pen Nib"},{"floor":21,"key":"Du-Vu Doll"},{"floor":26,"key":"Pear"},{"floor":27,"key":"Girya"},{"floor":30,"key":"War Paint"},{"floor":31,"key":"Pantograph"},{"floor":33,"key":"Vajra"},{"floor":35,"key":"Potion Belt"},{"floor":36,"key":"Thread and Needle"},{"floor":37,"key":"Meat on the Bone"},{"floor":38,"key":"Omamori"},{"floor":41,"key":"Dodecahedron"},{"floor":43,"key":"Bottled Flame"},{"floor":44,"key":"Question Card"},{"floor":45,"key":"Boot"},{"floor":46,"key":"Old Coin"},{"floor":48,"key":"Regal Pillow"}],"event_choices":[{"event_name":"Bonfire Elementals","player_choice":"BASIC","floor":2,"damage_taken":0},{"event_name":"Golden Idol","player_choice":"Take Damage","floor":4,"damage_taken":0},{"event_name":"Purifier","player_choice":"One Purge","floor":10,"damage_taken":0},{"event_name":"Forgotten Altar","player_choice":"Gave Idol","floor":22,"damage_taken":0},{"event_name":"Purifier","player_choice":"One Purge","floor":24,"damage_taken":0},{"event_name":"Back to Basics","player_choice":"Elegance","floor":29,"damage_taken":0},{"event_name":"Winding Halls","player_choice":"Embrace Madness","floor":39,"damage_taken":0},{"event_name":"Mysterious Sphere","player_choice":"Fight","floor":46,"damage_taken":0},{"event_name":"Falling","player_choice":"Removed Attack","floor":47,"damage_taken":0}],"boss_relics":[{"not_picked":["Pandora\u0027s Box","Fusion Hammer"],"picked":"Orrery"},{"not_picked":["Coffee Dripper","Cursed Key"],"picked":"Sozu"}],"items_purged_floors":[13,19],"is_endless":false,"potions_floor_spawned":[12,18,20,27,31,37,41,44,48],"ascension_level":0}