{"gold_per_floor":[111,261,231,246,84,84,109,121,147,147,29,29,59,105,105,179,179,196,14,14,14,14,14,32,60,108,108,142,154,181,20,20,93,93,106,10,25,25],"floor_reached":38,"playtime":1968,"items_purged":["Doubt"],"score":882,"play_id":"33d0b05d-1abb-44a2-ad3c-788d5b5eb9dc","local_time":"20190129001727","is_ascension_mode":true,"campfire_choices":[{"data":"Bouncing Flask","floor":6.0,"key":"SMITH"},{"data":"Well Laid Plans","floor":15.0,"key":"SMITH"},{"floor":23.0,"key":"REST"},{"floor":27.0,"key":"REST"},{"floor":29.0,"key":"REST"},{"floor":32.0,"key":"REST"}],"neow_cost":"NONE","seed_source_timestamp":284180192084300,"circlet_count":0,"master_deck":["AscendersBane","Defend_G+1","Defend_G","Defend_G","Defend_G","Defend_G","Strike_G","Survivor","Neutralize","Bouncing Flask+1","Well Laid Plans+1","Dash","Dagger Throw","Backflip","Dagger Spray","Quick Slash","Corpse Explosion+1","Expertise+1","Grand Finale+1","Slice+1","Skewer","Footwork","Blur+1","Noxious Fumes","Blur+1","Night Terror+1","Blind+1","Deflect+1"],"special_seed":0,"relics":["Velvet Choker","Strawberry","Juzu Bracelet","Kunai","Art of War","Orichalcum","Astrolabe","Tiny Chest","MutagenicStrength","Toxic Egg 2","Pen Nib","War Paint","MawBank","Oddly Smooth Stone","Runic Pyramid"],"potions_floor_usage":[38,38],"damage_taken":[{"damage":1.0,"enemies":"Small Slimes","floor":1.0,"turns":3.0},{"damage":0.0,"enemies":"Cultist","floor":4.0,"turns":4.0},{"damage":7.0,"enemies":"3 Sentries","floor":7.0,"turns":8.0},{"damage":3.0,"enemies":"2 Louse","floor":8.0,"turns":3.0},{"damage":0.0,"enemies":"Gremlin Nob","floor":13.0,"turns":3.0},{"damage":41.0,"enemies":"Slime Boss","floor":16.0,"turns":11.0},{"damage":13.0,"enemies":"Shell Parasite","floor":18.0,"turns":5.0},{"damage":11.0,"enemies":"3 Byrds","floor":24.0,"turns":3.0},{"damage":43.0,"enemies":"Book of Stabbing","floor":25.0,"turns":7.0},{"damage":19.0,"enemies":"Slavers","floor":28.0,"turns":3.0},{"damage":11.0,"enemies":"Snake Plant","floor":30.0,"turns":4.0},{"damage":19.0,"enemies":"Automaton","floor":33.0,"turns":10.0},{"damage":40.0,"enemies":"3 Darklings","floor":35.0,"turns":3.0},{"damage":5.0,"enemies":"3 Shapes","floor":37.0,"turns":4.0},{"damage":17,"enemies":"Jaw Worm Horde","floor":38,"turns":3}],"seed_played":"-8799569044061419183","potions_obtained":[{"floor":3.0,"key":"Swift Potion"},{"floor":3.0,"key":"AttackPotion"},{"floor":7.0,"key":"Swift Potion"},{"floor":25.0,"key":"EssenceOfSteel"},{"floor":33.0,"key":"Energy Potion"},{"floor":37.0,"key":"Explosive Potion"}],"is_trial":false,"path_per_floor":["M","?","?","M","$","R","E","M","T","?","$","?","E","T","R","B",null,"M","$","?","?","?","R","M","E","T","R","E","R","M","$","R","B",null,"M","$","M","M"],"character_chosen":"THE_SILENT","items_purchased":["Dash","Dagger Spray","Quick Slash","Tiny Chest","PiercingWail","Oddly Smooth Stone","Blind+1"],"campfire_rested":4,"item_purchase_floors":[5,11,11,19,19,31,36],"current_hp_per_floor":[58,58,58,58,58,58,58,55,55,55,55,50,50,50,50,9,57,44,44,44,44,44,65,54,11,11,32,13,34,23,23,44,25,61,21,21,16,0],"gold":25,"neow_bonus":"BOSS_RELIC","is_prod":false,"is_daily":false,"chose_seed":false,"campfire_upgraded":2,"win_rate":0,"timestamp":1548739047,"path_taken":["M","?","?","M","$","R","E","M","T","?","?","?","E","?","R","BOSS","M","$","?","?","?","R","M","E","T","R","E","R","M","?","R","BOSS","M","?","M","M"],"build_version":"2019-01-23","purchased_purges":1,"victory":false,"max_hp_per_floor":[66,66,66,66,66,66,73,73,73,73,73,73,73,73,73,73,73,73,73,73,73,73,73,73,73,73,73,73,73,73,73,73,73,73,73,73,73,73],"card_choices":[{"not_picked":["Deflect","Expertise"],"picked":"Bouncing Flask","floor":1.0},{"not_picked":["Distraction","Infinite Blades"],"picked":"Well Laid Plans","floor":4.0},{"not_picked":["Venomology","Bane"],"picked":"Dagger Throw","floor":7.0},{"not_picked":["Finisher","Bane"],"picked":"Backflip","floor":8.0},{"not_picked":["All Out Attack","Slice","Masterful Stab"],"picked":"SKIP","floor":13.0},{"not_picked":["Envenom","Bullet Time"],"picked":"Corpse Explosion","floor":16.0},{"not_picked":["Slice","Expertise"],"picked":"Skewer","floor":18.0},{"not_picked":["Cloak And Dagger+1","Footwork"],"picked":"Blur+1","floor":24.0},{"not_picked":["Poisoned Stab","Deflect+1"],"picked":"Noxious Fumes","floor":25.0},{"not_picked":["Flying Knee+1","Concentrate+1","Distraction+1"],"picked":"SKIP","floor":28.0},{"not_picked":["Underhanded Strike","Terror+1"],"picked":"Blur+1","floor":30.0},{"not_picked":["Bullet Time+1","Envenom"],"picked":"Night Terror+1","floor":33.0},{"not_picked":["Outmaneuver+1","Acrobatics+1","Infinite Blades"],"picked":"SKIP","floor":35.0},{"not_picked":["Slice+1","Blade Dance+1"],"picked":"Deflect+1","floor":37.0}],"player_experience":1961615,"relics_obtained":[{"floor":7.0,"key":"Strawberry"},{"floor":9.0,"key":"Juzu Bracelet"},{"floor":13.0,"key":"Art of War"},{"floor":14.0,"key":"Orichalcum"},{"floor":25.0,"key":"Pen Nib"},{"floor":26.0,"key":"War Paint"},{"floor":28.0,"key":"MawBank"}],"event_choices":[{"damage_healed":0.0,"max_hp_gain":0.0,"max_hp_loss":0.0,"gold_gain":150.0,"event_name":"Liars Game","player_choice":"AGREE","floor":2.0,"gold_loss":0.0,"damage_taken":0.0,"cards_obtained":["Doubt"]},{"damage_healed":0.0,"max_hp_gain":0.0,"max_hp_loss":0.0,"gold_gain":0.0,"event_name":"The Woman in Blue","player_choice":"Bought 2 Potions","floor":3.0,"gold_loss":0.0,"damage_taken":0.0},{"cards_removed":["Strike_G"],"damage_healed":0.0,"max_hp_gain":0.0,"max_hp_loss":0.0,"gold_gain":0.0,"event_name":"Purifier","player_choice":"Purged","floor":10.0,"gold_loss":0.0,"damage_taken":0.0},{"damage_healed":0.0,"max_hp_gain":0.0,"max_hp_loss":0.0,"gold_gain":0.0,"event_name":"Scrap Ooze","player_choice":"Success","floor":12.0,"gold_loss":0.0,"damage_taken":5.0,"relics_obtained":["Kunai"]},{"damage_healed":0.0,"max_hp_gain":0.0,"max_hp_loss":0.0,"gold_gain":0.0,"event_name":"Drug Dealer","player_choice":"Inject Mutagens","floor":20.0,"gold_loss":0.0,"damage_taken":0.0,"relics_obtained":["MutagenicStrength"]},{"damage_healed":0.0,"max_hp_gain":0.0,"max_hp_loss":0.0,"gold_gain":0.0,"event_name":"Match and Keep!","player_choice":"1 cards matched","floor":21.0,"gold_loss":0.0,"damage_taken":0.0,"cards_obtained":["Footwork"]},{"cards_removed":["PiercingWail"],"damage_healed":0.0,"max_hp_gain":0.0,"max_hp_loss":0.0,"gold_gain":0.0,"event_name":"WeMeetAgain","player_choice":"Gave Card","floor":22.0,"gold_loss":0.0,"damage_taken":0.0,"relics_obtained":["Toxic Egg 2"]}],"is_beta":true,"boss_relics":[{"not_picked":["Sozu","Pandora\u0027s Box"],"picked":"Astrolabe"},{"not_picked":["Eternal Feather","Coffee Dripper"],"picked":"Runic Pyramid"}],"items_purged_floors":[5],"is_endless":false,"potions_floor_spawned":[7,8,25,33,37],"killed_by":"Jaw Worm Horde","ascension_level":20}