{"gold_per_floor":[109,125,125,77,77,106,126,154,154,174,194,227,243,253,253,358,358,372,54,67,67,102,102],"floor_reached":23,"playtime":858,"items_purged":["Strike_B"],"score":345,"play_id":"94d23748-46af-4a6e-a5d6-677e7201d214","local_time":"20181214155428","is_ascension_mode":true,"campfire_choices":[{"floor":15,"key":"REST"}],"neow_cost":"NONE","seed_source_timestamp":2835725805084,"circlet_count":0,"master_deck":["Strike_B","Strike_B","Defend_B","Defend_B","Defend_B","Defend_B","Zap","Dualcast","Cold Snap","Coolheaded","Cold Snap","Recycle","Hologram","Capacitor","Ball Lightning","Doom and Gloom","Melter","Defragment","Skim","Core Surge","Steam","Redo+1"],"relics":["Cracked Core","NeowsBlessing","Regal Pillow","Torii","Anchor","Velvet Choker","Symbiotic Virus","Red Mask"],"potions_floor_usage":[14,23],"damage_taken":[{"damage":0,"enemies":"Jaw Worm","floor":1,"turns":1},{"damage":0,"enemies":"Small Slimes","floor":2,"turns":1},{"damage":0,"enemies":"Lagavulin","floor":6,"turns":1},{"damage":2,"enemies":"Cultist","floor":7,"turns":3},{"damage":33,"enemies":"3 Sentries","floor":8,"turns":11},{"damage":10,"enemies":"Blue Slaver","floor":10,"turns":5},{"damage":8,"enemies":"Exordium Wildlife","floor":11,"turns":4},{"damage":28,"enemies":"Lagavulin","floor":12,"turns":6},{"damage":7,"enemies":"Exordium Thugs","floor":13,"turns":3},{"damage":0,"enemies":"3 Louse","floor":14,"turns":4},{"damage":11,"enemies":"The Guardian","floor":16,"turns":9},{"damage":0,"enemies":"Shell Parasite","floor":18,"turns":6},{"damage":8,"enemies":"3 Byrds","floor":20,"turns":5},{"damage":23,"enemies":"Masked Bandits","floor":22,"turns":4},{"damage":39,"enemies":"Book of Stabbing","floor":23,"turns":4}],"seed_played":"5690965415055789723","potions_obtained":[{"floor":2,"key":"FairyPotion"},{"floor":8,"key":"Swift Potion"},{"floor":11,"key":"GamblersBrew"},{"floor":12,"key":"FocusPotion"},{"floor":13,"key":"PowerPotion"}],"is_trial":false,"path_per_floor":["M","M","?","$","?","E","M","E","T","M","M","E","M","M","R","B",null,"M","$","M","$","?","E"],"character_chosen":"DEFECT","items_purchased":["Cold Snap","Symbiotic Virus"],"campfire_rested":1,"item_purchase_floors":[4,19],"current_hp_per_floor":[68,68,73,73,73,73,71,38,38,28,20,8,1,1,40,29,67,67,67,59,59,36,0],"gold":102,"neow_bonus":"THREE_ENEMY_KILL","is_prod":false,"is_daily":false,"chose_seed":false,"campfire_upgraded":0,"win_rate":0,"timestamp":1544820868,"path_taken":["M","M","?","$","?","E","M","E","T","M","M","E","M","M","R","BOSS","M","$","?","$","?","E"],"build_version":"2018-12-13","purchased_purges":1,"victory":false,"max_hp_per_floor":[75,75,80,80,80,80,80,80,80,80,80,80,80,80,80,80,80,80,80,80,80,80,80],"card_choices":[{"not_picked":["Rebound","Force Field"],"picked":"Cold Snap","floor":1},{"not_picked":["Conserve Battery","Darkness"],"picked":"Coolheaded","floor":2},{"not_picked":["Stack","Turbo"],"picked":"Recycle","floor":6},{"not_picked":["Scrape","Gash"],"picked":"Hologram","floor":7},{"not_picked":["Fission","Steam Power"],"picked":"Capacitor","floor":8},{"not_picked":["FTL","Loop"],"picked":"Ball Lightning","floor":10},{"not_picked":["Go for the Eyes","Self Repair"],"picked":"Doom and Gloom","floor":11},{"not_picked":["Steam","Scrape"],"picked":"Melter","floor":12},{"not_picked":["Ball Lightning","Go for the Eyes"],"picked":"Defragment","floor":13},{"not_picked":["Turbo","Rainbow"],"picked":"Skim","floor":14},{"not_picked":["Rainbow","Reboot"],"picked":"Core Surge","floor":16},{"not_picked":["Rip and Tear+1","Hello World+1"],"picked":"Steam","floor":18},{"not_picked":["Rebound","Lockon","Double Energy"],"picked":"SKIP","floor":20},{"not_picked":["Auto Shields","Turbo"],"picked":"Redo+1","floor":22}],"player_experience":335395,"relics_obtained":[{"floor":6,"key":"Regal Pillow"},{"floor":8,"key":"Torii"},{"floor":12,"key":"Anchor"},{"floor":22,"key":"Red Mask"}],"event_choices":[{"damage_healed":0,"gold_gain":0,"player_choice":"Donut","damage_taken":0,"max_hp_gain":5,"max_hp_loss":0,"event_name":"Big Fish","floor":3,"gold_loss":0},{"cards_removed":["Strike_B"],"damage_healed":0,"gold_gain":0,"player_choice":"Offered Basic","damage_taken":0,"max_hp_gain":0,"max_hp_loss":0,"event_name":"Bonfire Elementals","floor":5,"gold_loss":0},{"damage_healed":0,"gold_gain":0,"player_choice":"Fought Bandits","damage_taken":0,"max_hp_gain":0,"max_hp_loss":0,"event_name":"Masked Bandits","floor":22,"gold_loss":0}],"is_beta":false,"boss_relics":[{"not_picked":["Astrolabe","Philosopher\u0027s Stone"],"picked":"Velvet Choker"}],"items_purged_floors":[19],"is_endless":false,"potions_floor_spawned":[2,8,11,12,13],"killed_by":"Book of Stabbing","ascension_level":9}