{"gold_per_floor":[211,228,228,246,261,290,290,307,307,232,248,277,291,302,302,400,400,417,58,74,86,103,114,114,68,68,101,101,113,113,133,133,232,232,249,649,649,649,669,669,688,688,715,715,726,739,352,367,367,367],"floor_reached":51,"playtime":9151,"items_purged":["Strike_R","Demon Form","Strike_R"],"score":687,"play_id":"f696ca28-0253-497f-87f0-eaaf8b8e615d","local_time":"20190209113537","is_ascension_mode":false,"campfire_choices":[{"data":"Clothesline","floor":7.0,"key":"SMITH"},{"data":"Armaments","floor":15.0,"key":"SMITH"},{"data":"Shockwave","floor":24.0,"key":"SMITH"},{"floor":28,"key":"REST"},{"floor":32,"key":"REST"},{"data":"Spot Weakness","floor":40,"key":"SMITH"},{"floor":42,"key":"REST"},{"floor":49,"key":"REST"}],"neow_cost":"NONE","seed_source_timestamp":0,"circlet_count":0,"master_deck":["Strike_R","Strike_R","Defend_R","Defend_R","Defend_R","Defend_R","Bash","Infernal Blade+1","Cleave","Clothesline+1","Disarm","Spot Weakness+1","Shockwave+1","Whirlwind+1","Seeing Red+1","True Grit+1","Pommel Strike","J.A.X.+1","Armaments+1","Feed","Armaments+1","Iron Wave+1","Power Through+1","Shockwave+1","Iron Wave"],"special_seed":0,"relics":["Burning Blood","Sundial","Gremlin Horn","Potion Belt","Snecko Eye","Toxic Egg 2","Darkstone Periapt","Mango","White Beast Statue","Old Coin","Omamori","Pantograph"],"potions_floor_usage":[29,31,39,41,48,50,50,50,50],"damage_taken":[{"damage":1.0,"enemies":"Cultist","floor":1.0,"turns":3.0},{"damage":3.0,"enemies":"Small Slimes","floor":2.0,"turns":3.0},{"damage":6.0,"enemies":"Jaw Worm","floor":4.0,"turns":3.0},{"damage":0.0,"enemies":"Large Slime","floor":5.0,"turns":4.0},{"damage":9.0,"enemies":"3 Sentries","floor":6.0,"turns":5.0},{"damage":0.0,"enemies":"Blue Slaver","floor":8.0,"turns":1.0},{"damage":4.0,"enemies":"Looter","floor":11.0,"turns":3.0},{"damage":18.0,"enemies":"Gremlin Nob","floor":12.0,"turns":4.0},{"damage":3.0,"enemies":"Lots of Slimes","floor":13.0,"turns":2.0},{"damage":1.0,"enemies":"3 Louse","floor":14.0,"turns":3.0},{"damage":33.0,"enemies":"Hexaghost","floor":16.0,"turns":11.0},{"damage":0.0,"enemies":"3 Byrds","floor":18.0,"turns":3.0},{"damage":13.0,"enemies":"2 Thieves","floor":20.0,"turns":4.0},{"damage":5.0,"enemies":"3 Cultists","floor":21.0,"turns":5.0},{"damage":14.0,"enemies":"Shelled Parasite and Fungi","floor":22.0,"turns":4.0},{"damage":11.0,"enemies":"Snecko","floor":23.0,"turns":6.0},{"damage":14.0,"enemies":"Slavers","floor":27.0,"turns":3.0},{"damage":21,"enemies":"Centurion and Healer","floor":29,"turns":5},{"damage":25,"enemies":"Cultist and Chosen","floor":31,"turns":8},{"damage":70,"enemies":"Champ","floor":33,"turns":12},{"damage":50,"enemies":"Orb Walker","floor":35,"turns":6},{"damage":3,"enemies":"Mind Bloom Boss Battle","floor":36,"turns":6},{"damage":3,"enemies":"3 Shapes","floor":39,"turns":6},{"damage":28,"enemies":"Maw","floor":41,"turns":7},{"damage":12,"enemies":"Sphere and 2 Shapes","floor":45,"turns":4},{"damage":48,"enemies":"Spire Growth","floor":46,"turns":7},{"damage":28,"enemies":"3 Darklings","floor":48,"turns":5},{"damage":69,"enemies":"Time Eater","floor":50,"turns":9}],"seed_played":"-2855327400195993731","potions_obtained":[{"floor":2.0,"key":"Explosive Potion"},{"floor":6.0,"key":"BloodPotion"},{"floor":11.0,"key":"PowerPotion"},{"floor":13.0,"key":"Fire Potion"},{"floor":14.0,"key":"Weak Potion"},{"floor":16.0,"key":"PowerPotion"},{"floor":22.0,"key":"Strength Potion"},{"floor":27.0,"key":"SneckoOil"},{"floor":29,"key":"Fire Potion"},{"floor":31,"key":"SteroidPotion"},{"floor":35,"key":"Fire Potion"},{"floor":36,"key":"FairyPotion"},{"floor":39,"key":"Weak Potion"},{"floor":41,"key":"FairyPotion"},{"floor":46,"key":"SkillPotion"},{"floor":48,"key":"BloodPotion"}],"is_trial":false,"path_per_floor":["M","M","?","M","M","E","R","M","T","$","M","E","M","M","R","B",null,"M","$","M","M","M","M","R","$","T","E","R","M","?","M","R","B",null,"M","?","?","?","M","R","M","R","T","?","M","M","$","M","R","B",null],"character_chosen":"IRONCLAD","items_purchased":["Toxic Egg 2","True Grit+1","Pantograph"],"campfire_rested":4,"item_purchase_floors":[19,25,47],"current_hp_per_floor":[80,80,80,80,80,77,77,80,80,80,80,68,71,76,76,49,80,80,80,73,74,66,61,61,61,61,67,94,79,79,60,88,24,94,50,53,53,53,56,56,34,62,62,62,59,21,21,10,40,22],"gold":367,"neow_bonus":"HUNDRED_GOLD","is_prod":false,"is_daily":false,"chose_seed":false,"campfire_upgraded":4,"win_rate":0,"timestamp":1549730137,"path_taken":["M","?","?","M","?","E","R","M","T","$","M","E","M","M","R","BOSS","M","$","?","M","M","M","R","$","T","E","R","M","?","M","R","BOSS","M","?","?","?","?","R","M","R","T","?","M","M","$","M","R","BOSS"],"build_version":"2019-01-23","purchased_purges":3,"victory":true,"max_hp_per_floor":[80,80,80,80,80,80,80,80,80,80,80,80,80,80,80,80,80,80,80,80,80,80,80,80,80,80,94,94,94,94,94,94,94,94,94,94,94,94,94,94,94,94,94,94,97,101,101,101,101,101],"card_choices":[{"not_picked":["Iron Wave","Headbutt"],"picked":"Infernal Blade","floor":1.0},{"not_picked":["Wild Strike","Havoc","Combust"],"picked":"SKIP","floor":2.0},{"not_picked":["Reckless Charge","Body Slam"],"picked":"Cleave","floor":4.0},{"not_picked":["Warcry","Corruption","Dual Wield"],"picked":"SKIP","floor":5.0},{"not_picked":["Warcry","Corruption","Dual Wield"],"picked":"SKIP","floor":5.0},{"not_picked":["Anger","Metallicize"],"picked":"Clothesline","floor":6.0},{"not_picked":["Cleave","Immolate","Pommel Strike"],"picked":"SKIP","floor":8.0},{"not_picked":["Burning Pact","Anger"],"picked":"Disarm","floor":11.0},{"not_picked":["Sword Boomerang","Rupture"],"picked":"Spot Weakness","floor":12.0},{"not_picked":["Perfected Strike","Iron Wave"],"picked":"Armaments","floor":13.0},{"not_picked":["Sword Boomerang","Immolate"],"picked":"Shockwave","floor":14.0},{"not_picked":["Brutality","Immolate"],"picked":"Demon Form","floor":16.0},{"not_picked":["Cleave","Twin Strike+1","Fire Breathing"],"picked":"SKIP","floor":18.0},{"not_picked":["Perfected Strike+1","Clash+1","Cleave"],"picked":"SKIP","floor":20.0},{"not_picked":["Havoc+1","Feed"],"picked":"Whirlwind+1","floor":21.0},{"not_picked":["Wild Strike+1","Rupture+1","Havoc+1"],"picked":"SKIP","floor":22.0},{"not_picked":["Fire Breathing","Wild Strike"],"picked":"Seeing Red+1","floor":23.0},{"not_picked":["Perfected Strike","Sword Boomerang"],"picked":"Pommel Strike","floor":27.0},{"not_picked":["Twin Strike","Berserk","Clash"],"picked":"SKIP","floor":29},{"not_picked":["Clash","Twin Strike+1"],"picked":"Armaments+1","floor":31},{"not_picked":["Exhume+1","Offering+1"],"picked":"Feed","floor":33},{"not_picked":["Clothesline+1","Sever Soul"],"picked":"Armaments+1","floor":35},{"not_picked":["Sentinel+1","Sword Boomerang"],"picked":"Iron Wave+1","floor":36},{"not_picked":["Fire Breathing+1","Rage+1","Seeing Red+1"],"picked":"SKIP","floor":39},{"not_picked":["Warcry+1","Flex+1"],"picked":"Shockwave+1","floor":41},{"not_picked":["Reckless Charge+1","Sword Boomerang","Shockwave+1"],"picked":"SKIP","floor":45},{"not_picked":["Dropkick","Twin Strike"],"picked":"Iron Wave","floor":46},{"not_picked":["Thunderclap","Havoc+1","Sword Boomerang"],"picked":"SKIP","floor":48}],"player_experience":213003,"relics_obtained":[{"floor":6.0,"key":"Sundial"},{"floor":9.0,"key":"Gremlin Horn"},{"floor":12.0,"key":"Potion Belt"},{"floor":26.0,"key":"Darkstone Periapt"},{"floor":27.0,"key":"Mango"},{"floor":36,"key":"Old Coin"},{"floor":43,"key":"Omamori"}],"event_choices":[{"damage_healed":0.0,"max_hp_gain":0.0,"max_hp_loss":0.0,"gold_gain":0.0,"event_name":"Upgrade Shrine","player_choice":"Upgraded","floor":3.0,"gold_loss":0.0,"damage_taken":0.0,"cards_upgraded":["Infernal Blade"]},{"damage_healed":0,"gold_gain":0,"player_choice":"Obtain J.A.X.","damage_taken":0,"max_hp_gain":0,"max_hp_loss":0,"event_name":"Drug Dealer","floor":30,"gold_loss":0,"cards_obtained":["J.A.X."]},{"damage_healed":0,"gold_gain":0,"player_choice":"Fight","damage_taken":0,"max_hp_gain":0,"max_hp_loss":0,"event_name":"MindBloom","floor":36,"gold_loss":0},{"damage_healed":0,"gold_gain":0,"player_choice":"Ignored","damage_taken":0,"max_hp_gain":0,"max_hp_loss":0,"event_name":"Mysterious Sphere","floor":37,"gold_loss":0},{"damage_healed":0,"gold_gain":0,"cards_transformed":["Strike_R"],"player_choice":"Transformed","damage_taken":0,"max_hp_gain":0,"max_hp_loss":0,"event_name":"Transmorgrifier","floor":38,"gold_loss":0,"cards_obtained":["Power Through"]},{"cards_removed":["Armaments"],"damage_healed":0,"gold_gain":0,"player_choice":"Removed Skill","damage_taken":0,"max_hp_gain":0,"max_hp_loss":0,"event_name":"Falling","floor":44,"gold_loss":0}],"is_beta":false,"boss_relics":[{"not_picked":["Black Star","Busted Crown"],"picked":"Snecko Eye"},{"not_picked":["Eternal Feather","Runic Dome"],"picked":"White Beast Statue"}],"items_purged_floors":[10,19,47],"is_endless":false,"potions_floor_spawned":[2,6,11,13,14,16,22,27,29,31,35,36,39,41,45,46,48],"ascension_level":0}