{"gold_per_floor":[118,118,15,27,37,37,67,86,86,86,103,103],"floor_reached":12,"playtime":297,"items_purged":[],"score":144,"play_id":"f7b3ea72-f841-4a7f-b44b-16c65cdfa134","local_time":"20181230190053","is_ascension_mode":true,"campfire_choices":[{"data":"Zap","floor":6,"key":"SMITH"}],"neow_cost":"NONE","seed_source_timestamp":263963593278286,"circlet_count":0,"master_deck":["AscendersBane","Strike_B","Strike_B","Strike_B","Strike_B","Defend_B","Defend_B","Defend_B","Defend_B","Zap+1","Dualcast","Coolheaded+1","Coolheaded","Conserve Battery","Undo","Rainbow","Capacitor","Hologram","Pain","Blizzard"],"relics":["Cracked Core","NeowsBlessing","Dodecahedron","Bottled Lightning","WarpedTongs"],"potions_floor_usage":[],"damage_taken":[{"damage":0,"enemies":"2 Louse","floor":1,"turns":1},{"damage":0,"enemies":"Cultist","floor":4,"turns":1},{"damage":0,"enemies":"Small Slimes","floor":5,"turns":1},{"damage":21,"enemies":"Gremlin Nob","floor":7,"turns":5},{"damage":16,"enemies":"Gremlin Gang","floor":8,"turns":7},{"damage":16,"enemies":"Large Slime","floor":11,"turns":5},{"damage":12,"enemies":"Exordium Thugs","floor":12,"turns":2}],"seed_played":"5946765637236246986","potions_obtained":[{"floor":1,"key":"Dexterity Potion"},{"floor":11,"key":"Regen Potion"}],"is_trial":false,"path_per_floor":["M","?","$","M","M","R","E","M","T","?","M","M"],"character_chosen":"DEFECT","items_purchased":["Coolheaded","Conserve Battery"],"campfire_rested":0,"item_purchase_floors":[3,3],"current_hp_per_floor":[64,64,64,64,64,64,43,27,27,27,11,0],"gold":103,"neow_bonus":"THREE_ENEMY_KILL","is_prod":false,"is_daily":false,"chose_seed":false,"campfire_upgraded":1,"win_rate":0,"timestamp":1546214453,"path_taken":["M","?","$","M","M","R","E","M","T","?","?","M"],"build_version":"2018-12-20","purchased_purges":0,"victory":false,"max_hp_per_floor":[71,71,71,71,71,71,71,71,71,71,71,71],"card_choices":[{"not_picked":["Chaos","Conserve Battery"],"picked":"Coolheaded","floor":1},{"not_picked":["Reinforced Body","Go for the Eyes"],"picked":"Undo","floor":4},{"not_picked":["Steam","Conserve Battery"],"picked":"Rainbow","floor":5},{"not_picked":["Cold Snap","Conserve Battery"],"picked":"Capacitor","floor":7},{"not_picked":["Auto Shields","Coolheaded"],"picked":"Hologram","floor":8},{"not_picked":["Barrage","Chill"],"picked":"Blizzard","floor":11}],"player_experience":458574,"relics_obtained":[{"floor":7,"key":"Dodecahedron"},{"floor":9,"key":"Bottled Lightning"}],"event_choices":[{"damage_healed":0,"gold_gain":0,"player_choice":"Grow","damage_taken":0,"max_hp_gain":0,"max_hp_loss":0,"event_name":"Living Wall","floor":2,"gold_loss":0,"cards_upgraded":["Coolheaded"]},{"damage_healed":0,"gold_gain":0,"player_choice":"Rummage","damage_taken":0,"relics_obtained":["WarpedTongs"],"max_hp_gain":0,"max_hp_loss":0,"event_name":"Accursed Blacksmith","floor":10,"gold_loss":0,"cards_obtained":["Pain"]}],"is_beta":false,"boss_relics":[],"items_purged_floors":[],"is_endless":false,"potions_floor_spawned":[1,11],"killed_by":"Exordium Thugs","ascension_level":16}