{"gold_per_floor":[119,139,151,163,181,213,213,234,234,234],"floor_reached":10,"playtime":490,"items_purged":[],"score":105,"play_id":"23cad973-f837-4878-aea0-d6b6555b461d","local_time":"20181216084644","is_ascension_mode":true,"campfire_choices":[{"data":"Zap","floor":7,"key":"SMITH"}],"neow_cost":"NONE","seed_source_timestamp":150336178173555,"circlet_count":0,"master_deck":["AscendersBane","Strike_B","Strike_B","Strike_B","Strike_B","Defend_B","Defend_B","Defend_B","Defend_B","Zap+1","Dualcast","Cold Snap","Capacitor","Glacier","Coolheaded","Sweeping Beam","White Noise","Compile Driver"],"relics":["Cracked Core","Potion Belt","PreservedInsect","Odd Mushroom","Darkstone Periapt"],"potions_floor_usage":[4,8],"damage_taken":[{"damage":1,"enemies":"Cultist","floor":1,"turns":3},{"damage":2,"enemies":"Small Slimes","floor":2,"turns":4},{"damage":0,"enemies":"Jaw Worm","floor":3,"turns":3},{"damage":1,"enemies":"Looter","floor":4,"turns":4},{"damage":18,"enemies":"Exordium Thugs","floor":5,"turns":5},{"damage":9,"enemies":"3 Sentries","floor":6,"turns":10},{"damage":26,"enemies":"The Mushroom Lair","floor":8,"turns":4},{"damage":18,"enemies":"Lagavulin","floor":10,"turns":2}],"seed_played":"-901415354858907325","potions_obtained":[{"floor":2,"key":"Explosive Potion"},{"floor":3,"key":"AttackPotion"},{"floor":4,"key":"Poison Potion"}],"is_trial":false,"path_per_floor":["M","M","M","M","M","E","R","?","T","E"],"character_chosen":"DEFECT","items_purchased":[],"campfire_rested":0,"item_purchase_floors":[],"current_hp_per_floor":[67,65,65,64,46,37,37,11,11,0],"gold":234,"neow_bonus":"RANDOM_COMMON_RELIC","is_prod":false,"is_daily":false,"chose_seed":false,"campfire_upgraded":1,"win_rate":0,"timestamp":1544968004,"path_taken":["M","M","?","M","?","E","R","?","T","E"],"build_version":"2018-12-13","purchased_purges":0,"victory":false,"max_hp_per_floor":[75,75,75,75,75,75,75,75,75,75],"card_choices":[{"not_picked":["Force Field","Lockon"],"picked":"Cold Snap","floor":1},{"not_picked":["Consume","Coolheaded"],"picked":"Capacitor","floor":2},{"not_picked":["Gash","Conserve Battery"],"picked":"Glacier","floor":3},{"not_picked":["Turbo","Go for the Eyes"],"picked":"Coolheaded","floor":4},{"not_picked":["Stack","Beam Cell"],"picked":"Sweeping Beam","floor":5},{"not_picked":["Machine Learning","Aggregate"],"picked":"White Noise","floor":6},{"not_picked":["Rebound","Chaos"],"picked":"Compile Driver","floor":8}],"player_experience":351622,"relics_obtained":[{"floor":6,"key":"PreservedInsect"},{"floor":8,"key":"Odd Mushroom"},{"floor":9,"key":"Darkstone Periapt"}],"event_choices":[{"damage_healed":0,"gold_gain":0,"player_choice":"Fought Mushrooms","damage_taken":0,"max_hp_gain":0,"max_hp_loss":0,"event_name":"Mushrooms","floor":8,"gold_loss":0}],"is_beta":false,"boss_relics":[],"items_purged_floors":[],"is_endless":false,"potions_floor_spawned":[2,3,4],"killed_by":"Lagavulin","ascension_level":10}