{"path_per_floor":["M","$","M","$","M","R","E","$","T","R","?","?","M","$","R","B",null,"M","M","$","M","?","?","M"],"character_chosen":"DEFECT","items_purchased":["Loop","Fusion","Electrodynamics"],"gold_per_floor":[117,39,54,54,67,67,102,27,27,27,202,263,278,67,67,165,165,180,195,145,163,163,163,179,179],"floor_reached":25,"campfire_rested":0,"playtime":1298,"item_purchase_floors":[2,8,14],"current_hp_per_floor":[74,74,72,72,72,72,54,54,54,54,54,35,35,35,35,15,75,70,46,46,46,46,46,14,0],"items_purged":["Doubt","Strike_B"],"gold":179,"score":201,"play_id":"1e1d222b-50a1-48b5-960f-34644b24ad3a","local_time":"20180521232259","is_prod":false,"is_daily":false,"chose_seed":false,"is_ascension_mode":false,"campfire_upgraded":3,"timestamp":1526912579,"campfire_choices":[{"data":"Loop","floor":6,"key":"SMITH"},{"data":"Fusion","floor":10,"key":"SMITH"},{"data":"Electrodynamics","floor":15,"key":"SMITH"}],"path_taken":["M","$","?","?","M","R","E","$","T","R","?","?","M","$","R","BOSS","M","M","$","M","?","?","M","M"],"build_version":"2018-05-18","seed_source_timestamp":43121336740096,"purchased_purges":2,"victory":false,"master_deck":["Strike_B","Strike_B","Strike_B","Defend_B","Defend_B","Defend_B","Defend_B","Zap","Dualcast","Capacitor","Loop+1","Redo","Static Discharge","Static Discharge","Fusion+1","Axe Kick","Loop","Electrodynamics+1","Creative AI","Melter","Leap+1","Writhe","Loop"],"max_hp_per_floor":[75,75,75,75,75,75,75,75,75,75,75,75,75,75,75,75,75,75,75,75,75,75,75,75,75],"relics":["Cracked Core","Anchor","Thread and Needle","Smiling Mask","Regal Pillow","Philosopher\u0027s Stone","Ancient Tea Set"],"card_choices":[{"not_picked":["Rebound","Rip and Tear"],"picked":"Capacitor","floor":1},{"not_picked":["Steam","Barrage"],"picked":"Redo","floor":3},{"not_picked":["Consume","Sweeping Beam"],"picked":"Static Discharge","floor":5},{"not_picked":["Auto Shields","Capacitor"],"picked":"Static Discharge","floor":7},{"not_picked":["Tempest","Scrape"],"picked":"Axe Kick","floor":12},{"not_picked":["Steam Power","Leap"],"picked":"Loop","floor":13},{"not_picked":["Hyperbeam","Nova"],"picked":"Creative AI","floor":16},{"not_picked":["Force Field","Beam Cell"],"picked":"Melter","floor":18},{"not_picked":["Go for the Eyes+1","Hologram","Beam Cell"],"picked":"SKIP","floor":19},{"not_picked":["Cold Snap","Reprogram+1"],"picked":"Leap+1","floor":21},{"not_picked":["Hologram+1","Coolheaded","Beam Cell+1"],"picked":"SKIP","floor":24}],"player_experience":168255,"potions_floor_usage":[16,24,24],"damage_taken":[{"damage":1,"enemies":"Cultist","floor":1,"turns":4},{"damage":2,"enemies":"Jaw Worm","floor":3,"turns":4},{"damage":0,"enemies":"Small Slimes","floor":5,"turns":2},{"damage":18,"enemies":"3 Sentries","floor":7,"turns":7},{"damage":19,"enemies":"Lagavulin Event","floor":12,"turns":5},{"damage":0,"enemies":"Looter","floor":13,"turns":3},{"damage":20,"enemies":"Slime Boss","floor":16,"turns":6},{"damage":5,"enemies":"Shell Parasite","floor":18,"turns":2},{"damage":24,"enemies":"2 Thieves","floor":19,"turns":4},{"damage":0,"enemies":"Sentry and Sphere","floor":21,"turns":4},{"damage":32,"enemies":"Cultist and Chosen","floor":24,"turns":6},{"damage":19,"enemies":"Snake Plant","floor":25,"turns":2}],"relics_obtained":[{"floor":7,"key":"Thread and Needle"},{"floor":9,"key":"Smiling Mask"},{"floor":12,"key":"Regal Pillow"}],"event_choices":[{"event_name":"Liars Game","player_choice":"agreed","floor":11,"damage_taken":0},{"event_name":"Dead Adventurer","player_choice":"Searched \u00273\u0027 times","floor":12,"damage_taken":0},{"event_name":"The Mausoleum","player_choice":"Yes","floor":22,"damage_taken":0},{"event_name":"The Library","player_choice":"Read","floor":23,"damage_taken":0}],"boss_relics":[{"not_picked":["Snecko Eye","Black Star"],"picked":"Philosopher\u0027s Stone"}],"items_purged_floors":[14,20],"potions_floor_spawned":[3,5,12,18,21,24],"seed_played":"-7180368137085461469","killed_by":"Snake Plant","ascension_level":0,"potions_obtained":[{"floor":3,"key":"Block Potion"},{"floor":5,"key":"Swift Potion"},{"floor":12,"key":"PowerPotion"},{"floor":18,"key":"Block Potion"},{"floor":24,"key":"AttackPotion"}],"is_trial":false}