{"gold_per_floor":[119,69,81,97,112,112,140,140,193,193,219,237,237,251,251,347,347,347,81,81,3,3,3,3,3,3,3,3,3,3,3,3,3,3,3,3,3,3,0,0,0,0,0,0,0,0,0,0,0,0],"floor_reached":51,"playtime":2881,"items_purged":["Parasite"],"score":709,"play_id":"c8de09c9-13b0-448a-9a89-5d66714fde22","local_time":"20190205160954","is_ascension_mode":false,"campfire_choices":[{"data":"Zap","floor":6.0,"key":"SMITH"},{"data":"Defragment","floor":8.0,"key":"SMITH"},{"data":"Go for the Eyes","floor":10.0,"key":"SMITH"},{"floor":15.0,"key":"REST"},{"data":"Capacitor","floor":23.0,"key":"SMITH"},{"data":"Melter","floor":29.0,"key":"SMITH"},{"data":"Steam","floor":32.0,"key":"SMITH"},{"floor":40.0,"key":"REST"},{"floor":42.0,"key":"DIG"},{"floor":47.0,"key":"REST"},{"floor":49.0,"key":"DIG"}],"neow_cost":"NONE","seed_source_timestamp":2386959580368391,"circlet_count":0,"master_deck":["Defend_B","Defend_B","Defend_B","Defend_B","Zap+1","Dualcast","Steam+1","Go for the Eyes+1","Defragment+1","Conserve Battery","Scrape","Go for the Eyes","All For One","Gash","Capacitor+1","Sweeping Beam+1","Auto Shields+1","Melter+1","Bite","Bite","Bite","Bite","Bite","Seek+1","Coolheaded","Consume+1","BootSequence+1","Echo Form","Tempest+1","Hologram+1","Self Repair+1"],"special_seed":0,"relics":["Cracked Core","Bottled Lightning","Boot","Bag of Marbles","Ectoplasm","Pen Nib","Mercury Hourglass","Anchor","Oddly Smooth Stone","MutagenicStrength","Nuclear Battery","Shovel","Red Mask","Vajra","Nunchaku","Strawberry","Lantern"],"potions_floor_usage":[50,50],"damage_taken":[{"damage":1.0,"enemies":"Jaw Worm","floor":1.0,"turns":4.0},{"damage":0.0,"enemies":"Cultist","floor":3.0,"turns":3.0},{"damage":0.0,"enemies":"Small Slimes","floor":4.0,"turns":3.0},{"damage":7.0,"enemies":"Blue Slaver","floor":5.0,"turns":5.0},{"damage":17.0,"enemies":"3 Sentries","floor":7.0,"turns":8.0},{"damage":31.0,"enemies":"Gremlin Nob","floor":11.0,"turns":6.0},{"damage":7.0,"enemies":"2 Fungi Beasts","floor":12.0,"turns":3.0},{"damage":3.0,"enemies":"Gremlin Gang","floor":14.0,"turns":5.0},{"damage":18.0,"enemies":"The Guardian","floor":16.0,"turns":12.0},{"damage":0.0,"enemies":"Spheric Guardian","floor":18.0,"turns":3.0},{"damage":7.0,"enemies":"3 Byrds","floor":20.0,"turns":4.0},{"damage":10.0,"enemies":"3 Cultists","floor":22.0,"turns":5.0},{"damage":3.0,"enemies":"Gremlin Leader","floor":24.0,"turns":5.0},{"damage":5.0,"enemies":"Chosen and Byrds","floor":27.0,"turns":5.0},{"damage":0.0,"enemies":"Snake Plant","floor":28.0,"turns":4.0},{"damage":24.0,"enemies":"Champ","floor":33.0,"turns":9.0},{"damage":9.0,"enemies":"3 Shapes","floor":35.0,"turns":4.0},{"damage":4.0,"enemies":"2 Orb Walkers","floor":36.0,"turns":4.0},{"damage":24.0,"enemies":"3 Darklings","floor":37.0,"turns":5.0},{"damage":21.0,"enemies":"Jaw Worm Horde","floor":38.0,"turns":3.0},{"damage":12.0,"enemies":"Nemesis","floor":41.0,"turns":6.0},{"damage":28.0,"enemies":"Spire Growth","floor":44.0,"turns":6.0},{"damage":11.0,"enemies":"3 Darklings","floor":45.0,"turns":5.0},{"damage":4.0,"enemies":"Maw","floor":48.0,"turns":6.0},{"damage":54,"enemies":"Donu and Deca","floor":50,"turns":10}],"seed_played":"-4351451327142742683","potions_obtained":[{"floor":4.0,"key":"PowerPotion"},{"floor":7.0,"key":"Block Potion"},{"floor":12.0,"key":"FearPotion"},{"floor":14.0,"key":"Explosive Potion"},{"floor":16.0,"key":"Dexterity Potion"},{"floor":18.0,"key":"FocusPotion"},{"floor":22.0,"key":"AttackPotion"},{"floor":28.0,"key":"Regen Potion"},{"floor":33.0,"key":"Dexterity Potion"},{"floor":36.0,"key":"Strength Potion"},{"floor":41.0,"key":"LiquidBronze"},{"floor":44.0,"key":"Dexterity Potion"},{"floor":45.0,"key":"Strength Potion"}],"is_trial":false,"path_per_floor":["M","?","M","M","M","R","E","R","T","R","E","M","?","M","R","B",null,"M","$","M","$","M","R","E","T","T","M","M","R","?","?","R","B",null,"M","?","M","M","?","R","E","R","T","M","M","?","R","M","R","B",null],"character_chosen":"DEFECT","items_purchased":["Gash","Pen Nib","Capacitor"],"campfire_rested":3,"item_purchase_floors":[19,19,21],"current_hp_per_floor":[74,74,74,74,67,67,50,50,50,50,19,12,30,27,49,31,75,75,72,65,65,55,55,52,52,52,47,47,47,47,47,47,30,50,47,50,28,26,26,41,37,37,44,20,17,17,34,42,42,14],"gold":0,"neow_bonus":"REMOVE_CARD","is_prod":false,"is_daily":false,"chose_seed":false,"campfire_upgraded":6,"win_rate":0.0,"timestamp":1549418994,"path_taken":["M","?","M","M","M","R","E","R","T","R","E","M","?","?","R","BOSS","M","$","M","$","M","R","E","?","T","M","?","R","?","?","R","BOSS","M","?","M","M","?","R","E","R","T","M","M","?","R","?","R","BOSS"],"build_version":"2019-01-23","purchased_purges":1,"victory":true,"max_hp_per_floor":[75,75,75,75,75,75,75,75,75,75,75,75,75,75,75,75,75,75,72,72,72,72,72,72,72,72,72,72,72,50,50,50,50,50,50,50,50,50,50,50,50,50,57,57,57,57,57,57,57,57],"card_choices":[{"not_picked":["Barrage","Cold Snap"],"picked":"Steam","floor":1.0},{"not_picked":["Stack","Undo"],"picked":"Go for the Eyes","floor":3.0},{"not_picked":["Force Field","Fusion"],"picked":"Defragment","floor":4.0},{"not_picked":["Fusion","Machine Learning"],"picked":"Conserve Battery","floor":5.0},{"not_picked":["Conserve Battery","Barrage","Stack"],"picked":"SKIP","floor":7.0},{"not_picked":["Hello World","Cold Snap","Stack"],"picked":"SKIP","floor":11.0},{"not_picked":["Reprogram","Sweeping Beam"],"picked":"Scrape","floor":12.0},{"not_picked":["Compile Driver","Hello World"],"picked":"Go for the Eyes","floor":14.0},{"not_picked":["Buffer","Multi-Cast"],"picked":"All For One","floor":16.0},{"not_picked":["Cold Snap","Go for the Eyes+1","Storm"],"picked":"SKIP","floor":18.0},{"not_picked":["Barrage","Compile Driver","Hello World"],"picked":"SKIP","floor":20.0},{"not_picked":["Barrage","Compile Driver","Hello World"],"picked":"SKIP","floor":20.0},{"not_picked":["Cold Snap","Skim+1"],"picked":"Sweeping Beam+1","floor":22.0},{"not_picked":["Heatsinks","Sweeping Beam"],"picked":"Auto Shields+1","floor":24.0},{"not_picked":["Streamline","Hologram"],"picked":"Melter","floor":27.0},{"not_picked":["Storm","Capacitor","Melter"],"picked":"SKIP","floor":28.0},{"not_picked":["Reboot","Multi-Cast"],"picked":"Seek","floor":33.0},{"not_picked":["Hologram","Ball Lightning+1"],"picked":"Coolheaded","floor":35.0},{"not_picked":["Compile Driver+1","Cold Snap"],"picked":"Consume+1","floor":36.0},{"not_picked":["Turbo","Undo+1"],"picked":"BootSequence+1","floor":37.0},{"not_picked":["Redo+1","Conserve Battery"],"picked":"Echo Form","floor":38.0},{"not_picked":["Creative AI","Rip and Tear+1"],"picked":"Tempest+1","floor":41.0},{"not_picked":["Go for the Eyes","Compile Driver","Streamline"],"picked":"SKIP","floor":44.0},{"not_picked":["Aggregate+1","Coolheaded"],"picked":"Hologram+1","floor":45.0},{"not_picked":["Conserve Battery","Turbo"],"picked":"Self Repair+1","floor":48.0}],"player_experience":98251,"relics_obtained":[{"floor":7.0,"key":"Bottled Lightning"},{"floor":9.0,"key":"Boot"},{"floor":11.0,"key":"Bag of Marbles"},{"floor":24.0,"key":"Mercury Hourglass"},{"floor":25.0,"key":"Anchor"},{"floor":26.0,"key":"Oddly Smooth Stone"},{"floor":36.0,"key":"Shovel"},{"floor":41.0,"key":"Vajra"},{"floor":42.0,"key":"Nunchaku"},{"floor":43.0,"key":"Strawberry"},{"floor":49.0,"key":"Lantern"}],"event_choices":[{"cards_removed":["Strike_B"],"damage_healed":0.0,"max_hp_gain":0.0,"max_hp_loss":0.0,"gold_gain":0.0,"event_name":"The Cleric","player_choice":"Card Removal","floor":2.0,"gold_loss":50.0,"damage_taken":0.0},{"damage_healed":18.0,"max_hp_gain":0.0,"max_hp_loss":0.0,"gold_gain":0.0,"event_name":"Mushrooms","player_choice":"Healed and dodged fight","floor":13.0,"gold_loss":0.0,"damage_taken":0.0,"cards_obtained":["Parasite"]},{"damage_healed":0.0,"max_hp_gain":0.0,"max_hp_loss":22.0,"gold_gain":0.0,"event_name":"Vampires","player_choice":"Became a vampire","floor":30.0,"gold_loss":0.0,"damage_taken":0.0,"cards_obtained":["Bite","Bite","Bite","Bite","Bite"]},{"damage_healed":0.0,"max_hp_gain":0.0,"max_hp_loss":0.0,"gold_gain":0.0,"event_name":"Drug Dealer","player_choice":"Inject Mutagens","floor":31.0,"gold_loss":0.0,"damage_taken":0.0,"relics_obtained":["MutagenicStrength"]},{"damage_healed":0.0,"max_hp_gain":0.0,"max_hp_loss":0.0,"gold_gain":0.0,"event_name":"Mysterious Sphere","player_choice":"Fight","floor":36.0,"gold_loss":0.0,"damage_taken":0.0},{"damage_healed":0.0,"max_hp_gain":0.0,"max_hp_loss":0.0,"gold_gain":0.0,"event_name":"Tomb of Lord Red Mask","player_choice":"Paid","floor":39.0,"gold_loss":3.0,"damage_taken":0.0,"relics_obtained":["Red Mask"]},{"damage_healed":0.0,"max_hp_gain":0.0,"max_hp_loss":0.0,"gold_gain":0.0,"event_name":"Upgrade Shrine","player_choice":"Upgraded","floor":46.0,"gold_loss":0.0,"damage_taken":0.0,"cards_upgraded":["Seek"]}],"is_beta":false,"boss_relics":[{"not_picked":["Astrolabe","Eternal Feather"],"picked":"Ectoplasm"},{"not_picked":["Coffee Dripper","Philosopher\u0027s Stone"],"picked":"Nuclear Battery"}],"items_purged_floors":[19],"is_endless":false,"potions_floor_spawned":[4,7,12,14,16,18,22,28,33,36,41,44,45],"ascension_level":0}