{"gold_per_floor":[111,125,58,75,93,93,123,123,123,157,157,173,191,207,207,312,312,325,356,370,40,40,40],"floor_reached":23,"playtime":1716,"items_purged":[],"score":203,"play_id":"2fe2f2d0-37fd-4545-afef-23e702007f3f","local_time":"20190119203926","is_ascension_mode":false,"campfire_choices":[{"data":"Uppercut","floor":6,"key":"SMITH"},{"data":"Barricade","floor":8,"key":"SMITH"},{"data":"Pommel Strike","floor":11,"key":"SMITH"},{"floor":15,"key":"REST"}],"neow_cost":"NONE","seed_source_timestamp":506363963777278,"circlet_count":0,"master_deck":["Strike_R","Strike_R","Strike_R","Strike_R","Strike_R","Defend_R","Defend_R","Defend_R","Defend_R","Bash","Clothesline","Headbutt","Uppercut+1","Ghostly Armor","Barricade+1","Pommel Strike+1","Disarm","Pummel","Feel No Pain","Limit Break","Armaments+1","Body Slam","Inflame","Writhe"],"relics":["Burning Blood","NeowsBlessing","Kunai","Darkstone Periapt","Gremlin Horn","Cursed Key","Red Mask","Bronze Scales","Bag of Preparation","Juzu Bracelet"],"potions_floor_usage":[10,10,16,23],"damage_taken":[{"damage":0,"enemies":"Cultist","floor":1,"turns":1},{"damage":0,"enemies":"2 Louse","floor":2,"turns":1},{"damage":0,"enemies":"Small Slimes","floor":4,"turns":1},{"damage":14,"enemies":"Red Slaver","floor":5,"turns":3},{"damage":34,"enemies":"Lagavulin","floor":7,"turns":7},{"damage":10,"enemies":"Gremlin Nob","floor":10,"turns":3},{"damage":11,"enemies":"Lots of Slimes","floor":12,"turns":4},{"damage":13,"enemies":"Exordium Wildlife","floor":13,"turns":5},{"damage":10,"enemies":"Looter","floor":14,"turns":3},{"damage":29,"enemies":"Slime Boss","floor":16,"turns":12},{"damage":5,"enemies":"Chosen","floor":18,"turns":5},{"damage":65,"enemies":"Masked Bandits","floor":19,"turns":8},{"damage":14,"enemies":"Spheric Guardian","floor":20,"turns":4},{"damage":24,"enemies":"Slavers","floor":23,"turns":3}],"seed_played":"4790559447656347923","potions_obtained":[{"floor":2,"key":"GamblersBrew"},{"floor":4,"key":"Energy Potion"},{"floor":10,"key":"Dexterity Potion"},{"floor":12,"key":"Swift Potion"},{"floor":20,"key":"EssenceOfSteel"}],"is_trial":false,"path_per_floor":["M","M","$","M","M","R","E","R","T","E","R","M","M","M","R","B",null,"M","?","M","$","?","E"],"character_chosen":"IRONCLAD","items_purchased":["Uppercut","Inflame","Bronze Scales","Bag of Preparation"],"campfire_rested":1,"item_purchase_floors":[3,21,21,21],"current_hp_per_floor":[80,80,80,80,72,72,44,44,44,40,40,35,28,24,48,25,80,80,21,13,13,19,0],"gold":40,"neow_bonus":"THREE_ENEMY_KILL","is_prod":false,"is_daily":false,"chose_seed":false,"campfire_upgraded":3,"win_rate":0,"timestamp":1547948366,"path_taken":["M","?","$","M","M","R","E","R","T","E","R","M","M","M","R","BOSS","M","?","M","$","?","E"],"build_version":"2019-01-17v2","purchased_purges":0,"victory":false,"max_hp_per_floor":[80,80,80,80,80,80,80,80,80,80,80,80,80,80,80,80,80,80,80,80,80,86,86],"card_choices":[{"not_picked":["Flex","Clash"],"picked":"Clothesline","floor":1},{"not_picked":["Thunderclap","Sever Soul"],"picked":"Headbutt","floor":2},{"not_picked":["Twin Strike","Dual Wield","Flex"],"picked":"SKIP","floor":4},{"not_picked":["Immolate","Perfected Strike"],"picked":"Ghostly Armor","floor":5},{"not_picked":["Sever Soul","Headbutt"],"picked":"Barricade","floor":7},{"not_picked":["Perfected Strike","Dual Wield"],"picked":"Pommel Strike","floor":10},{"not_picked":["Perfected Strike","Clash"],"picked":"Disarm","floor":12},{"not_picked":["Sever Soul","Sword Boomerang"],"picked":"Pummel","floor":13},{"not_picked":["Havoc","Body Slam"],"picked":"Feel No Pain","floor":14},{"not_picked":["Brutality","Bludgeon"],"picked":"Limit Break","floor":16},{"not_picked":["Twin Strike","Second Wind","Flex"],"picked":"SKIP","floor":18},{"not_picked":["Evolve+1","Warcry"],"picked":"Armaments+1","floor":19},{"not_picked":["Sword Boomerang","Rampage"],"picked":"Body Slam","floor":20}],"player_experience":71459,"relics_obtained":[{"floor":7,"key":"Kunai"},{"floor":9,"key":"Darkstone Periapt"},{"floor":10,"key":"Gremlin Horn"},{"floor":19,"key":"Red Mask"}],"event_choices":[{"damage_healed":0,"gold_gain":0,"player_choice":"Fought Bandits","damage_taken":0,"max_hp_gain":0,"max_hp_loss":0,"event_name":"Masked Bandits","floor":19,"gold_loss":0},{"damage_healed":0,"gold_gain":0,"player_choice":"Opened","damage_taken":0,"relics_obtained":["Juzu Bracelet"],"max_hp_gain":0,"max_hp_loss":0,"event_name":"The Mausoleum","floor":22,"gold_loss":0,"cards_obtained":["Writhe"]}],"is_beta":false,"boss_relics":[{"not_picked":["Fusion Hammer","Astrolabe"],"picked":"Cursed Key"}],"items_purged_floors":[],"is_endless":false,"potions_floor_spawned":[2,4,10,12,20],"killed_by":"Slavers","ascension_level":0}