{"gold_per_floor":[109,126,126,89,104,135,87,87,87,87,87,112,11,11,11,110,110,126,126,137,137,154,154,488,488,567,567,567,584,612,627,627,731,731,743,754,754,854,854,854,764,764,764,778,74,101,101,101,101,121],"floor_reached":51,"playtime":4164,"items_purged":["Strike_B"],"score":902,"play_id":"972b9f12-977c-45f3-a5ac-fd2ec6dd9419","local_time":"20190120225955","is_ascension_mode":true,"campfire_choices":[{"data":"Zap","floor":8,"key":"SMITH"},{"data":"Loop","floor":10,"key":"SMITH"},{"data":"Lockon","floor":15,"key":"SMITH"},{"data":"Machine Learning","floor":23,"key":"SMITH"},{"data":"White Noise","floor":25,"key":"SMITH"},{"data":"Chill","floor":27,"key":"SMITH"},{"floor":32,"key":"REST"},{"data":"Defragment","floor":40,"key":"SMITH"},{"data":"Jack Of All Trades","floor":42,"key":"SMITH"},{"floor":49,"key":"DIG"}],"neow_cost":"NONE","seed_source_timestamp":250951852712321,"circlet_count":0,"master_deck":["Strike_B+1","Strike_B","Strike_B+1","Defend_B+1","Defend_B","Defend_B","Defend_B","Zap+1","Dualcast","Trip","White Noise+1","FTL+1","Chill+1","Loop+1","Lockon+1","Beam Cell","Machine Learning+1","Coolheaded+1","Glacier","Rip and Tear+1","Shame","Consume+1","Multi-Cast","Defragment+1","All For One+1","Parasite","Doubt","Decay","Beam Cell+1","Coolheaded+1","Jack Of All Trades+1","Leap+1","Writhe","Decay","Violence","Barrage+1"],"relics":["Cracked Core","Pear","Dodecahedron","DataDisk","Cursed Key","Old Coin","Gremlin Horn","Du-Vu Doll","Art of War","Calling Bell","Bag of Marbles","Mummified Hand","Ginger","Shovel","Bottled Flame","Nunchaku","Whetstone","Strawberry","Sundial"],"potions_floor_usage":[5,6,12,20,24,29,30,33,50],"damage_taken":[{"damage":1,"enemies":"Jaw Worm","floor":1,"turns":4},{"damage":0,"enemies":"Cultist","floor":2,"turns":3},{"damage":2,"enemies":"Small Slimes","floor":5,"turns":2},{"damage":6,"enemies":"Lagavulin","floor":6,"turns":6},{"damage":5,"enemies":"Gremlin Nob","floor":12,"turns":4},{"damage":16,"enemies":"The Guardian","floor":16,"turns":13},{"damage":16,"enemies":"2 Thieves","floor":18,"turns":4},{"damage":10,"enemies":"3 Byrds","floor":20,"turns":3},{"damage":21,"enemies":"Snake Plant","floor":22,"turns":6},{"damage":4,"enemies":"Gremlin Leader","floor":24,"turns":6},{"damage":0,"enemies":"Centurion and Healer","floor":29,"turns":4},{"damage":18,"enemies":"Slavers","floor":30,"turns":3},{"damage":1,"enemies":"Cultist and Chosen","floor":31,"turns":5},{"damage":19,"enemies":"Collector","floor":33,"turns":12},{"damage":11,"enemies":"Orb Walker","floor":35,"turns":2},{"damage":14,"enemies":"3 Darklings","floor":36,"turns":5},{"damage":13,"enemies":"Mind Bloom Boss Battle","floor":38,"turns":5},{"damage":5,"enemies":"Transient","floor":44,"turns":5},{"damage":0,"enemies":"Reptomancer","floor":46,"turns":3},{"damage":12,"enemies":"Awakened One","floor":50,"turns":10}],"seed_played":"3405772431686768456","potions_obtained":[{"floor":2,"key":"Fire Potion"},{"floor":5,"key":"Weak Potion"},{"floor":12,"key":"Explosive Potion"},{"floor":16,"key":"Explosive Potion"},{"floor":20,"key":"LiquidBronze"},{"floor":22,"key":"Explosive Potion"},{"floor":24,"key":"Regen Potion"},{"floor":36,"key":"SpeedPotion"}],"is_trial":false,"path_per_floor":["M","M","?","$","M","E","$","R","T","R","?","E","$","?","R","B",null,"M","?","M","$","M","R","E","R","T","R","T","M","E","M","R","B",null,"M","M","?","?","?","R","?","R","T","M","$","E","?","$","R","B",null],"character_chosen":"DEFECT","items_purchased":["Chill","AttackPotion","Beam Cell","Nunchaku","Whetstone","Block Potion","Swift Potion","Violence"],"campfire_rested":1,"item_purchase_floors":[4,7,13,45,45,45,45,45],"current_hp_per_floor":[74,74,75,75,73,77,77,77,77,77,82,77,77,59,59,43,90,74,74,64,64,43,43,39,39,39,39,39,51,33,32,59,40,90,79,65,65,52,75,75,75,75,75,70,70,77,77,77,77,65],"gold":121,"neow_bonus":"RANDOM_COLORLESS","is_prod":false,"is_daily":false,"chose_seed":false,"campfire_upgraded":8,"win_rate":0,"timestamp":1548053995,"path_taken":["M","M","?","$","M","E","?","R","T","R","?","E","$","?","R","BOSS","M","?","M","$","M","R","E","R","T","R","?","M","E","M","R","BOSS","M","M","?","?","?","R","?","R","T","?","$","E","?","?","R","BOSS"],"build_version":"2019-01-17v2","purchased_purges":1,"victory":true,"max_hp_per_floor":[75,75,75,75,75,85,85,85,85,85,90,90,90,90,90,90,90,90,90,90,90,90,90,90,90,90,90,90,90,90,90,90,90,90,90,90,90,90,90,90,90,90,90,90,90,97,97,97,97,97],"card_choices":[{"not_picked":["Conserve Battery","Cold Snap"],"picked":"White Noise","floor":1},{"not_picked":["Redo","Gash"],"picked":"FTL","floor":2},{"not_picked":["Darkness","Turbo","Hello World"],"picked":"SKIP","floor":5},{"not_picked":["Rebound","Auto Shields"],"picked":"Loop","floor":6},{"not_picked":["Fusion","Redo"],"picked":"Lockon","floor":12},{"not_picked":["Rainbow","Amplify"],"picked":"Machine Learning","floor":16},{"not_picked":["Gash","Steam"],"picked":"Coolheaded+1","floor":18},{"not_picked":["Coolheaded","Sweeping Beam"],"picked":"Glacier","floor":20},{"not_picked":["Chill+1","Gash"],"picked":"Rip and Tear+1","floor":22},{"not_picked":["Cold Snap+1","Conserve Battery"],"picked":"Sweeping Beam+1","floor":24},{"not_picked":["Coolheaded","Barrage"],"picked":"Consume+1","floor":29},{"not_picked":["Melter","Skim"],"picked":"Multi-Cast","floor":30},{"not_picked":["Fusion","Reprogram"],"picked":"Defragment","floor":31},{"not_picked":["Hyperbeam","Multi-Cast"],"picked":"All For One","floor":33},{"not_picked":["Self Repair","Coolheaded"],"picked":"Beam Cell+1","floor":35},{"not_picked":["Self Repair+1","Beam Cell+1"],"picked":"Coolheaded+1","floor":36},{"not_picked":["Deep Breath","Mind Blast"],"picked":"Jack Of All Trades","floor":37},{"not_picked":["Force Field","Go for the Eyes"],"picked":"Leap+1","floor":38},{"not_picked":["Sunder","Consume","Compile Driver"],"picked":"SKIP","floor":44},{"not_picked":["All For One","Steam Power+1"],"picked":"Barrage+1","floor":46}],"player_experience":304446,"relics_obtained":[{"floor":6,"key":"Pear"},{"floor":9,"key":"Dodecahedron"},{"floor":12,"key":"DataDisk"},{"floor":24,"key":"Old Coin"},{"floor":26,"key":"Gremlin Horn"},{"floor":28,"key":"Du-Vu Doll"},{"floor":30,"key":"Art of War"},{"floor":34,"key":"Bag of Marbles"},{"floor":34,"key":"Mummified Hand"},{"floor":34,"key":"Ginger"},{"floor":38,"key":"Shovel"},{"floor":43,"key":"Bottled Flame"},{"floor":46,"key":"Strawberry"},{"floor":49,"key":"Sundial"}],"event_choices":[{"damage_healed":1,"gold_gain":0,"player_choice":"Full Heal","damage_taken":0,"max_hp_gain":0,"max_hp_loss":0,"event_name":"Wheel of Change","floor":3,"gold_loss":0},{"damage_healed":0,"gold_gain":0,"player_choice":"Donut","damage_taken":0,"max_hp_gain":5,"max_hp_loss":0,"event_name":"Big Fish","floor":11,"gold_loss":0},{"damage_healed":0,"gold_gain":0,"player_choice":"Entered Light","damage_taken":18,"max_hp_gain":0,"max_hp_loss":0,"event_name":"Shining Light","floor":14,"gold_loss":0,"cards_upgraded":["Strike_B","FTL"]},{"damage_healed":0,"gold_gain":0,"player_choice":"Ignored","damage_taken":0,"max_hp_gain":0,"max_hp_loss":0,"event_name":"Ghosts","floor":19,"gold_loss":0},{"damage_healed":0,"gold_gain":0,"player_choice":"Memory 1","damage_taken":0,"max_hp_gain":0,"max_hp_loss":0,"event_name":"SensoryStone","floor":37,"gold_loss":0},{"damage_healed":0,"gold_gain":0,"player_choice":"Fight","damage_taken":0,"max_hp_gain":0,"max_hp_loss":0,"event_name":"MindBloom","floor":38,"gold_loss":0},{"damage_healed":23,"gold_gain":0,"player_choice":"Writhe","damage_taken":0,"max_hp_gain":0,"max_hp_loss":0,"event_name":"Winding Halls","floor":39,"gold_loss":0,"cards_obtained":["Writhe"]},{"cards_removed":["Normality"],"damage_healed":0,"gold_gain":0,"player_choice":"Upgrade and Remove","damage_taken":0,"max_hp_gain":0,"max_hp_loss":0,"event_name":"Designer","floor":41,"gold_loss":90,"cards_upgraded":["Defend_B"]},{"cards_removed":["Sweeping Beam"],"damage_healed":0,"gold_gain":0,"player_choice":"Removed Attack","damage_taken":0,"max_hp_gain":0,"max_hp_loss":0,"event_name":"Falling","floor":47,"gold_loss":0}],"is_beta":false,"boss_relics":[{"not_picked":["Philosopher\u0027s Stone","Fusion Hammer"],"picked":"Cursed Key"},{"not_picked":["Astrolabe","White Beast Statue"],"picked":"Calling Bell"}],"items_purged_floors":[13],"is_endless":false,"potions_floor_spawned":[2,5,12,16,20,22,24,36],"ascension_level":1}