{"gold_per_floor":[112,125,300,312,201,230,230,247,270,135,135,149,184,200,200,295,295,315,117,137,150,150,150,175,195,243,243,260,260,279,279,279,379,379,390,191,191,211,4,4,37,55,55,55],"floor_reached":44,"playtime":1804,"items_purged":["Doubt","Strike_B","Strike_B","Shame"],"score":817,"play_id":"23005b05-2952-4126-8862-b366ff548298","local_time":"20181222173932","is_ascension_mode":true,"campfire_choices":[{"data":"Loop","floor":7,"key":"SMITH"},{"data":"Zap","floor":11,"key":"SMITH"},{"floor":15,"key":"REST"},{"floor":23,"key":"REST"},{"floor":29,"key":"REST"},{"floor":32,"key":"REST"},{"data":"Defragment","floor":40,"key":"SMITH"}],"neow_cost":"NONE","seed_source_timestamp":174975040963924,"circlet_count":0,"master_deck":["AscendersBane","Strike_B","Strike_B","Defend_B","Defend_B","Defend_B","Defend_B","Zap+1","Dualcast","Compile Driver","Chill","Loop+1","Blizzard","Ball Lightning","Doom and Gloom","Leap","Core Surge","Hologram","Cold Snap","Biased Cognition","Coolheaded","Capacitor","Go for the Eyes+1","Defragment+1","Defragment","Cold Snap","Hologram+1","Consume","Amplify","Doubt","Doubt","Doubt","Conserve Battery+1","Buffer+1","Heatsinks+1","Cold Snap+1"],"relics":["Cracked Core","DataDisk","Orichalcum","Ancient Tea Set","Dream Catcher","Sozu","Nilry\u0027s Codex","Darkstone Periapt","Lantern","Smiling Mask","Calling Bell","Vajra","Frozen Egg 2","Emotion Chip","Runic Capacitor","Omamori"],"potions_floor_usage":[6,14,16],"damage_taken":[{"damage":9,"enemies":"Jaw Worm","floor":1,"turns":3},{"damage":0,"enemies":"2 Louse","floor":2,"turns":2},{"damage":0,"enemies":"Small Slimes","floor":4,"turns":2},{"damage":23,"enemies":"Gremlin Nob","floor":6,"turns":5},{"damage":6,"enemies":"Looter","floor":8,"turns":3},{"damage":0,"enemies":"Gremlin Gang","floor":12,"turns":3},{"damage":12,"enemies":"Lagavulin","floor":13,"turns":4},{"damage":3,"enemies":"3 Louse","floor":14,"turns":3},{"damage":12,"enemies":"The Guardian","floor":16,"turns":9},{"damage":3,"enemies":"2 Thieves","floor":18,"turns":3},{"damage":6,"enemies":"Spheric Guardian","floor":20,"turns":3},{"damage":0,"enemies":"Chosen and Byrds","floor":21,"turns":4},{"damage":13,"enemies":"Book of Stabbing","floor":24,"turns":5},{"damage":20,"enemies":"Cultist and Chosen","floor":25,"turns":5},{"damage":6,"enemies":"Snake Plant","floor":28,"turns":4},{"damage":3,"enemies":"Shelled Parasite and Fungi","floor":30,"turns":5},{"damage":24,"enemies":"Champ","floor":33,"turns":14},{"damage":23,"enemies":"3 Shapes","floor":35,"turns":4},{"damage":19,"enemies":"3 Darklings","floor":38,"turns":7},{"damage":16,"enemies":"Giant Head","floor":41,"turns":7},{"damage":23,"enemies":"Sphere and 2 Shapes","floor":42,"turns":5},{"damage":46,"enemies":"Jaw Worm Horde","floor":44,"turns":3}],"seed_played":"-3317281836617688815","potions_obtained":[{"floor":2,"key":"GamblersBrew"},{"floor":4,"key":"Block Potion"},{"floor":6,"key":"FearPotion"},{"floor":14,"key":"FocusPotion"}],"is_trial":false,"path_per_floor":["M","M","?","M","$","E","R","M","T","$","R","M","E","M","R","B",null,"M","$","M","M","?","R","E","M","T","?","M","R","M","?","R","B",null,"M","$","?","M","$","R","E","M","T","M"],"character_chosen":"DEFECT","items_purchased":["Blizzard","Doom and Gloom","Capacitor","Buffer+1","Runic Capacitor"],"campfire_rested":4,"item_purchase_floors":[5,10,19,36,39],"current_hp_per_floor":[59,59,59,59,59,36,36,30,30,30,30,30,18,15,37,25,63,60,60,54,54,38,60,47,27,27,33,27,51,48,48,72,48,91,68,68,99,80,80,80,64,41,41,0],"gold":55,"neow_bonus":"RANDOM_COMMON_RELIC","is_prod":false,"is_daily":false,"chose_seed":false,"campfire_upgraded":3,"win_rate":0,"timestamp":1545518372,"path_taken":["M","M","?","M","$","E","R","M","T","$","R","M","E","M","R","BOSS","M","$","M","M","?","R","E","M","T","?","M","R","M","?","R","BOSS","M","$","?","M","$","R","E","M","T","?"],"build_version":"2018-12-20","purchased_purges":4,"victory":false,"max_hp_per_floor":[75,75,75,75,75,75,75,75,75,75,75,75,75,75,75,75,75,75,75,75,75,75,75,75,75,75,81,81,81,81,81,81,81,99,99,99,99,99,99,99,99,99,99,99],"card_choices":[{"not_picked":["Beam Cell","Barrage"],"picked":"Compile Driver","floor":1},{"not_picked":["Doom and Gloom","Meteor Strike"],"picked":"Chill","floor":2},{"not_picked":["Steam Power","Tempest"],"picked":"Loop","floor":4},{"not_picked":["Sweeping Beam","BootSequence"],"picked":"Ball Lightning","floor":6},{"not_picked":["Compile Driver","Turbo","Hologram"],"picked":"SKIP","floor":8},{"not_picked":["Sweeping Beam","Hologram"],"picked":"Leap","floor":12},{"not_picked":["Rip and Tear","Ball Lightning"],"picked":"Core Surge","floor":13},{"not_picked":["Barrage","Stack"],"picked":"Hologram","floor":14},{"not_picked":["Hologram","Undo"],"picked":"Cold Snap","floor":15},{"not_picked":["All For One","Fission"],"picked":"Biased Cognition","floor":16},{"not_picked":["Doom and Gloom","Hello World"],"picked":"Coolheaded","floor":18},{"not_picked":["Ball Lightning","Rebound"],"picked":"Go for the Eyes+1","floor":20},{"not_picked":["Undo","Static Discharge"],"picked":"Defragment","floor":21},{"not_picked":["Heatsinks","Hologram"],"picked":"Defragment","floor":23},{"not_picked":["Heatsinks","Scrape"],"picked":"Cold Snap","floor":24},{"not_picked":["Rebound+1","Tempest"],"picked":"Hologram+1","floor":25},{"not_picked":["Hologram","White Noise","Ball Lightning"],"picked":"SKIP","floor":28},{"not_picked":["Ball Lightning+1","Rebound+1","Compile Driver"],"picked":"SKIP","floor":30},{"not_picked":["Multi-Cast","Rainbow"],"picked":"Amplify","floor":33},{"not_picked":["Genetic Algorithm+1","Ball Lightning"],"picked":"Conserve Battery+1","floor":35},{"not_picked":["Gash+1","Fusion+1"],"picked":"Heatsinks+1","floor":38},{"not_picked":["Cold Snap","Conserve Battery+1","Barrage"],"picked":"SKIP","floor":41},{"not_picked":["Static Discharge+1","Ball Lightning"],"picked":"Cold Snap+1","floor":42}],"player_experience":391510,"relics_obtained":[{"floor":6,"key":"Orichalcum"},{"floor":9,"key":"Ancient Tea Set"},{"floor":13,"key":"Dream Catcher"},{"floor":22,"key":"Nilry\u0027s Codex"},{"floor":24,"key":"Darkstone Periapt"},{"floor":26,"key":"Lantern"},{"floor":34,"key":"Vajra"},{"floor":34,"key":"Frozen Egg 2"},{"floor":34,"key":"Emotion Chip"},{"floor":41,"key":"Omamori"}],"event_choices":[{"damage_healed":0,"gold_gain":175,"player_choice":"AGREE","damage_taken":0,"max_hp_gain":0,"max_hp_loss":0,"event_name":"Liars Game","floor":3,"gold_loss":0,"cards_obtained":["Doubt"]},{"damage_healed":0,"gold_gain":0,"player_choice":"Obtained Book","damage_taken":16,"max_hp_gain":0,"max_hp_loss":0,"event_name":"Cursed Tome","floor":22,"gold_loss":0},{"damage_healed":0,"gold_gain":0,"player_choice":"Stole Relic","damage_taken":0,"relics_obtained":["Smiling Mask"],"max_hp_gain":0,"max_hp_loss":0,"event_name":"Addict","floor":27,"gold_loss":0,"cards_obtained":["Shame"]},{"damage_healed":0,"gold_gain":0,"player_choice":"Read","damage_taken":0,"max_hp_gain":0,"max_hp_loss":0,"event_name":"The Library","floor":31,"gold_loss":0,"cards_obtained":["Consume"]},{"damage_healed":31,"gold_gain":0,"player_choice":"Full Heal","damage_taken":0,"max_hp_gain":0,"max_hp_loss":0,"event_name":"Wheel of Change","floor":37,"gold_loss":0}],"is_beta":false,"boss_relics":[{"not_picked":["Nuclear Battery","White Beast Statue"],"picked":"Sozu"},{"not_picked":["Pandora\u0027s Box","Eternal Feather"],"picked":"Calling Bell"}],"items_purged_floors":[5,10,19,36],"is_endless":false,"potions_floor_spawned":[2,4,6,14,21,24,25,33,38,42],"killed_by":"Jaw Worm Horde","ascension_level":11}