{"gold_per_floor":[111,111,127,143,218,218,249,249],"floor_reached":8,"playtime":443,"items_purged":[],"score":112,"play_id":"c2fa4885-63ad-46ae-bcfa-a66cabc7b45e","local_time":"20181203222245","is_ascension_mode":true,"campfire_choices":[{"data":"Neutralize","floor":6.0,"key":"SMITH"}],"neow_cost":"NONE","seed_source_timestamp":151419896201000,"circlet_count":0,"master_deck":["AscendersBane","Defend_G","Defend_G","Defend_G","Defend_G","Defend_G","Strike_G","Strike_G","Strike_G","Strike_G","Strike_G","Survivor","Neutralize+1","Flying Knee","Sucker Punch","Flying Knee","Deadly Poison"],"special_seed":0,"relics":["Black Star","Strawberry","Boot"],"potions_floor_usage":[],"damage_taken":[{"damage":0.0,"enemies":"Small Slimes","floor":1.0,"turns":4.0},{"damage":8.0,"enemies":"Jaw Worm","floor":3.0,"turns":4.0},{"damage":0.0,"enemies":"2 Louse","floor":4.0,"turns":2.0},{"damage":27.0,"enemies":"3 Sentries","floor":7.0,"turns":10.0},{"damage":30,"enemies":"Exordium Wildlife","floor":8,"turns":4}],"seed_played":"6260279018929105762","potions_obtained":[{"floor":3.0,"key":"SteroidPotion"},{"floor":7.0,"key":"Energy Potion"}],"is_trial":false,"path_per_floor":["M","?","M","M","?","R","E","M"],"character_chosen":"THE_SILENT","items_purchased":[],"campfire_rested":0,"item_purchase_floors":[],"current_hp_per_floor":[59,59,51,51,40,40,20,0],"gold":249,"neow_bonus":"BOSS_RELIC","is_prod":false,"is_daily":false,"chose_seed":false,"campfire_upgraded":1,"win_rate":0,"timestamp":1543893765,"path_taken":["M","?","M","M","?","R","E","M"],"build_version":"2018-11-15","purchased_purges":0,"victory":false,"max_hp_per_floor":[66,66,66,66,66,66,73,73],"card_choices":[{"not_picked":["Caltrops","Blade Dance"],"picked":"Flying Knee","floor":1.0},{"not_picked":["Quick Slash","Acrobatics"],"picked":"Sucker Punch","floor":3.0},{"not_picked":["Outmaneuver","Acrobatics"],"picked":"Flying Knee","floor":4.0},{"not_picked":["Finisher","Distraction"],"picked":"Deadly Poison","floor":7.0}],"player_experience":1753522,"relics_obtained":[{"floor":7.0,"key":"Strawberry"},{"floor":7.0,"key":"Boot"}],"event_choices":[{"damage_healed":0.0,"max_hp_gain":0.0,"max_hp_loss":0.0,"gold_gain":0.0,"event_name":"Liars Game","player_choice":"Ignored","floor":2.0,"gold_loss":0.0,"damage_taken":0.0},{"damage_healed":0.0,"max_hp_gain":0.0,"max_hp_loss":0.0,"gold_gain":75.0,"event_name":"World of Goop","player_choice":"Gather Gold","floor":5.0,"gold_loss":0.0,"damage_taken":11.0}],"is_beta":true,"boss_relics":[],"items_purged_floors":[],"is_endless":false,"potions_floor_spawned":[3,7],"killed_by":"Exordium Wildlife","ascension_level":20}