{"gold_per_floor":[119,135,149,149,149,174,174,205,205,205,219,250,250,269,269,390,390,406,406,431,431,530,530,551,158,158,158,174,188,209,209],"floor_reached":31,"playtime":1271,"items_purged":["Regret"],"score":357,"play_id":"ee1ec804-0b7a-4876-9fa0-6c0cb6ecba12","local_time":"20180820172730","daily_mods":["Draft","Heirloom"],"is_ascension_mode":false,"campfire_choices":[{"data":"Consume","floor":10,"key":"SMITH"},{"data":"Go for the Eyes","floor":13,"key":"SMITH"},{"floor":15,"key":"REST"},{"data":"Sunder","floor":23,"key":"SMITH"},{"data":"Hologram","floor":27,"key":"SMITH"}],"neow_cost":"","seed_source_timestamp":0,"circlet_count":0,"master_deck":["Hologram+1","Consume+1","Gash","Conserve Battery","Double Energy","Conserve Battery","Glacier","Conserve Battery","Beam Cell","Ball Lightning","Ball Lightning","White Noise","Ball Lightning","Double Energy","Hologram+1","Ball Lightning","Ball Lightning","Beam Cell","Turbo","Scrape","Go for the Eyes+1","Ball Lightning","Go for the Eyes","Beam Cell","All For One","Sunder+1","Writhe","Gash","Necronomicurse","Gash+1","FTL","Writhe","Seek","Go for the Eyes+1","Rebound"],"relics":["Cracked Core","Sundial","Shuriken","Dream Catcher","Golden Idol","Kunai","Bottled Lightning","Emotion Chip","Cursed Key","Gremlin Horn","Necronomicon","Matryoshka","Bag of Preparation","Centennial Puzzle"],"potions_floor_usage":[12,31,31,31],"damage_taken":[{"damage":0,"enemies":"Small Slimes","floor":1,"turns":2},{"damage":4,"enemies":"Jaw Worm","floor":2,"turns":2},{"damage":0,"enemies":"2 Louse","floor":3,"turns":2},{"damage":2,"enemies":"3 Sentries","floor":6,"turns":4},{"damage":7,"enemies":"Gremlin Nob","floor":8,"turns":3},{"damage":13,"enemies":"Blue Slaver","floor":11,"turns":3},{"damage":14,"enemies":"Lagavulin","floor":12,"turns":4},{"damage":13,"enemies":"Gremlin Gang","floor":14,"turns":2},{"damage":2,"enemies":"Slime Boss","floor":16,"turns":4},{"damage":22,"enemies":"Shell Parasite","floor":18,"turns":3},{"damage":2,"enemies":"Spheric Guardian","floor":20,"turns":3},{"damage":10,"enemies":"Centurion and Healer","floor":24,"turns":3},{"damage":0,"enemies":"Snecko","floor":28,"turns":3},{"damage":0,"enemies":"3 Cultists","floor":29,"turns":3},{"damage":2,"enemies":"Chosen and Byrds","floor":30,"turns":2},{"damage":23,"enemies":"Slavers","floor":31,"turns":1}],"seed_played":"3568122204302215846","potions_obtained":[{"floor":1,"key":"Energy Potion"},{"floor":3,"key":"PowerPotion"},{"floor":16,"key":"Explosive Potion"},{"floor":24,"key":"Weak Potion"}],"is_trial":true,"path_per_floor":["M","M","M","?","?","E","?","E","T","R","M","E","R","M","R","B",null,"M","?","M","?","?","R","M","$","T","R","M","M","M"],"character_chosen":"DEFECT","items_purchased":["FTL","Matryoshka"],"campfire_rested":1,"item_purchase_floors":[25,25],"current_hp_per_floor":[75,75,75,75,75,73,55,48,48,48,35,21,21,8,30,28,75,53,53,51,35,35,35,25,25,25,25,25,25,23,0],"gold":209,"neow_bonus":"","is_prod":false,"is_daily":false,"chose_seed":false,"campfire_upgraded":4,"win_rate":0,"timestamp":1534753650,"path_taken":["M","M","M","?","?","E","?","E","T","R","M","E","R","M","R","BOSS","M","?","M","?","?","R","M","$","T","R","?","M","M","E"],"build_version":"2018-08-16","purchased_purges":1,"victory":false,"max_hp_per_floor":[75,75,75,75,75,75,75,75,75,75,75,75,75,75,75,75,75,75,75,75,75,75,75,75,75,75,75,75,75,75,75],"card_choices":[{"not_picked":["Hello World","Steam Power"],"picked":"Hologram","floor":0},{"not_picked":["Beam Cell","Leap"],"picked":"Consume","floor":0},{"not_picked":["Hologram","Stack"],"picked":"Gash","floor":0},{"not_picked":["Ball Lightning","Turbo"],"picked":"Conserve Battery","floor":0},{"not_picked":["Leap","Redo"],"picked":"Double Energy","floor":0},{"not_picked":["Beam Cell","Rip and Tear"],"picked":"Conserve Battery","floor":0},{"not_picked":["Go for the Eyes","Static Discharge"],"picked":"Glacier","floor":0},{"not_picked":["Coolheaded","Leap"],"picked":"Conserve Battery","floor":0},{"not_picked":["Blizzard","Auto Shields"],"picked":"Beam Cell","floor":0},{"not_picked":["Sweeping Beam","Barrage"],"picked":"Ball Lightning","floor":0},{"not_picked":["Beam Cell","Sweeping Beam"],"picked":"Ball Lightning","floor":0},{"not_picked":["Consume","Redo"],"picked":"White Noise","floor":0},{"not_picked":["Force Field","Coolheaded"],"picked":"Ball Lightning","floor":0},{"not_picked":["Cold Snap","Turbo"],"picked":"Double Energy","floor":0},{"not_picked":["Rebound","Genetic Algorithm"],"picked":"Hologram","floor":0},{"not_picked":["Streamline","Steam"],"picked":"Ball Lightning","floor":1},{"not_picked":["Coolheaded","Sweeping Beam"],"picked":"Ball Lightning","floor":2},{"not_picked":["Barrage","Sweeping Beam"],"picked":"Beam Cell","floor":3},{"not_picked":["Rainbow","Chill"],"picked":"Turbo","floor":6},{"not_picked":["Chaos","Thunder Strike"],"picked":"Scrape","floor":8},{"not_picked":["Conserve Battery","Leap"],"picked":"Go for the Eyes","floor":11},{"not_picked":["Scrape","Steam"],"picked":"Ball Lightning","floor":12},{"not_picked":["Chaos","Genetic Algorithm"],"picked":"Go for the Eyes","floor":14},{"not_picked":["Steam","Chaos"],"picked":"Beam Cell","floor":15},{"not_picked":["Machine Learning","Fission"],"picked":"All For One","floor":16},{"not_picked":["Turbo","Leap"],"picked":"Sunder","floor":18},{"not_picked":["Compile Driver+1","Beam Cell"],"picked":"Gash","floor":20},{"not_picked":["Static Discharge","Coolheaded"],"picked":"Gash+1","floor":24},{"not_picked":["Leap","Turbo+1"],"picked":"Seek","floor":28},{"not_picked":["Coolheaded","Leap+1"],"picked":"Go for the Eyes+1","floor":29},{"not_picked":["Glacier+1","Lockon+1"],"picked":"Rebound","floor":30}],"player_experience":351045,"relics_obtained":[{"floor":6,"key":"Dream Catcher"},{"floor":8,"key":"Kunai"},{"floor":9,"key":"Bottled Lightning"},{"floor":12,"key":"Emotion Chip"},{"floor":21,"key":"Necronomicon"},{"floor":26,"key":"Bag of Preparation"},{"floor":26,"key":"Centennial Puzzle"}],"event_choices":[{"event_name":"Living Wall","player_choice":"Grow","floor":4,"damage_taken":0},{"event_name":"Big Fish","player_choice":"Box","floor":5,"damage_taken":0},{"event_name":"Golden Idol","player_choice":"Take Damage","floor":7,"damage_taken":0},{"event_name":"The Mausoleum","player_choice":"Yes","floor":19,"damage_taken":0},{"event_name":"Cursed Tome","player_choice":"Obtained Book","floor":21,"damage_taken":0},{"event_name":"Nest","player_choice":"Stole From Cult","floor":22,"damage_taken":0}],"is_beta":true,"boss_relics":[{"not_picked":["Nuclear Battery","Eternal Feather"],"picked":"Cursed Key"}],"items_purged_floors":[25],"is_endless":false,"potions_floor_spawned":[1,3,16,24,30],"killed_by":"Slavers","ascension_level":0}