{"gold_per_floor":[115,290,300,315,315,315,2,2,2,2,35,62,80,114,114,215,215,234,245,245,245,345,374,391,406,406,422,422,454,504,114,114,114],"floor_reached":33,"playtime":2201,"items_purged":["Regret","Strike_R"],"score":352,"play_id":"f49531eb-19dd-4b1e-9458-e96a780e4b5a","local_time":"20190119001347","is_ascension_mode":true,"campfire_choices":[{"data":"Clothesline","floor":6,"key":"SMITH"},{"data":"Disarm","floor":8,"key":"SMITH"},{"data":"Dark Shackles","floor":10,"key":"SMITH"},{"data":"Whirlwind","floor":15,"key":"SMITH"},{"floor":28,"key":"REST"},{"floor":32,"key":"DIG"}],"neow_cost":"NONE","seed_source_timestamp":871104429761429,"circlet_count":0,"master_deck":["Strike_R","Strike_R+1","Strike_R","Strike_R","Defend_R+1","Defend_R","Defend_R","Defend_R+1","Bash+1","Disarm+1","Clothesline+1","Rampage+1","Dark Shackles+1","Whirlwind+1","Reaper","Exhume","Disarm","Shrug It Off","Writhe","Cleave+1","Ghostly Armor","Bandage Up"],"relics":["Black Blood","Pen Nib","Whetstone","Shuriken","Singing Bowl","Odd Mushroom","Centennial Puzzle","Gremlin Horn","War Paint","Shovel","FossilizedHelix","Chemical X","Omamori"],"potions_floor_usage":[11,12,13,19,19,23,24,33],"damage_taken":[{"damage":10,"enemies":"Small Slimes","floor":1,"turns":3},{"damage":7,"enemies":"2 Louse","floor":3,"turns":3},{"damage":10,"enemies":"Jaw Worm","floor":4,"turns":3},{"damage":8,"enemies":"Gremlin Nob","floor":11,"turns":4},{"damage":16,"enemies":"The Mushroom Lair","floor":12,"turns":5},{"damage":0,"enemies":"Large Slime","floor":13,"turns":4},{"damage":18,"enemies":"Lagavulin","floor":14,"turns":5},{"damage":28,"enemies":"Slime Boss","floor":16,"turns":8},{"damage":51,"enemies":"2 Thieves","floor":18,"turns":5},{"damage":11,"enemies":"Spheric Guardian","floor":19,"turns":3},{"damage":61,"enemies":"Slavers","floor":23,"turns":9},{"damage":0,"enemies":"Cultist and Chosen","floor":24,"turns":4},{"damage":2,"enemies":"Snake Plant","floor":25,"turns":5},{"damage":37,"enemies":"3 Cultists","floor":27,"turns":6},{"damage":18,"enemies":"Gremlin Leader","floor":29,"turns":6},{"damage":64,"enemies":"Automaton","floor":33,"turns":6}],"seed_played":"-3609969578617553431","potions_obtained":[{"floor":1,"key":"Weak Potion"},{"floor":3,"key":"LiquidBronze"},{"floor":11,"key":"Ancient Potion"},{"floor":12,"key":"Regen Potion"},{"floor":13,"key":"Regen Potion"},{"floor":18,"key":"Fire Potion"},{"floor":23,"key":"Dexterity Potion"},{"floor":27,"key":"FearPotion"},{"floor":29,"key":"AttackPotion"}],"is_trial":false,"path_per_floor":["M","?","M","M","?","R","$","R","T","R","E","?","M","E","R","B",null,"M","M","?","?","?","E","M","M","T","M","R","E","?","$","R","B"],"character_chosen":"IRONCLAD","items_purchased":["Whetstone","Dark Shackles","Chemical X","Bandage Up"],"campfire_rested":1,"item_purchase_floors":[7,7,31,31],"current_hp_per_floor":[76,76,75,71,71,71,71,71,71,71,71,61,81,69,69,52,84,63,71,71,71,71,28,38,48,48,34,60,60,60,60,60,0],"gold":114,"neow_bonus":"UPGRADE_CARD","is_prod":false,"is_daily":false,"chose_seed":false,"campfire_upgraded":4,"win_rate":0,"timestamp":1547874827,"path_taken":["M","?","M","M","?","R","$","R","T","R","E","?","M","E","R","BOSS","M","M","?","?","?","E","M","?","T","?","R","E","?","$","R","BOSS"],"build_version":"2019-01-17v2","purchased_purges":2,"victory":false,"max_hp_per_floor":[80,80,80,80,80,80,80,80,80,80,82,82,84,84,84,84,84,84,84,84,84,84,84,84,86,86,88,88,90,90,90,90,90],"card_choices":[{"not_picked":["Infernal Blade","Armaments"],"picked":"Disarm","floor":1},{"not_picked":["Flex","Iron Wave"],"picked":"Clothesline","floor":3},{"not_picked":["Body Slam","Battle Trance"],"picked":"Rampage","floor":4},{"not_picked":["Battle Trance","Havoc","Rupture"],"picked":"Singing Bowl","floor":11},{"not_picked":["Carnage","Dual Wield"],"picked":"Whirlwind","floor":12},{"not_picked":["Dropkick","Sword Boomerang","Rupture"],"picked":"Singing Bowl","floor":13},{"not_picked":["Fire Breathing","Juggernaut"],"picked":"Reaper","floor":14},{"not_picked":["Dark Embrace","Bludgeon"],"picked":"Exhume","floor":16},{"not_picked":["Headbutt","Warcry"],"picked":"Disarm","floor":18},{"not_picked":["Perfected Strike","Shockwave"],"picked":"Shrug It Off","floor":19},{"not_picked":["Pummel","Evolve"],"picked":"Cleave+1","floor":23},{"not_picked":["Evolve","Armaments"],"picked":"Ghostly Armor","floor":24},{"not_picked":["Armaments","Pommel Strike","Power Through"],"picked":"Singing Bowl","floor":25},{"not_picked":["Twin Strike","Pommel Strike","Second Wind"],"picked":"Singing Bowl","floor":27},{"not_picked":["Wild Strike","Bloodletting+1","Headbutt"],"picked":"Singing Bowl","floor":29}],"player_experience":259238,"relics_obtained":[{"floor":9,"key":"Shuriken"},{"floor":11,"key":"Singing Bowl"},{"floor":12,"key":"Odd Mushroom"},{"floor":14,"key":"Centennial Puzzle"},{"floor":23,"key":"War Paint"},{"floor":26,"key":"Shovel"},{"floor":29,"key":"FossilizedHelix"},{"floor":32,"key":"Omamori"}],"event_choices":[{"damage_healed":0,"gold_gain":175,"player_choice":"AGREE","damage_taken":0,"max_hp_gain":0,"max_hp_loss":0,"event_name":"Liars Game","floor":2,"gold_loss":0,"cards_obtained":["Doubt"]},{"damage_healed":0,"gold_gain":0,"player_choice":"Box","damage_taken":0,"relics_obtained":["Pen Nib"],"max_hp_gain":0,"max_hp_loss":0,"event_name":"Big Fish","floor":5,"gold_loss":0,"cards_obtained":["Regret"]},{"damage_healed":0,"gold_gain":0,"player_choice":"Fought Mushrooms","damage_taken":0,"max_hp_gain":0,"max_hp_loss":0,"event_name":"Mushrooms","floor":12,"gold_loss":0},{"cards_removed":["Doubt"],"damage_healed":0,"gold_gain":0,"player_choice":"Elegance","damage_taken":0,"max_hp_gain":0,"max_hp_loss":0,"event_name":"Back to Basics","floor":20,"gold_loss":0},{"damage_healed":0,"gold_gain":0,"player_choice":"Opened","damage_taken":0,"relics_obtained":["Gremlin Horn"],"max_hp_gain":0,"max_hp_loss":0,"event_name":"The Mausoleum","floor":21,"gold_loss":0,"cards_obtained":["Writhe"]},{"damage_healed":0,"gold_gain":100,"player_choice":"Pray","damage_taken":0,"max_hp_gain":0,"max_hp_loss":0,"event_name":"Golden Shrine","floor":22,"gold_loss":0},{"damage_healed":0,"gold_gain":100,"player_choice":"Bet on Murderer","damage_taken":0,"max_hp_gain":0,"max_hp_loss":0,"event_name":"The Joust","floor":30,"gold_loss":50}],"is_beta":false,"boss_relics":[{"not_picked":["Eternal Feather","Black Star"],"picked":"Black Blood"}],"items_purged_floors":[7,31],"is_endless":false,"potions_floor_spawned":[1,3,11,12,13,18,23,27,29],"killed_by":"Automaton","ascension_level":4}