{"gold_per_floor":[10,20,20,40,40,40,40,104,149,149,163,173,203,221,221,221],"floor_reached":16,"playtime":3125,"items_purged":[],"score":122,"play_id":"8b99461d-a483-4039-a896-3e807bfb4549","local_time":"20181012183955","is_ascension_mode":true,"campfire_choices":[{"data":"Dualcast","floor":6,"key":"SMITH"},{"floor":10,"key":"REST"},{"floor":15,"key":"REST"}],"neow_cost":"NO_GOLD","seed_source_timestamp":232774579811452,"circlet_count":0,"master_deck":["Strike_B","Strike_B","Strike_B","Defend_B","Defend_B","Defend_B","Zap+1","Dualcast+1","Double Energy","Cold Snap","Double Energy","Go for the Eyes","Turbo","Leap","Turbo","Hyperbeam","Defragment"],"relics":["Cracked Core","Regal Pillow","Gremlin Horn","Dream Catcher","Darkstone Periapt"],"potions_floor_usage":[8,11,12,16],"damage_taken":[{"damage":5,"enemies":"Jaw Worm","floor":1,"turns":4},{"damage":0,"enemies":"Cultist","floor":2,"turns":3},{"damage":5,"enemies":"2 Louse","floor":4,"turns":2},{"damage":29,"enemies":"Lagavulin Event","floor":8,"turns":7},{"damage":2,"enemies":"Exordium Wildlife","floor":11,"turns":3},{"damage":7,"enemies":"Gremlin Gang","floor":12,"turns":4},{"damage":33,"enemies":"Lagavulin","floor":13,"turns":8},{"damage":0,"enemies":"Large Slime","floor":14,"turns":5},{"damage":69,"enemies":"Slime Boss","floor":16,"turns":8}],"seed_played":"-3908074054031471652","potions_obtained":[{"floor":2,"key":"EssenceOfSteel"},{"floor":4,"key":"Weak Potion"},{"floor":8,"key":"AttackPotion"},{"floor":11,"key":"SkillPotion"},{"floor":13,"key":"Swift Potion"},{"floor":14,"key":"Energy Potion"}],"is_trial":false,"path_per_floor":["M","M","$","M","?","R","?","?","T","R","M","M","E","M","R"],"character_chosen":"DEFECT","items_purchased":[],"campfire_rested":2,"item_purchase_floors":[],"current_hp_per_floor":[70,70,70,65,65,65,65,36,36,73,71,64,31,31,68,0],"gold":221,"neow_bonus":"TRANSFORM_TWO_CARDS","is_prod":false,"is_daily":false,"chose_seed":false,"campfire_upgraded":1,"win_rate":0,"timestamp":1539383995,"path_taken":["M","M","$","M","?","R","?","?","T","R","M","M","E","M","R","BOSS"],"build_version":"2018-10-11","purchased_purges":0,"victory":false,"max_hp_per_floor":[75,75,75,75,75,75,75,75,75,75,75,75,75,75,75,75],"card_choices":[{"not_picked":["Rebound","Stack"],"picked":"Double Energy","floor":1},{"not_picked":["Cold Snap","Heatsinks"],"picked":"Go for the Eyes","floor":2},{"not_picked":["Aggregate","Genetic Algorithm"],"picked":"Turbo","floor":4},{"not_picked":["Force Field","Barrage"],"picked":"Leap","floor":8},{"not_picked":["Lockon","Genetic Algorithm"],"picked":"Turbo","floor":11},{"not_picked":["Coolheaded","Ball Lightning"],"picked":"Hyperbeam","floor":12},{"not_picked":["Turbo","Chaos"],"picked":"Defragment","floor":13},{"not_picked":["Leap","Streamline","Coolheaded"],"picked":"SKIP","floor":14}],"player_experience":283218,"relics_obtained":[{"floor":8,"key":"Gremlin Horn"},{"floor":9,"key":"Dream Catcher"},{"floor":13,"key":"Darkstone Periapt"}],"event_choices":[{"event_name":"WeMeetAgain","player_choice":"Potion","floor":5,"damage_taken":0},{"event_name":"Living Wall","player_choice":"Grow","floor":7,"damage_taken":0},{"event_name":"Dead Adventurer","player_choice":"Searched \u00271\u0027 times","floor":8,"damage_taken":0}],"is_beta":false,"boss_relics":[],"items_purged_floors":[],"is_endless":false,"potions_floor_spawned":[2,4,8,11,13,14],"killed_by":"Slime Boss","ascension_level":4}