{"gold_per_floor":[116,116,126,126,138,138,163,163,163,192,245,245],"floor_reached":12,"playtime":690,"items_purged":[],"score":76,"play_id":"83d79448-a22d-4032-a016-f491d624ac55","local_time":"20190107151525","is_ascension_mode":false,"campfire_choices":[{"data":"Armaments","floor":6,"key":"SMITH"},{"data":"Bash","floor":8,"key":"SMITH"}],"neow_cost":"NONE","seed_source_timestamp":561168659537088,"circlet_count":0,"master_deck":["Strike_R","Strike_R","Strike_R","Strike_R","Strike_R","Defend_R","Defend_R","Defend_R","Defend_R","Bash+1","True Grit","Feel No Pain","Armaments+1","Dropkick"],"relics":["Burning Blood","Happy Flower","Anchor","Ice Cream","Dead Branch"],"potions_floor_usage":[],"damage_taken":[{"damage":7,"enemies":"2 Louse","floor":1,"turns":4},{"damage":1,"enemies":"Jaw Worm","floor":3,"turns":3},{"damage":2,"enemies":"Small Slimes","floor":5,"turns":4},{"damage":29,"enemies":"Lagavulin","floor":10,"turns":7},{"damage":69,"enemies":"Lagavulin Event","floor":12,"turns":12}],"seed_played":"8985718977245814314","potions_obtained":[{"floor":10,"key":"Swift Potion"}],"is_trial":false,"path_per_floor":["M","?","M","?","M","R","T","R","T","E","?","?"],"character_chosen":"IRONCLAD","items_purchased":[],"campfire_rested":0,"item_purchase_floors":[],"current_hp_per_floor":[79,79,80,85,85,85,85,85,85,62,62,0],"gold":245,"neow_bonus":"RANDOM_COMMON_RELIC","is_prod":false,"is_daily":false,"chose_seed":false,"campfire_upgraded":2,"win_rate":0.0,"timestamp":1546870525,"path_taken":["M","?","M","?","M","R","?","R","T","E","?","?"],"build_version":"2019-01-03v4","purchased_purges":0,"victory":false,"max_hp_per_floor":[80,80,80,85,85,85,85,85,85,85,85,85],"card_choices":[{"not_picked":["Anger","Bloodletting"],"picked":"True Grit","floor":1},{"not_picked":["Blood for Blood","Perfected Strike"],"picked":"Feel No Pain","floor":3},{"not_picked":["Dual Wield","True Grit"],"picked":"Armaments","floor":5},{"not_picked":["Rage","Metallicize"],"picked":"Dropkick","floor":10}],"player_experience":116935,"relics_obtained":[{"floor":7,"key":"Anchor"},{"floor":9,"key":"Ice Cream"},{"floor":10,"key":"Dead Branch"}],"event_choices":[{"damage_healed":0,"gold_gain":0,"player_choice":"Leave","damage_taken":0,"max_hp_gain":0,"max_hp_loss":0,"event_name":"The Cleric","floor":2,"gold_loss":0},{"damage_healed":0,"gold_gain":0,"player_choice":"Donut","damage_taken":0,"max_hp_gain":5,"max_hp_loss":0,"event_name":"Big Fish","floor":4,"gold_loss":0},{"damage_healed":0,"gold_gain":53,"player_choice":"Gained Gold","damage_taken":0,"max_hp_gain":0,"max_hp_loss":0,"event_name":"Golden Wing","floor":11,"gold_loss":0},{"damage_healed":0,"gold_gain":0,"player_choice":"Searched \u00271\u0027 times","damage_taken":0,"max_hp_gain":0,"max_hp_loss":0,"event_name":"Dead Adventurer","floor":12,"gold_loss":0}],"is_beta":false,"boss_relics":[],"items_purged_floors":[],"is_endless":false,"potions_floor_spawned":[10],"killed_by":"Lagavulin Event","ascension_level":0}