{"gold_per_floor":[119,131,131,142,142,142,155,170,170,170,187,197,232,243,243,342,342,355,372,372],"floor_reached":20,"playtime":1041,"items_purged":[],"score":252,"play_id":"19f4eada-bca6-4846-9637-d8ee28c8a771","local_time":"20190206102444","is_ascension_mode":true,"campfire_choices":[{"data":"Neutralize","floor":6,"key":"SMITH"},{"data":"Cloak And Dagger","floor":10,"key":"SMITH"},{"floor":15,"key":"REST"}],"neow_cost":"NONE","seed_source_timestamp":36382742994903,"circlet_count":0,"master_deck":["Defend_G","Defend_G","Defend_G","Defend_G","Defend_G+1","Strike_G","Strike_G","Strike_G","Strike_G","Survivor","Neutralize+1","Dagger Throw","Blur+1","Well Laid Plans","Cloak And Dagger+1","Noxious Fumes","PiercingWail","Skewer","Corpse Explosion"],"relics":["Ring of the Snake","Matryoshka","Frozen Egg 2","Black Star"],"potions_floor_usage":[13,20],"damage_taken":[{"damage":2,"enemies":"Cultist","floor":1,"turns":4},{"damage":0,"enemies":"2 Louse","floor":2,"turns":3},{"damage":0,"enemies":"Small Slimes","floor":4,"turns":5},{"damage":9,"enemies":"3 Louse","floor":7,"turns":5},{"damage":6,"enemies":"Red Slaver","floor":8,"turns":4},{"damage":0,"enemies":"Looter","floor":11,"turns":3},{"damage":8,"enemies":"Blue Slaver","floor":12,"turns":4},{"damage":6,"enemies":"3 Sentries","floor":13,"turns":8},{"damage":0,"enemies":"Exordium Wildlife","floor":14,"turns":6},{"damage":18,"enemies":"Slime Boss","floor":16,"turns":14},{"damage":38,"enemies":"2 Thieves","floor":18,"turns":4},{"damage":16,"enemies":"Spheric Guardian","floor":19,"turns":5},{"damage":12,"enemies":"Colosseum Slavers","floor":20,"turns":2}],"seed_played":"-5435001901521625459","potions_obtained":[{"floor":4,"key":"SteroidPotion"},{"floor":8,"key":"SpeedPotion"},{"floor":13,"key":"GamblersBrew"},{"floor":14,"key":"Explosive Potion"}],"is_trial":false,"path_per_floor":["M","M","?","M","?","R","M","M","T","R","M","M","E","M","R","B",null,"M","M","?"],"character_chosen":"THE_SILENT","items_purchased":[],"campfire_rested":1,"item_purchase_floors":[],"current_hp_per_floor":[68,68,53,53,53,53,44,38,38,38,38,30,24,24,47,29,65,27,11,0],"gold":372,"neow_bonus":"TEN_PERCENT_HP_BONUS","is_prod":false,"is_daily":false,"chose_seed":false,"campfire_upgraded":2,"win_rate":0,"timestamp":1549466684,"path_taken":["M","M","?","M","?","R","M","M","T","R","M","M","E","M","R","BOSS","M","?","?"],"build_version":"2019-01-23","purchased_purges":0,"victory":false,"max_hp_per_floor":[77,77,77,77,77,77,77,77,77,77,77,77,77,77,77,77,77,77,77,77],"card_choices":[{"not_picked":["Tactician","Calculated Gamble"],"picked":"Dagger Throw","floor":1},{"not_picked":["Blade Dance","Dagger Spray"],"picked":"Blur","floor":2},{"not_picked":["Predator","Deflect"],"picked":"Well Laid Plans","floor":4},{"not_picked":["Quick Slash","Accuracy","Riddle With Holes"],"picked":"SKIP","floor":7},{"not_picked":["Backflip","Sucker Punch"],"picked":"Cloak And Dagger","floor":8},{"not_picked":["Terror","Quick Slash"],"picked":"Noxious Fumes","floor":11},{"not_picked":["Sucker Punch","Bane"],"picked":"PiercingWail","floor":12},{"not_picked":["Caltrops","Dagger Throw","Acrobatics"],"picked":"SKIP","floor":13},{"not_picked":["Caltrops+1","Acrobatics"],"picked":"Skewer","floor":14},{"not_picked":["Tools of the Trade+1","Bullet Time"],"picked":"Corpse Explosion","floor":16},{"not_picked":["Masterful Stab","Flying Knee","Accuracy+1"],"picked":"SKIP","floor":18},{"not_picked":["Skewer","Tactician","Deflect"],"picked":"SKIP","floor":19}],"player_experience":466023,"relics_obtained":[{"floor":9,"key":"Matryoshka"},{"floor":13,"key":"Frozen Egg 2"}],"event_choices":[{"damage_healed":0,"gold_gain":0,"player_choice":"Entered Light","damage_taken":15,"max_hp_gain":0,"max_hp_loss":0,"event_name":"Shining Light","floor":3,"gold_loss":0,"cards_upgraded":["Blur","Defend_G"]},{"cards_removed":["Strike_G"],"damage_healed":0,"gold_gain":0,"player_choice":"Purged","damage_taken":0,"max_hp_gain":0,"max_hp_loss":0,"event_name":"Purifier","floor":5,"gold_loss":0},{"damage_healed":0,"gold_gain":0,"player_choice":"Fight","damage_taken":0,"max_hp_gain":0,"max_hp_loss":0,"event_name":"Colosseum","floor":20,"gold_loss":0}],"is_beta":false,"boss_relics":[{"not_picked":["Empty Cage","Tiny House"],"picked":"Black Star"}],"items_purged_floors":[],"is_endless":false,"potions_floor_spawned":[4,8,13,14],"killed_by":"Colosseum Slavers","ascension_level":8}