{"gold_per_floor":[137,137,175,213,251,251,289,289,314,314,352,390,28,28],"floor_reached":14,"playtime":1019,"items_purged":["Defend_G"],"score":84,"play_id":"0c99b314-af3a-4c31-bcb3-c480c8097971","local_time":"20181013103956","daily_mods":["Heirloom","Vintage","MonsterHunter"],"is_ascension_mode":false,"campfire_choices":[{"floor":6,"key":"REST"}],"neow_cost":"","seed_source_timestamp":290403111172872,"circlet_count":0,"master_deck":["Defend_G","Defend_G","Strike_G","Strike_G","Strike_G","Strike_G","Survivor","Neutralize","Prepared","Magnetism+1","Discovery"],"special_seed":17817,"relics":["Ring of the Snake","Turnip","Frozen Egg 2","Paper Crane","Juzu Bracelet","Smiling Mask","Happy Flower","Lantern","Oddly Smooth Stone","Anchor"],"potions_floor_usage":[3,12,14],"damage_taken":[{"damage":0,"enemies":"2 Louse","floor":1,"turns":4},{"damage":14,"enemies":"Cultist","floor":3,"turns":6},{"damage":12,"enemies":"Jaw Worm","floor":4,"turns":6},{"damage":18,"enemies":"Large Slime","floor":5,"turns":20},{"damage":13,"enemies":"2 Fungi Beasts","floor":7,"turns":7},{"damage":1,"enemies":"3 Louse","floor":11,"turns":6},{"damage":1,"enemies":"Blue Slaver","floor":12,"turns":7},{"damage":34,"enemies":"Gremlin Nob","floor":14,"turns":6}],"seed_played":"646402910628373304","potions_obtained":[{"floor":1,"key":"Explosive Potion"},{"floor":7,"key":"Block Potion"},{"floor":11,"key":"Weak Potion"}],"is_trial":false,"path_per_floor":["M","?","M","M","M","R","M","?","T","?","M","M","$"],"character_chosen":"THE_SILENT","items_purchased":["Magnetism+1","Discovery"],"campfire_rested":1,"item_purchase_floors":[13,13],"current_hp_per_floor":[70,70,56,44,26,47,34,34,34,27,26,25,25,0],"gold":28,"neow_bonus":"","is_prod":false,"is_daily":true,"chose_seed":false,"campfire_upgraded":0,"win_rate":0,"timestamp":1539441596,"path_taken":["M","?","M","M","M","R","M","?","T","?","M","M","$","E"],"build_version":"2018-10-11","purchased_purges":1,"victory":false,"max_hp_per_floor":[70,70,70,70,70,70,70,70,70,70,70,70,70,70],"card_choices":[],"player_experience":296077,"relics_obtained":[{"floor":1,"key":"Frozen Egg 2"},{"floor":3,"key":"Paper Crane"},{"floor":4,"key":"Juzu Bracelet"},{"floor":5,"key":"Smiling Mask"},{"floor":7,"key":"Happy Flower"},{"floor":9,"key":"Lantern"},{"floor":11,"key":"Oddly Smooth Stone"},{"floor":12,"key":"Anchor"}],"event_choices":[{"event_name":"Bonfire Elementals","player_choice":"BASIC","floor":2,"damage_taken":0},{"event_name":"Living Wall","player_choice":"Change","floor":8,"damage_taken":0},{"event_name":"Golden Wing","player_choice":"Card Removal","floor":10,"damage_taken":0}],"is_beta":false,"boss_relics":[],"items_purged_floors":[13],"is_endless":false,"potions_floor_spawned":[1,7,11],"killed_by":"Gremlin Nob","ascension_level":0}