{"gold_per_floor":[114,114,189,204,54,84,84,13,38,38,53,1,1,16,16,116,116,131,56,86,101,101,101,116,116,116,131,146,71,71,86,86,186,186,201,216,216,216],"floor_reached":38,"playtime":2510,"items_purged":["Strike_R"],"score":374,"play_id":"5b0b6557-3c51-487b-b1aa-ba6c278d6d3f","local_time":"20181031201312","daily_mods":["Chimera","Red Cards","Careless"],"is_ascension_mode":false,"campfire_choices":[{"data":"Metallicize","floor":7.0,"key":"SMITH"},{"data":"Armaments","floor":15.0,"key":"SMITH"},{"data":"True Grit","floor":23.0,"key":"SMITH"},{"floor":25.0,"key":"REST"},{"floor":30.0,"key":"REST"},{"floor":32,"key":"REST"}],"neow_cost":"","seed_source_timestamp":0,"circlet_count":0,"master_deck":["Bash","Survivor","Zap","Strike_G","Strike_B","Defend_R","Defend_G","Defend_B","Metallicize+1","Conserve Battery","Cold Snap","Armaments+1","Anger","Ball Lightning","Echo Form","True Grit+1","Writhe","Pommel Strike","Disarm","FTL","Hologram","Feed"],"special_seed":17835,"relics":["FrozenCore","Ginger","DataDisk","Blood Vial","Pen Nib","Runic Dome","Tiny Chest","Regal Pillow","Molten Egg 2"],"potions_floor_usage":[],"damage_taken":[{"damage":1.0,"enemies":"Cultist","floor":1.0,"turns":3.0},{"damage":8.0,"enemies":"Jaw Worm","floor":4.0,"turns":3.0},{"damage":15.0,"enemies":"3 Sentries","floor":6.0,"turns":8.0},{"damage":2.0,"enemies":"2 Louse","floor":11.0,"turns":3.0},{"damage":0.0,"enemies":"2 Fungi Beasts","floor":14.0,"turns":3.0},{"damage":23.0,"enemies":"Hexaghost","floor":16.0,"turns":9.0},{"damage":5.0,"enemies":"2 Thieves","floor":18.0,"turns":4.0},{"damage":8.0,"enemies":"Shell Parasite","floor":21.0,"turns":5.0},{"damage":26.0,"enemies":"Colosseum Slavers","floor":22.0,"turns":6.0},{"damage":13.0,"enemies":"Sentry and Sphere","floor":24.0,"turns":6.0},{"damage":10.0,"enemies":"Cultist and Chosen","floor":27.0,"turns":7.0},{"damage":15.0,"enemies":"Shelled Parasite and Fungi","floor":28.0,"turns":5.0},{"damage":40.0,"enemies":"3 Cultists","floor":31.0,"turns":6.0},{"damage":48,"enemies":"Automaton","floor":33,"turns":12},{"damage":3,"enemies":"3 Shapes","floor":35,"turns":7},{"damage":14,"enemies":"Orb Walker","floor":36,"turns":5},{"damage":68,"enemies":"2 Orb Walkers","floor":38,"turns":5}],"seed_played":"6220949458261519383","potions_obtained":[{"floor":1.0,"key":"Block Potion"},{"floor":16.0,"key":"Energy Potion"},{"floor":18.0,"key":"Explosive Potion"}],"is_trial":false,"path_per_floor":["M","?","?","M","$","E","R","$","T","?","M","$","$","M","R","B",null,"M","$","?","M","?","R","M","R","T","M","M","?","R","M","R","B",null,"M","M","T"],"character_chosen":"DEFECT","items_purchased":["DataDisk","Cold Snap","Armaments","Ball Lightning"],"campfire_rested":3,"item_purchase_floors":[5,8,8,12],"current_hp_per_floor":[74,74,63,55,55,40,40,40,40,40,40,40,40,42,42,21,75,70,70,70,64,40,40,29,51,51,43,30,30,67,29,66,20,75,72,60,60,0],"gold":216,"neow_bonus":"","is_prod":false,"is_daily":true,"chose_seed":false,"campfire_upgraded":3,"win_rate":0,"timestamp":1541031192,"path_taken":["M","?","?","M","?","E","R","$","T","?","?","?","$","?","R","BOSS","M","$","?","M","?","R","M","R","T","M","M","?","R","M","R","BOSS","M","M","?","?"],"build_version":"2018-10-25v2","purchased_purges":1,"victory":false,"max_hp_per_floor":[75,75,75,75,75,75,75,75,75,75,75,75,75,75,75,75,75,75,75,75,75,75,75,75,75,75,75,75,75,75,75,75,75,75,75,75,75,75],"card_choices":[{"not_picked":["Rampage","Hello World"],"picked":"Metallicize","floor":1.0},{"not_picked":["Double Energy","Rampage","Rebound"],"picked":"SKIP","floor":4.0},{"not_picked":["Perfected Strike","Leap"],"picked":"Conserve Battery","floor":6.0},{"not_picked":["Perfected Strike","Scrape"],"picked":"Anger","floor":11.0},{"not_picked":["Twin Strike","Wild Strike","Clash"],"picked":"SKIP","floor":14.0},{"not_picked":["Dark Embrace","Demon Form"],"picked":"Echo Form","floor":16.0},{"not_picked":["Steam","Power Through"],"picked":"True Grit","floor":18.0},{"not_picked":["Sword Boomerang","Wild Strike","Pommel Strike"],"picked":"SKIP","floor":21.0},{"not_picked":["Gash","Lockon"],"picked":"Pommel Strike","floor":24.0},{"not_picked":["Anger","Uppercut+1"],"picked":"Disarm","floor":27.0},{"not_picked":["Rupture","Metallicize"],"picked":"FTL","floor":28.0},{"not_picked":["Cleave+1","Heatsinks"],"picked":"Hologram","floor":31.0},{"not_picked":["Brutality","Thunder Strike"],"picked":"Feed","floor":33},{"not_picked":["Skim","Reprogram","Cleave"],"picked":"SKIP","floor":35},{"not_picked":["Iron Wave+1","Flex+1","Scrape"],"picked":"SKIP","floor":36}],"player_experience":432977,"relics_obtained":[{"floor":6.0,"key":"Blood Vial"},{"floor":9.0,"key":"Pen Nib"},{"floor":26.0,"key":"Regal Pillow"},{"floor":37,"key":"Molten Egg 2"}],"event_choices":[{"damage_healed":0.0,"max_hp_gain":0.0,"max_hp_loss":0.0,"gold_gain":0.0,"event_name":"Big Fish","player_choice":"Box","floor":2.0,"gold_loss":0.0,"damage_taken":0.0,"relics_obtained":["Ginger"],"cards_obtained":["Regret"]},{"damage_healed":0.0,"max_hp_gain":0.0,"max_hp_loss":0.0,"gold_gain":75.0,"event_name":"World of Goop","player_choice":"Gather Gold","floor":3.0,"gold_loss":0.0,"damage_taken":11.0},{"damage_healed":0.0,"max_hp_gain":0.0,"max_hp_loss":0.0,"gold_gain":30.0,"event_name":"Dead Adventurer","player_choice":"Searched \u00271\u0027 times","floor":10.0,"gold_loss":0.0,"damage_taken":0.0},{"damage_healed":0.0,"max_hp_gain":0.0,"max_hp_loss":0.0,"gold_gain":0.0,"event_name":"The Mausoleum","player_choice":"Opened","floor":20.0,"gold_loss":0.0,"damage_taken":0.0,"relics_obtained":["Tiny Chest"],"cards_obtained":["Writhe"]},{"damage_healed":0.0,"max_hp_gain":0.0,"max_hp_loss":0.0,"gold_gain":0.0,"event_name":"Colosseum","player_choice":"Fight","floor":22.0,"gold_loss":0.0,"damage_taken":0.0},{"damage_healed":0.0,"max_hp_gain":0.0,"max_hp_loss":0.0,"gold_gain":0.0,"event_name":"Colosseum","player_choice":"Fled From Nobs","floor":22.0,"gold_loss":0.0,"damage_taken":0.0},{"cards_removed":["Regret"],"damage_healed":0.0,"max_hp_gain":0.0,"max_hp_loss":0.0,"gold_gain":0.0,"event_name":"Beggar","player_choice":"Gave Gold","floor":29.0,"gold_loss":75.0,"damage_taken":0.0},{"damage_healed":0,"gold_gain":0,"player_choice":"Fight","damage_taken":0,"max_hp_gain":0,"max_hp_loss":0,"event_name":"Mysterious Sphere","floor":38,"gold_loss":0}],"is_beta":false,"boss_relics":[{"not_picked":["Tiny House","Astrolabe"],"picked":"Runic Dome"},{"not_picked":["Black Star","Velvet Choker"],"picked":"FrozenCore"}],"items_purged_floors":[19],"is_endless":false,"potions_floor_spawned":[1,16,18,22],"killed_by":"2 Orb Walkers","ascension_level":0}