{"gold_per_floor":[118,118,135,83,99,99,113,113,139,168,168,35,53,85,85,156,156,167,442,462,53,71,71,106,106,174,190,34,54,73,108,108,185,185,203,203,111,129,229,229,229,263,263,295,308,308,3,32,32,32,32],"floor_reached":52,"playtime":2926,"items_purged":["Regret","Strike_G","Cloak And Dagger+1","Well Laid Plans"],"score":2101,"play_id":"fe8ca95b-ec36-417d-b21a-998ad700991e","local_time":"20190128202737","is_ascension_mode":true,"campfire_choices":[{"data":"Neutralize","floor":6,"key":"SMITH"},{"floor":8,"key":"REST"},{"data":"Footwork","floor":11,"key":"SMITH"},{"data":"Footwork","floor":15,"key":"SMITH"},{"data":"A Thousand Cuts","floor":23,"key":"SMITH"},{"floor":25,"key":"REST"},{"data":"Catalyst","floor":32,"key":"SMITH"},{"data":"Burst","floor":40,"key":"SMITH"},{"data":"Bouncing Flask","floor":46,"key":"SMITH"},{"data":"Footwork","floor":49,"key":"SMITH"}],"neow_cost":"NONE","seed_source_timestamp":269693133019100,"circlet_count":0,"master_deck":["AscendersBane","Defend_G","Defend_G+1","Defend_G","Defend_G","Defend_G","Strike_G+1","Strike_G+1","Strike_G","Strike_G","Survivor","Neutralize+1","Footwork+1","Sucker Punch","Poisoned Stab+1","Backflip","Footwork+1","Blur","A Thousand Cuts+1","Catalyst+1","Bouncing Flask+1","Footwork+1","Acrobatics","Dodge and Roll","Dodge and Roll","Die Die Die","Backflip","Burst+1","Backflip","Backflip","Backflip","PiercingWail","Night Terror"],"relics":["Velvet Choker","Oddly Smooth Stone","Bronze Scales","The Courier","PreservedInsect","Pantograph","Orrery","TwistedFunnel","Whetstone","Smiling Mask","Singing Bowl","Orichalcum","Runic Pyramid","Turnip","Happy Flower","Centennial Puzzle","Juzu Bracelet","Art of War","FossilizedHelix"],"potions_floor_usage":[10,24,31,44,50,51],"damage_taken":[{"damage":7,"enemies":"Cultist","floor":1,"turns":5},{"damage":4,"enemies":"Small Slimes","floor":3,"turns":5},{"damage":0,"enemies":"2 Louse","floor":5,"turns":3},{"damage":1,"enemies":"2 Fungi Beasts","floor":7,"turns":4},{"damage":10,"enemies":"Gremlin Nob","floor":10,"turns":4},{"damage":0,"enemies":"3 Louse","floor":13,"turns":4},{"damage":0,"enemies":"3 Sentries","floor":14,"turns":8},{"damage":15,"enemies":"The Guardian","floor":16,"turns":15},{"damage":2,"enemies":"Spheric Guardian","floor":18,"turns":4},{"damage":16,"enemies":"Shell Parasite","floor":20,"turns":7},{"damage":0,"enemies":"Snecko","floor":22,"turns":6},{"damage":9,"enemies":"Book of Stabbing","floor":24,"turns":5},{"damage":5,"enemies":"Snake Plant","floor":27,"turns":4},{"damage":0,"enemies":"Chosen and Byrds","floor":29,"turns":4},{"damage":0,"enemies":"Centurion and Healer","floor":30,"turns":8},{"damage":23,"enemies":"Slavers","floor":31,"turns":3},{"damage":6,"enemies":"Champ","floor":33,"turns":9},{"damage":12,"enemies":"3 Darklings","floor":35,"turns":7},{"damage":0,"enemies":"Orb Walker","floor":38,"turns":4},{"damage":0,"enemies":"Mind Bloom Boss Battle","floor":39,"turns":5},{"damage":0,"enemies":"Nemesis","floor":42,"turns":8},{"damage":27,"enemies":"Reptomancer","floor":44,"turns":8},{"damage":0,"enemies":"Sphere and 2 Shapes","floor":45,"turns":7},{"damage":3,"enemies":"Giant Head","floor":48,"turns":4},{"damage":9,"enemies":"Awakened One","floor":50,"turns":12},{"damage":10,"enemies":"Time Eater","floor":51,"turns":5}],"seed_played":"8058710284868012648","potions_obtained":[{"floor":1,"key":"Strength Potion"},{"floor":5,"key":"Strength Potion"},{"floor":10,"key":"Strength Potion"},{"floor":30,"key":"Swift Potion"},{"floor":31,"key":"AttackPotion"},{"floor":44,"key":"EssenceOfSteel"}],"is_trial":false,"path_per_floor":["M","?","M","?","M","R","M","R","T","E","R","$","M","E","R","B",null,"M","?","M","$","M","R","E","R","T","M","$","M","M","E","R","B",null,"M","?","$","M","?","R","?","E","T","E","M","R","$","E","R","B","B",null],"character_chosen":"THE_SILENT","items_purchased":["PreservedInsect","TwistedFunnel","Dodge and Roll","Whetstone","Burst","Backflip","Backflip","Night Terror","Art of War"],"campfire_rested":2,"item_purchase_floors":[12,21,21,21,28,28,37,47,47],"current_hp_per_floor":[52,32,28,28,28,28,27,46,46,36,36,36,36,36,36,46,61,59,59,43,43,43,43,34,53,53,50,50,52,52,29,29,50,67,57,57,57,57,76,76,72,74,74,49,51,51,51,50,50,66,70],"gold":32,"neow_bonus":"BOSS_RELIC","is_prod":false,"is_daily":false,"chose_seed":false,"campfire_upgraded":8,"win_rate":0,"timestamp":1548725257,"path_taken":["M","?","M","?","M","R","M","R","T","E","R","$","?","E","R","BOSS","M","?","M","$","?","R","E","R","T","M","$","M","M","E","R","BOSS","M","?","$","M","?","R","?","E","T","E","M","R","$","E","R","BOSS","BOSS"],"build_version":"2019-01-23","purchased_purges":4,"victory":true,"max_hp_per_floor":[66,66,66,66,66,66,66,66,66,66,66,66,66,66,66,66,66,66,66,66,66,66,66,66,66,66,68,68,70,70,70,70,72,72,74,74,74,74,76,76,72,74,74,76,78,78,78,80,80,80,80],"card_choices":[{"not_picked":["Acrobatics","Riddle With Holes"],"picked":"Footwork","floor":1},{"not_picked":["Backstab","Distraction"],"picked":"Well Laid Plans","floor":3},{"not_picked":["Cloak And Dagger","Dodge and Roll"],"picked":"Sucker Punch","floor":5},{"not_picked":["Crippling Poison","Eviscerate"],"picked":"Poisoned Stab","floor":7},{"not_picked":["Quick Slash","Calculated Gamble"],"picked":"Backflip","floor":10},{"not_picked":["Flying Knee","Well Laid Plans"],"picked":"Footwork","floor":13},{"not_picked":["Backstab","Flying Knee"],"picked":"Blur","floor":14},{"not_picked":["After Image","Grand Finale"],"picked":"A Thousand Cuts","floor":16},{"not_picked":["Distraction","Escape Plan"],"picked":"Catalyst","floor":17},{"not_picked":["Choke","PiercingWail"],"picked":"Bouncing Flask","floor":17},{"not_picked":["Underhanded Strike","Expertise"],"picked":"Footwork","floor":17},{"not_picked":["Expertise","Flying Knee"],"picked":"Acrobatics","floor":17},{"not_picked":["Deflect","Dagger Throw","Well Laid Plans"],"picked":"SKIP","floor":18},{"not_picked":["Slice+1","Prepared"],"picked":"Dodge and Roll","floor":20},{"not_picked":["Terror","Heel Hook"],"picked":"Die Die Die","floor":22},{"not_picked":["Masterful Stab+1","Acrobatics"],"picked":"Backflip","floor":24},{"not_picked":["Quick Slash","Dagger Spray","Dodge and Roll"],"picked":"Singing Bowl","floor":27},{"not_picked":["Bane","Finisher","Sucker Punch+1"],"picked":"Singing Bowl","floor":29},{"not_picked":["Footwork","Outmaneuver"],"picked":"Cloak And Dagger+1","floor":30},{"not_picked":["Outmaneuver","Wraith Form v2"],"picked":"Backflip","floor":31},{"not_picked":["Venomology","Grand Finale","Wraith Form v2"],"picked":"Singing Bowl","floor":33},{"not_picked":["Caltrops","Predator","Tactician"],"picked":"Singing Bowl","floor":35},{"not_picked":["Quick Slash","Underhanded Strike"],"picked":"PiercingWail","floor":38},{"not_picked":["Acrobatics","Backflip","Dagger Spray"],"picked":"Singing Bowl","floor":39},{"not_picked":["Backflip","Prepared","Dagger Spray"],"picked":"Singing Bowl","floor":42},{"not_picked":["Predator","Outmaneuver","Deadly Poison"],"picked":"Singing Bowl","floor":44},{"not_picked":["Caltrops","Deadly Poison","Masterful Stab"],"picked":"Singing Bowl","floor":45},{"not_picked":["Endless Agony","Venomology","Slice"],"picked":"Singing Bowl","floor":48}],"player_experience":1958113,"relics_obtained":[{"floor":9,"key":"Bronze Scales"},{"floor":10,"key":"The Courier"},{"floor":14,"key":"Pantograph"},{"floor":24,"key":"Smiling Mask"},{"floor":26,"key":"Singing Bowl"},{"floor":31,"key":"Orichalcum"},{"floor":39,"key":"Turnip"},{"floor":42,"key":"Happy Flower"},{"floor":43,"key":"Centennial Puzzle"},{"floor":44,"key":"Juzu Bracelet"},{"floor":48,"key":"FossilizedHelix"}],"event_choices":[{"damage_healed":0,"gold_gain":0,"player_choice":"Entered Light","damage_taken":20,"max_hp_gain":0,"max_hp_loss":0,"event_name":"Shining Light","floor":2,"gold_loss":0,"cards_upgraded":["Strike_G","Defend_G"]},{"damage_healed":0,"gold_gain":0,"player_choice":"Paid Gold","damage_taken":0,"relics_obtained":["Oddly Smooth Stone"],"max_hp_gain":0,"max_hp_loss":0,"event_name":"WeMeetAgain","floor":4,"gold_loss":52},{"damage_healed":0,"gold_gain":275,"player_choice":"Desecrate","damage_taken":0,"max_hp_gain":0,"max_hp_loss":0,"event_name":"Golden Shrine","floor":19,"gold_loss":0,"cards_obtained":["Regret"]},{"damage_healed":0,"gold_gain":0,"player_choice":"Ignored","damage_taken":0,"max_hp_gain":0,"max_hp_loss":0,"event_name":"Tomb of Lord Red Mask","floor":36,"gold_loss":0},{"damage_healed":0,"gold_gain":0,"player_choice":"Fight","damage_taken":0,"max_hp_gain":0,"max_hp_loss":0,"event_name":"MindBloom","floor":39,"gold_loss":0},{"damage_healed":0,"gold_gain":0,"player_choice":"Max HP","damage_taken":0,"max_hp_gain":0,"max_hp_loss":4,"event_name":"Winding Halls","floor":41,"gold_loss":0}],"is_beta":true,"boss_relics":[{"not_picked":["Runic Dome","HoveringKite"],"picked":"Orrery"},{"not_picked":["White Beast Statue","Coffee Dripper"],"picked":"Runic Pyramid"}],"items_purged_floors":[21,28,37,47],"is_endless":false,"potions_floor_spawned":[1,5,10,16,20,22,30,31,35,42,44,48],"ascension_level":20}