{"gold_per_floor":[214,230,230,246,261,261,296,296,370,389,389,78,78,111,111,212,212,229,229,179,27,46,46,57,77,77,87,99,22,22,22],"floor_reached":31,"playtime":1509,"items_purged":["Strike_B"],"score":403,"play_id":"a7bd646f-510a-4f2d-96ed-0d1e58c7d35c","local_time":"20181207193420","is_ascension_mode":true,"campfire_choices":[{"data":"Glacier","floor":6,"key":"SMITH"},{"data":"Zap","floor":8,"key":"SMITH"},{"floor":13,"key":"REST"},{"data":"Core Surge","floor":15,"key":"SMITH"},{"data":"Creative AI","floor":23,"key":"SMITH"},{"floor":30,"key":"REST"}],"neow_cost":"NONE","seed_source_timestamp":83083401324438,"circlet_count":0,"master_deck":["Strike_B","Strike_B","Strike_B","Defend_B","Defend_B","Defend_B+1","Defend_B","Zap+1","Dualcast+1","Conserve Battery","Doom and Gloom+1","Glacier+1","Hologram","Steam Power","Genetic Algorithm","Core Surge+1","Undo","Creative AI+1","Darkness","Loop","Coolheaded","Redo+1","Storm+1","Turbo+1","Coolheaded","Blizzard"],"relics":["Cracked Core","FossilizedHelix","Mercury Hourglass","War Paint","Bag of Preparation","Sozu"],"potions_floor_usage":[28,31,31],"damage_taken":[{"damage":0,"enemies":"Small Slimes","floor":1,"turns":3},{"damage":12,"enemies":"Jaw Worm","floor":2,"turns":3},{"damage":1,"enemies":"2 Louse","floor":4,"turns":2},{"damage":26,"enemies":"Large Slime","floor":5,"turns":4},{"damage":17,"enemies":"Lagavulin","floor":7,"turns":8},{"damage":11,"enemies":"Exordium Thugs","floor":10,"turns":3},{"damage":0,"enemies":"3 Sentries","floor":14,"turns":3},{"damage":0,"enemies":"Slime Boss","floor":16,"turns":5},{"damage":0,"enemies":"Spheric Guardian","floor":18,"turns":4},{"damage":21,"enemies":"3 Byrds","floor":22,"turns":3},{"damage":17,"enemies":"Snake Plant","floor":24,"turns":5},{"damage":0,"enemies":"Sentry and Sphere","floor":25,"turns":5},{"damage":13,"enemies":"Shelled Parasite and Fungi","floor":27,"turns":5},{"damage":0,"enemies":"Centurion and Healer","floor":28,"turns":5},{"damage":31,"enemies":"Slavers","floor":31,"turns":4}],"seed_played":"-2257916253409626216","potions_obtained":[{"floor":2,"key":"Dexterity Potion"},{"floor":7,"key":"Swift Potion"},{"floor":10,"key":"PowerPotion"}],"is_trial":false,"path_per_floor":["M","M","?","M","M","R","E","R","T","M","?","$","R","E","R","B",null,"M","?","?","$","M","R","M","M","T","M","M","$","R","E"],"character_chosen":"DEFECT","items_purchased":["Core Surge","War Paint","Loop","Blizzard"],"campfire_rested":2,"item_purchase_floors":[12,12,21,29],"current_hp_per_floor":[75,63,63,62,36,36,19,19,19,8,13,13,37,37,37,37,69,69,54,54,54,33,33,16,16,16,3,3,3,28,0],"gold":22,"neow_bonus":"HUNDRED_GOLD","is_prod":false,"is_daily":false,"chose_seed":false,"campfire_upgraded":4,"win_rate":0,"timestamp":1544229260,"path_taken":["M","M","?","M","M","R","E","R","T","M","?","$","R","E","R","BOSS","M","?","?","$","M","R","M","M","T","M","?","$","R","E"],"build_version":"2018-12-06","purchased_purges":1,"victory":false,"max_hp_per_floor":[75,75,75,75,75,75,75,75,75,75,80,80,80,80,80,80,80,80,85,85,85,85,85,85,85,85,85,85,85,85,85],"card_choices":[{"not_picked":["Barrage","Chill"],"picked":"Conserve Battery","floor":1},{"not_picked":["Aggregate","Sweeping Beam"],"picked":"Doom and Gloom","floor":2},{"not_picked":["Barrage","Lockon"],"picked":"Glacier","floor":4},{"not_picked":["Double Energy","Gash"],"picked":"Hologram","floor":5},{"not_picked":["Doom and Gloom","Cold Snap"],"picked":"Steam Power","floor":7},{"not_picked":["Go for the Eyes","Conserve Battery"],"picked":"Genetic Algorithm","floor":10},{"not_picked":["Compile Driver","Beam Cell"],"picked":"Undo","floor":14},{"not_picked":["Meteor Strike","Core Surge"],"picked":"Creative AI","floor":16},{"not_picked":["Tempest+1","Ball Lightning"],"picked":"Darkness","floor":18},{"not_picked":["Gash","Hello World"],"picked":"Coolheaded","floor":22},{"not_picked":["Turbo","Conserve Battery"],"picked":"Redo+1","floor":24},{"not_picked":["Barrage","Rip and Tear+1"],"picked":"Storm+1","floor":25},{"not_picked":["Go for the Eyes","Undo+1"],"picked":"Turbo+1","floor":27},{"not_picked":["Static Discharge","Hologram"],"picked":"Coolheaded","floor":28}],"player_experience":289973,"relics_obtained":[{"floor":7,"key":"FossilizedHelix"},{"floor":9,"key":"Mercury Hourglass"},{"floor":14,"key":"Bag of Preparation"}],"event_choices":[{"damage_healed":0,"gold_gain":0,"player_choice":"Grow","damage_taken":0,"max_hp_gain":0,"max_hp_loss":0,"event_name":"Living Wall","floor":3,"gold_loss":0,"cards_upgraded":["Doom and Gloom"]},{"damage_healed":0,"gold_gain":0,"player_choice":"Donut","damage_taken":0,"max_hp_gain":5,"max_hp_loss":0,"event_name":"Big Fish","floor":11,"gold_loss":0},{"damage_healed":0,"gold_gain":0,"player_choice":"Shed Blood","damage_taken":20,"max_hp_gain":5,"max_hp_loss":0,"event_name":"Forgotten Altar","floor":19,"gold_loss":0},{"damage_healed":0,"gold_gain":0,"player_choice":"Bet on Owner","damage_taken":0,"max_hp_gain":0,"max_hp_loss":0,"event_name":"The Joust","floor":20,"gold_loss":50}],"is_beta":false,"boss_relics":[{"not_picked":["Coffee Dripper","Tiny House"],"picked":"Sozu"}],"items_purged_floors":[21],"is_endless":false,"potions_floor_spawned":[2,7,10,22,27],"killed_by":"Slavers","ascension_level":5}