{"gold_per_floor":[118,138,65,65,84,114,114,132,202,216,216],"floor_reached":11,"playtime":609,"items_purged":[],"score":86,"play_id":"1f3c956e-8b35-43cc-ad0f-7af9fbfa6537","local_time":"20190206160544","is_ascension_mode":true,"campfire_choices":[{"floor":7,"key":"REST"}],"neow_cost":"NONE","seed_source_timestamp":444093194565972,"circlet_count":0,"master_deck":["Strike_B","Strike_B","Strike_B","Strike_B","Defend_B","Defend_B","Defend_B","Defend_B","Zap","Dualcast","Reboot","Compile Driver","Hello World","Self Repair","White Noise","Redo","Genetic Algorithm"],"relics":["Cracked Core","Emotion Chip","Omamori","Bottled Flame"],"potions_floor_usage":[],"damage_taken":[{"damage":6,"enemies":"Jaw Worm","floor":1,"turns":4},{"damage":5,"enemies":"Cultist","floor":2,"turns":4},{"damage":12,"enemies":"2 Louse","floor":5,"turns":3},{"damage":39,"enemies":"3 Sentries","floor":6,"turns":6},{"damage":16,"enemies":"Blue Slaver","floor":8,"turns":4},{"damage":25,"enemies":"Gremlin Gang","floor":10,"turns":5},{"damage":23,"enemies":"Large Slime","floor":11,"turns":3}],"seed_played":"-2057439946944684794","potions_obtained":[{"floor":1,"key":"Ancient Potion"},{"floor":5,"key":"Dexterity Potion"},{"floor":6,"key":"Poison Potion"}],"is_trial":false,"path_per_floor":["M","M","$","?","M","E","R","M","T","M","M"],"character_chosen":"DEFECT","items_purchased":["Self Repair"],"campfire_rested":1,"item_purchase_floors":[3],"current_hp_per_floor":[69,64,64,64,59,27,49,40,40,22,0],"gold":216,"neow_bonus":"ONE_RANDOM_RARE_CARD","is_prod":false,"is_daily":false,"chose_seed":false,"campfire_upgraded":0,"win_rate":0,"timestamp":1549465544,"path_taken":["M","M","$","?","?","E","R","M","T","M","M"],"build_version":"2019-01-23","purchased_purges":0,"victory":false,"max_hp_per_floor":[75,75,75,75,75,75,75,75,75,75,75],"card_choices":[{"not_picked":["Cold Snap","Skim"],"picked":"Compile Driver","floor":1},{"not_picked":["Steam","Double Energy"],"picked":"Hello World","floor":2},{"not_picked":["Go for the Eyes","Rebound"],"picked":"White Noise","floor":5},{"not_picked":["Turbo","Buffer","BootSequence"],"picked":"SKIP","floor":6},{"not_picked":["Barrage","Stack"],"picked":"Redo","floor":8},{"not_picked":["Sweeping Beam","Hologram"],"picked":"Genetic Algorithm","floor":10}],"player_experience":588198,"relics_obtained":[{"floor":6,"key":"Omamori"},{"floor":9,"key":"Bottled Flame"}],"event_choices":[{"damage_healed":0,"gold_gain":0,"player_choice":"Gave Potion","damage_taken":0,"relics_obtained":["Emotion Chip"],"max_hp_gain":0,"max_hp_loss":0,"event_name":"WeMeetAgain","floor":4,"gold_loss":0}],"is_beta":false,"boss_relics":[],"items_purged_floors":[],"is_endless":false,"potions_floor_spawned":[1,5,6],"killed_by":"Large Slime","ascension_level":3}