{"gold_per_floor":[214,225,23,40,40,40,75,75,102,116,148,163,192,205,205,310,310,322,1,15,215,234,234,247,275,302,302,106,135,135,165,165,165],"floor_reached":33,"playtime":1939,"items_purged":["Normality","Strike_B"],"score":410,"play_id":"64af251c-1b0a-40cc-a508-b8ce44cfa0fe","local_time":"20181005162940","is_ascension_mode":true,"campfire_choices":[{"floor":6,"key":"REST"},{"data":"Beam Cell","floor":8,"key":"SMITH"},{"floor":15,"key":"REST"},{"floor":23,"key":"REST"},{"floor":27,"key":"REST"},{"floor":32,"key":"REST"}],"neow_cost":"NONE","seed_source_timestamp":1871663310611507,"circlet_count":0,"master_deck":["Strike_B","Strike_B","Strike_B","Defend_B","Defend_B","Defend_B","Defend_B","Zap+1","Dualcast","Beam Cell+1","Conserve Battery","Turbo+1","White Noise","Streamline","Genetic Algorithm","Thunder Strike","Storm","Hologram","Fission","Parasite","Parasite","Melter+1","Coolheaded+1","Sweeping Beam","Streamline","Hologram+1","Bandage Up+1","White Noise+1"],"relics":["Cracked Core","ClockworkSouvenir","PreservedInsect","Blood Vial","Mercury Hourglass","Singing Bowl","Calling Bell","Juzu Bracelet","Toxic Egg 2","Prayer Wheel","Lee\u0027s Waffle","Question Card","Potion Belt","Dream Catcher","Boot"],"potions_floor_usage":[7,7,11,18,18,18,18,22,25,25,29,29,33],"damage_taken":[{"damage":9,"enemies":"Jaw Worm","floor":1,"turns":3},{"damage":7,"enemies":"2 Louse","floor":2,"turns":2},{"damage":0,"enemies":"Cultist","floor":4,"turns":2},{"damage":0,"enemies":"3 Sentries","floor":7,"turns":2},{"damage":3,"enemies":"2 Fungi Beasts","floor":10,"turns":3},{"damage":31,"enemies":"Lagavulin","floor":11,"turns":4},{"damage":5,"enemies":"Lots of Slimes","floor":12,"turns":2},{"damage":6,"enemies":"3 Sentries","floor":13,"turns":5},{"damage":7,"enemies":"Exordium Wildlife","floor":14,"turns":3},{"damage":24,"enemies":"The Guardian","floor":16,"turns":8},{"damage":9,"enemies":"Chosen","floor":18,"turns":4},{"damage":30,"enemies":"2 Thieves","floor":20,"turns":4},{"damage":39,"enemies":"Snecko","floor":22,"turns":6},{"damage":16,"enemies":"Cultist and Chosen","floor":24,"turns":6},{"damage":18,"enemies":"Gremlin Leader","floor":25,"turns":5},{"damage":18,"enemies":"Book of Stabbing","floor":29,"turns":4},{"damage":24,"enemies":"Gremlin Leader","floor":31,"turns":6},{"damage":72,"enemies":"Automaton","floor":33,"turns":6}],"seed_played":"-8640933239938021709","potions_obtained":[{"floor":1,"key":"FocusPotion"},{"floor":2,"key":"Strength Potion"},{"floor":4,"key":"PowerPotion"},{"floor":13,"key":"Swift Potion"},{"floor":14,"key":"EntropicBrew"},{"floor":18,"key":"Energy Potion"},{"floor":22,"key":"Strength Potion"},{"floor":24,"key":"Fire Potion"},{"floor":25,"key":"Poison Potion"},{"floor":31,"key":"Fire Potion"}],"is_trial":false,"path_per_floor":["M","M","$","M","?","R","E","R","T","M","E","M","E","M","R","B",null,"M","$","M","?","M","R","M","E","T","R","$","E","?","E","R"],"character_chosen":"DEFECT","items_purchased":["ClockworkSouvenir","Lee\u0027s Waffle","Coolheaded+1","Bandage Up+1"],"campfire_rested":5,"item_purchase_floors":[3,19,19,28],"current_hp_per_floor":[66,59,59,59,44,66,66,66,66,65,36,33,29,24,46,24,75,68,84,56,56,19,44,34,20,20,47,47,39,39,23,53,0],"gold":165,"neow_bonus":"HUNDRED_GOLD","is_prod":false,"is_daily":false,"chose_seed":false,"campfire_upgraded":1,"win_rate":0,"timestamp":1538771380,"path_taken":["M","M","$","M","?","R","E","R","T","M","E","M","E","M","R","BOSS","M","$","M","?","M","R","M","E","T","R","$","E","?","E","R","BOSS"],"build_version":"2018-10-04","purchased_purges":2,"victory":false,"max_hp_per_floor":[75,75,75,75,75,75,75,75,75,75,75,75,75,75,75,75,75,77,84,86,86,86,86,90,92,92,92,92,94,94,94,96,96],"card_choices":[{"not_picked":["Recycle","Skim"],"picked":"Beam Cell","floor":1},{"not_picked":["Stack","Reinforced Body"],"picked":"Conserve Battery","floor":2},{"not_picked":["Reprogram","Barrage"],"picked":"Turbo","floor":4},{"not_picked":["Force Field","Rebound"],"picked":"White Noise","floor":7},{"not_picked":["Stack","Sunder"],"picked":"Streamline","floor":10},{"not_picked":["Chaos","Steam"],"picked":"Genetic Algorithm","floor":11},{"not_picked":["Recycle","Hello World"],"picked":"Thunder Strike","floor":12},{"not_picked":["Barrage","Creative AI"],"picked":"Storm","floor":13},{"not_picked":["Sweeping Beam","Coolheaded"],"picked":"Hologram","floor":14},{"not_picked":["Thunder Strike","Echo Form"],"picked":"Fission","floor":16},{"not_picked":["Ball Lightning+1","Chill+1"],"picked":"Melter+1","floor":18},{"not_picked":["Doom and Gloom","Redo+1","Streamline"],"picked":"Singing Bowl","floor":18},{"not_picked":["Barrage","Reprogram+1","Melter"],"picked":"Singing Bowl","floor":20},{"not_picked":["Coolheaded+1","Leap+1"],"picked":"Sweeping Beam","floor":20},{"not_picked":["Stack+1","Beam Cell"],"picked":"Streamline","floor":22},{"not_picked":["Darkness+1","Sweeping Beam+1"],"picked":"Hologram+1","floor":22},{"not_picked":["Streamline","Double Energy+1","Echo Form"],"picked":"Singing Bowl","floor":24},{"not_picked":["Redo+1","Sunder","Recycle+1"],"picked":"Singing Bowl","floor":24},{"not_picked":["Barrage","Fusion+1","Cold Snap"],"picked":"Singing Bowl","floor":25},{"not_picked":["Conserve Battery+1","Stack+1","Streamline","Turbo+1"],"picked":"Singing Bowl","floor":29},{"not_picked":["Melter","Self Repair","Glacier+1"],"picked":"White Noise+1","floor":31},{"not_picked":["Go for the Eyes","Gash+1","FTL","Rebound+1"],"picked":"Singing Bowl","floor":32}],"player_experience":172014,"relics_obtained":[{"floor":7,"key":"PreservedInsect"},{"floor":9,"key":"Blood Vial"},{"floor":11,"key":"Mercury Hourglass"},{"floor":13,"key":"Singing Bowl"},{"floor":17,"key":"Juzu Bracelet"},{"floor":17,"key":"Toxic Egg 2"},{"floor":17,"key":"Prayer Wheel"},{"floor":25,"key":"Question Card"},{"floor":26,"key":"Potion Belt"},{"floor":29,"key":"Dream Catcher"},{"floor":31,"key":"Boot"}],"event_choices":[{"event_name":"Shining Light","player_choice":"Entered Light","floor":5,"damage_taken":0},{"event_name":"Wheel of Change","player_choice":"Gold","floor":21,"damage_taken":0},{"event_name":"Cursed Tome","player_choice":"Ignored","floor":30,"damage_taken":0}],"is_beta":false,"boss_relics":[{"not_picked":["Eternal Feather","Lizard Tail"],"picked":"Calling Bell"}],"items_purged_floors":[19,28],"is_endless":false,"potions_floor_spawned":[1,2,4,13,14,18,22,24,25,31],"killed_by":"Automaton","ascension_level":2}