{"gold_per_floor":[114,129,129,55,55,70,85,100,100,125,90,105,105,135,135,235,235,250,250,265,280,130,45,45,120,145,160,161,176,191,206,206,306,306,321,336,336,351,366,366,381,411,411,426,2,2,17,32,32,32],"floor_reached":51,"playtime":4263,"items_purged":[],"score":812,"play_id":"015d6938-ece3-47fa-89ef-39051ba84733","local_time":"20181210193254","daily_mods":["Chimera","Hoarder","Night Terrors"],"is_ascension_mode":false,"campfire_choices":[{"floor":13,"key":"REST"},{"data":"Loop","floor":15,"key":"SMITH"},{"data":"Go for the Eyes","floor":24,"key":"SMITH"},{"data":"Sunder","floor":32,"key":"SMITH"},{"data":"FTL","floor":40,"key":"SMITH"},{"data":"Meteor Strike","floor":49,"key":"SMITH"}],"neow_cost":"","seed_source_timestamp":0,"circlet_count":0,"master_deck":["Bash","Survivor","Zap","Strike_R","Strike_G","Strike_B","Defend_G","Defend_B","Stack","Stack","Stack","Ball Lightning","Ball Lightning","Ball Lightning","Loop+1","Loop+1","Loop","Coolheaded","Coolheaded","Coolheaded","Consume","Consume","Consume","FTL","FTL","FTL+1","Self Repair","Self Repair","Self Repair","Cold Snap","Cold Snap","Cold Snap","Amplify","Amplify","Amplify","Genetic Algorithm","Genetic Algorithm","Genetic Algorithm","Loop+1","Loop+1","Loop+1","Go for the Eyes","Go for the Eyes+1","Go for the Eyes","Core Surge","Core Surge","Core Surge","Sunder","Sunder+1","Sunder","Cold Snap+1","Cold Snap+1","Cold Snap+1","Capacitor","Capacitor","Capacitor","Reinforced Body+1","Reinforced Body+1","Reinforced Body+1","Machine Learning","Machine Learning","Machine Learning","Self Repair+1","Self Repair+1","Self Repair+1","Chill+1","Chill+1","Chill+1","Parasite","Parasite","Parasite","Meteor Strike+1","Meteor Strike","Meteor Strike","Sunder","Sunder","Sunder","Enlightenment","Enlightenment","Enlightenment","Aggregate+1","Aggregate+1","Aggregate+1"],"special_seed":17875,"relics":["Cracked Core","Potion Belt","Anchor","Centennial Puzzle","Snecko Eye","DataDisk","PreservedInsect","Symbiotic Virus","Ancient Tea Set","Red Mask","Coffee Dripper","Boot","Meat on the Bone","Letter Opener"],"potions_floor_usage":[16,20,33,33,39,41,45,50,50,50,50],"damage_taken":[{"damage":1,"enemies":"Jaw Worm","floor":1,"turns":4},{"damage":4,"enemies":"Cultist","floor":2,"turns":4},{"damage":11,"enemies":"2 Louse","floor":6,"turns":2},{"damage":13,"enemies":"Lots of Slimes","floor":7,"turns":3},{"damage":35,"enemies":"Exordium Wildlife","floor":8,"turns":3},{"damage":2,"enemies":"Blue Slaver","floor":12,"turns":2},{"damage":8,"enemies":"Lagavulin","floor":14,"turns":5},{"damage":27,"enemies":"The Guardian","floor":16,"turns":8},{"damage":0,"enemies":"Chosen","floor":18,"turns":3},{"damage":0,"enemies":"Spheric Guardian","floor":20,"turns":3},{"damage":9,"enemies":"Chosen and Byrds","floor":21,"turns":5},{"damage":13,"enemies":"Snecko","floor":27,"turns":5},{"damage":11,"enemies":"Masked Bandits","floor":28,"turns":3},{"damage":0,"enemies":"Sentry and Sphere","floor":29,"turns":2},{"damage":11,"enemies":"3 Cultists","floor":30,"turns":3},{"damage":6,"enemies":"Snake Plant","floor":31,"turns":4},{"damage":5,"enemies":"Collector","floor":33,"turns":13},{"damage":5,"enemies":"3 Shapes","floor":35,"turns":2},{"damage":12,"enemies":"Orb Walker","floor":36,"turns":4},{"damage":15,"enemies":"Sphere and 2 Shapes","floor":38,"turns":5},{"damage":0,"enemies":"Maw","floor":39,"turns":13},{"damage":10,"enemies":"Writhing Mass","floor":41,"turns":7},{"damage":15,"enemies":"Giant Head","floor":42,"turns":8},{"damage":10,"enemies":"Sphere and 2 Shapes","floor":44,"turns":4},{"damage":15,"enemies":"Maw","floor":47,"turns":7},{"damage":6,"enemies":"Jaw Worm Horde","floor":48,"turns":3},{"damage":45,"enemies":"Donu and Deca","floor":50,"turns":13}],"seed_played":"-7146687675477179986","potions_obtained":[{"floor":7,"key":"Poison Potion"},{"floor":12,"key":"Dexterity Potion"},{"floor":14,"key":"Swift Potion"},{"floor":16,"key":"SkillPotion"},{"floor":18,"key":"AttackPotion"},{"floor":27,"key":"FearPotion"},{"floor":31,"key":"FocusPotion"},{"floor":33,"key":"Fire Potion"},{"floor":36,"key":"AttackPotion"},{"floor":41,"key":"Dexterity Potion"},{"floor":47,"key":"EssenceOfSteel"}],"is_trial":false,"path_per_floor":["M","M","?","$","?","M","M","M","T","T","?","M","R","E","R","B",null,"M","?","M","M","$","?","R","T","T","M","?","M","M","M","R","B",null,"M","M","?","M","M","R","M","E","T","M","$","?","M","M","R","B",null],"character_chosen":"DEFECT","items_purchased":["Loop","DataDisk","Sunder","Letter Opener","Fruit Juice"],"campfire_rested":1,"item_purchase_floors":[4,22,45,45,45],"current_hp_per_floor":[74,70,63,63,63,52,39,4,4,4,22,20,70,70,70,43,70,70,70,70,61,61,61,61,61,61,70,66,70,66,67,67,62,70,65,53,53,45,70,70,70,70,70,70,75,70,75,75,75,75],"gold":32,"neow_bonus":"","is_prod":false,"is_daily":true,"chose_seed":false,"campfire_upgraded":5,"win_rate":0,"timestamp":1544488374,"path_taken":["M","M","?","$","?","M","M","?","T","?","?","M","R","E","R","BOSS","M","?","M","?","$","?","R","?","T","M","?","M","?","M","R","BOSS","M","M","?","M","?","R","M","E","T","M","$","?","M","M","R","BOSS"],"build_version":"2018-12-06","purchased_purges":0,"victory":true,"max_hp_per_floor":[75,75,75,75,75,75,75,75,75,75,75,75,70,70,70,70,70,70,70,70,70,70,70,70,70,70,70,70,70,70,70,70,70,70,70,70,70,70,70,70,70,70,70,70,75,75,75,75,75,75],"card_choices":[{"not_picked":["Static Discharge","Barrage"],"picked":"Stack","floor":1},{"not_picked":["Conserve Battery","Stack"],"picked":"Ball Lightning","floor":2},{"not_picked":["Gash","Leap"],"picked":"Coolheaded","floor":6},{"not_picked":["Hologram","Ball Lightning"],"picked":"Consume","floor":7},{"not_picked":["Cold Snap","Coolheaded"],"picked":"FTL","floor":8},{"not_picked":["Compile Driver","Genetic Algorithm"],"picked":"Self Repair","floor":12},{"not_picked":["Lockon","Tempest"],"picked":"Cold Snap","floor":14},{"not_picked":["Biased Cognition","Buffer"],"picked":"Amplify","floor":16},{"not_picked":["Leap","Recycle"],"picked":"Genetic Algorithm","floor":18},{"not_picked":["Steam","Leap"],"picked":"Go for the Eyes","floor":20},{"not_picked":["Barrage","Hologram"],"picked":"Core Surge","floor":21},{"not_picked":["Steam","Compile Driver"],"picked":"Sunder","floor":27},{"not_picked":["Darkness+1","Conserve Battery"],"picked":"Cold Snap+1","floor":28},{"not_picked":["Rebound","Turbo","Beam Cell"],"picked":"SKIP","floor":29},{"not_picked":["Hologram","Steam+1"],"picked":"Capacitor","floor":30},{"not_picked":["Melter","Steam Power+1"],"picked":"Reinforced Body+1","floor":31},{"not_picked":["Fission","Hyperbeam"],"picked":"Machine Learning","floor":33},{"not_picked":["Leap+1","Fusion","Go for the Eyes"],"picked":"SKIP","floor":35},{"not_picked":["Hologram","Coolheaded"],"picked":"Self Repair+1","floor":36},{"not_picked":["Compile Driver+1","Loop+1"],"picked":"Chill+1","floor":38},{"not_picked":["Steam Power","Rebound+1","Go for the Eyes"],"picked":"SKIP","floor":39},{"not_picked":["Ball Lightning","Skim","Cold Snap"],"picked":"SKIP","floor":41},{"not_picked":["Doom and Gloom+1","Rebound"],"picked":"Meteor Strike","floor":42},{"not_picked":["Beam Cell","Sweeping Beam","Gash"],"picked":"SKIP","floor":44},{"not_picked":["Thinking Ahead","Good Instincts"],"picked":"Enlightenment","floor":46},{"not_picked":["Conserve Battery+1","Rebound+1"],"picked":"Aggregate+1","floor":47},{"not_picked":["Coolheaded+1","Turbo+1","Chaos"],"picked":"SKIP","floor":48}],"player_experience":699122,"relics_obtained":[{"floor":9,"key":"Potion Belt"},{"floor":10,"key":"Anchor"},{"floor":14,"key":"Centennial Puzzle"},{"floor":25,"key":"Symbiotic Virus"},{"floor":26,"key":"Ancient Tea Set"},{"floor":28,"key":"Red Mask"},{"floor":42,"key":"Boot"},{"floor":43,"key":"Meat on the Bone"}],"event_choices":[{"cards_removed":["Defend_R"],"damage_healed":0,"gold_gain":0,"player_choice":"Card Removal","damage_taken":7,"max_hp_gain":0,"max_hp_loss":0,"event_name":"Golden Wing","floor":3,"gold_loss":0},{"damage_healed":0,"gold_gain":0,"player_choice":"Upgraded","damage_taken":0,"max_hp_gain":0,"max_hp_loss":0,"event_name":"Upgrade Shrine","floor":5,"gold_loss":0,"cards_upgraded":["Loop"]},{"damage_healed":18,"gold_gain":0,"player_choice":"Healed","damage_taken":0,"max_hp_gain":0,"max_hp_loss":0,"event_name":"The Cleric","floor":11,"gold_loss":35},{"damage_healed":0,"gold_gain":0,"player_choice":"Copied","damage_taken":0,"max_hp_gain":0,"max_hp_loss":0,"event_name":"Duplicator","floor":19,"gold_loss":0,"cards_obtained":["Loop"]},{"damage_healed":0,"gold_gain":0,"player_choice":"Obtained Relic","damage_taken":0,"relics_obtained":["PreservedInsect"],"max_hp_gain":0,"max_hp_loss":0,"event_name":"Addict","floor":23,"gold_loss":85},{"damage_healed":0,"gold_gain":0,"player_choice":"Fought Bandits","damage_taken":0,"max_hp_gain":0,"max_hp_loss":0,"event_name":"Masked Bandits","floor":28,"gold_loss":0},{"damage_healed":0,"gold_gain":0,"player_choice":"Got Potions","damage_taken":0,"max_hp_gain":0,"max_hp_loss":0,"event_name":"Lab","floor":37,"gold_loss":0},{"damage_healed":0,"gold_gain":0,"player_choice":"Memory 2","damage_taken":5,"max_hp_gain":0,"max_hp_loss":0,"event_name":"SensoryStone","floor":46,"gold_loss":0}],"is_beta":false,"boss_relics":[{"not_picked":["Runic Dome","Empty Cage"],"picked":"Snecko Eye"},{"not_picked":["Orrery","Lizard Tail"],"picked":"Coffee Dripper"}],"items_purged_floors":[],"is_endless":false,"potions_floor_spawned":[7,12,14,16,18,27,31,33,36,38,41,47],"ascension_level":0}