{"gold_per_floor":[119,139,153,169,34,34,209,209,278,4,38,52,52,71,71,171,171,189,117,117,130,27,59,59,36,36,36,36,60,73,97,97,201,201,215,189,203,14,14,14,27,27,103,121,134,134,0,15,15,15],"floor_reached":51,"playtime":2085,"items_purged":["Doubt"],"score":665,"play_id":"bfa7d8c9-efe0-439f-82ef-69c68d881200","local_time":"20190202202125","is_ascension_mode":false,"campfire_choices":[{"data":"Flame Barrier","floor":6,"key":"SMITH"},{"data":"Finesse","floor":8,"key":"SMITH"},{"data":"Uppercut","floor":15,"key":"SMITH"},{"floor":24,"key":"REST"},{"data":"Fire Breathing","floor":28,"key":"SMITH"},{"data":"True Grit","floor":32,"key":"SMITH"},{"data":"Flame Barrier","floor":40,"key":"SMITH"},{"data":"Madness","floor":42,"key":"SMITH"},{"floor":46,"key":"REST"},{"data":"Madness","floor":49,"key":"SMITH"}],"neow_cost":"NONE","seed_source_timestamp":868523359715900,"circlet_count":0,"master_deck":["Strike_R","Strike_R","Strike_R+1","Strike_R","Defend_R","Defend_R","Defend_R+1","Defend_R","Bash+1","Deep Breath","Fire Breathing+1","Clothesline","Flame Barrier+1","Uppercut+1","Finesse+1","True Grit+1","True Grit+1","Immolate","Iron Wave","Burning Pact","Shrug It Off","Clothesline+1","Feed","Flame Barrier+1","Madness+1","Madness+1","Heavy Blade+1"],"relics":["Burning Blood","Mummified Hand","Membership Card","Bag of Preparation","Vajra","Busted Crown","Anchor","Toolbox","War Paint","Omamori","Potion Belt","Whetstone","Boot","Velvet Choker","Brimstone","Meat on the Bone","Red Mask"],"potions_floor_usage":[11,12,16,23,23,30,33,45,50,50,50,50],"damage_taken":[{"damage":1,"enemies":"Cultist","floor":1,"turns":4},{"damage":3,"enemies":"Jaw Worm","floor":2,"turns":7},{"damage":10,"enemies":"Small Slimes","floor":3,"turns":5},{"damage":9,"enemies":"Red Slaver","floor":4,"turns":6},{"damage":10,"enemies":"Gremlin Nob","floor":11,"turns":3},{"damage":0,"enemies":"Lots of Slimes","floor":12,"turns":1},{"damage":7,"enemies":"Exordium Thugs","floor":14,"turns":4},{"damage":56,"enemies":"The Guardian","floor":16,"turns":15},{"damage":7,"enemies":"2 Thieves","floor":18,"turns":4},{"damage":4,"enemies":"Shell Parasite","floor":21,"turns":4},{"damage":47,"enemies":"Book of Stabbing","floor":23,"turns":7},{"damage":0,"enemies":"Cultist and Chosen","floor":30,"turns":5},{"damage":55,"enemies":"Collector","floor":33,"turns":14},{"damage":0,"enemies":"3 Shapes","floor":35,"turns":2},{"damage":4,"enemies":"Orb Walker","floor":37,"turns":5},{"damage":0,"enemies":"Jaw Worm Horde","floor":41,"turns":3},{"damage":24,"enemies":"3 Darklings","floor":44,"turns":4},{"damage":12,"enemies":"Maw","floor":45,"turns":5},{"damage":13,"enemies":"Transient","floor":48,"turns":5},{"damage":82,"enemies":"Donu and Deca","floor":50,"turns":8}],"seed_played":"6630762623345980284","potions_obtained":[{"floor":3,"key":"AttackPotion"},{"floor":4,"key":"SteroidPotion"},{"floor":11,"key":"BloodPotion"},{"floor":16,"key":"GamblersBrew"},{"floor":23,"key":"Energy Potion"},{"floor":30,"key":"Strength Potion"},{"floor":37,"key":"BloodPotion"},{"floor":41,"key":"AttackPotion"}],"is_trial":false,"path_per_floor":["M","M","M","M","$","R","?","R","T","$","E","M","?","M","R","B",null,"M","$","?","M","$","E","R","$","T","T","R","T","M","T","R","B",null,"M","$","M","$","?","R","M","R","T","M","M","R","?","M","R","B",null],"character_chosen":"IRONCLAD","items_purchased":["Finesse","Explosive Potion","Membership Card","Anchor","Toolbox","Shrug It Off","Swift Potion","Flame Barrier","SkillPotion","SkillPotion","Brimstone"],"campfire_rested":2,"item_purchase_floors":[5,5,10,19,22,25,36,38,38,38,38],"current_hp_per_floor":[80,80,76,73,73,73,73,73,73,73,69,75,75,74,74,24,80,79,79,79,80,80,47,71,71,71,71,71,71,77,77,77,28,80,84,84,84,84,73,73,83,83,83,65,59,85,85,78,78,22],"gold":15,"neow_bonus":"RANDOM_COLORLESS","is_prod":false,"is_daily":false,"chose_seed":false,"campfire_upgraded":8,"win_rate":0,"timestamp":1549167685,"path_taken":["M","M","M","?","$","R","?","R","T","?","E","?","?","M","R","BOSS","M","$","?","?","$","E","R","?","T","?","R","?","M","?","R","BOSS","M","$","M","$","?","R","M","R","T","M","M","R","?","M","R","BOSS"],"build_version":"2019-01-23","purchased_purges":1,"victory":true,"max_hp_per_floor":[80,80,80,80,80,80,80,80,80,80,80,80,80,80,80,80,80,80,80,80,80,80,80,80,80,80,80,80,80,80,80,80,80,80,84,84,84,84,84,84,88,88,88,88,88,88,88,88,88,88],"card_choices":[{"not_picked":["Armaments","Twin Strike"],"picked":"Fire Breathing","floor":1},{"not_picked":["Clash","Entrench"],"picked":"Clothesline","floor":2},{"not_picked":["Power Through","Shrug It Off"],"picked":"Flame Barrier","floor":3},{"not_picked":["True Grit","Inflame"],"picked":"Uppercut","floor":4},{"not_picked":["Heavy Blade","Flex"],"picked":"True Grit","floor":11},{"not_picked":["Clash","Armaments"],"picked":"True Grit","floor":12},{"not_picked":["Headbutt","Combust","Flex"],"picked":"SKIP","floor":14},{"not_picked":["Offering","Berserk"],"picked":"Immolate","floor":16},{"not_picked":[],"picked":"Iron Wave","floor":18},{"not_picked":["Havoc"],"picked":"SKIP","floor":21},{"not_picked":["Combust"],"picked":"SKIP","floor":23},{"not_picked":[],"picked":"Clothesline+1","floor":30},{"not_picked":[],"picked":"Feed","floor":33},{"not_picked":["Hemokinesis"],"picked":"SKIP","floor":35},{"not_picked":["Armaments+1"],"picked":"SKIP","floor":37},{"not_picked":["Armaments+1"],"picked":"SKIP","floor":41},{"not_picked":[],"picked":"Heavy Blade+1","floor":44},{"not_picked":["Sword Boomerang"],"picked":"SKIP","floor":45},{"not_picked":["Perfected Strike+1"],"picked":"SKIP","floor":48}],"player_experience":98431,"relics_obtained":[{"floor":9,"key":"Mummified Hand"},{"floor":11,"key":"Bag of Preparation"},{"floor":13,"key":"Vajra"},{"floor":23,"key":"War Paint"},{"floor":26,"key":"Omamori"},{"floor":27,"key":"Potion Belt"},{"floor":29,"key":"Whetstone"},{"floor":31,"key":"Boot"},{"floor":43,"key":"Meat on the Bone"}],"event_choices":[{"damage_healed":0,"gold_gain":175,"player_choice":"AGREE","damage_taken":0,"max_hp_gain":0,"max_hp_loss":0,"event_name":"Liars Game","floor":7,"gold_loss":0,"cards_obtained":["Doubt"]},{"damage_healed":0,"gold_gain":0,"player_choice":"Relic","damage_taken":0,"max_hp_gain":0,"max_hp_loss":0,"event_name":"Wheel of Change","floor":13,"gold_loss":0},{"damage_healed":0,"gold_gain":0,"cards_transformed":["Strike_R"],"player_choice":"Transformed","damage_taken":0,"max_hp_gain":0,"max_hp_loss":0,"event_name":"Transmorgrifier","floor":20,"gold_loss":0,"cards_obtained":["Burning Pact"]},{"damage_healed":0,"gold_gain":0,"player_choice":"Embrace Madness","damage_taken":11,"max_hp_gain":0,"max_hp_loss":0,"event_name":"Winding Halls","floor":39,"gold_loss":0,"cards_obtained":["Madness","Madness"]},{"damage_healed":0,"gold_gain":0,"player_choice":"Paid","damage_taken":0,"relics_obtained":["Red Mask"],"max_hp_gain":0,"max_hp_loss":0,"event_name":"Tomb of Lord Red Mask","floor":47,"gold_loss":134}],"is_beta":false,"boss_relics":[{"not_picked":["Black Blood","Calling Bell"],"picked":"Busted Crown"},{"not_picked":["Coffee Dripper","Fusion Hammer"],"picked":"Velvet Choker"}],"items_purged_floors":[10],"is_endless":false,"potions_floor_spawned":[3,4,11,16,23,30,37,41],"ascension_level":0}