{"gold_per_floor":[113,127,127,137,62,62,73,173,200,213,227,102,115,143,143,240,240,254,264,264,135,135,163,163,183,183,183,202,212,138,88,88,188,188,205,205,225,235,235,247,247,259,259,273,273,300,300],"floor_reached":47,"playtime":1593,"items_purged":["Defend_B","Defend_B","Writhe","Strike_B","Defend_B"],"score":481,"play_id":"35abf609-6fc4-459c-ad5f-b6ace11eb7fa","local_time":"20181008220028","is_ascension_mode":false,"campfire_choices":[{"data":"Go for the Eyes","floor":6.0,"key":"SMITH"},{"floor":15.0,"key":"REST"},{"data":"Defragment","floor":24.0,"key":"SMITH"},{"floor":27.0,"key":"REST"},{"data":"Barrage","floor":32.0,"key":"SMITH"},{"floor":45.0,"key":"REST"}],"neow_cost":"PERCENT_DAMAGE","seed_source_timestamp":86303666146674,"circlet_count":0,"master_deck":["Defend_B","Zap","Dualcast","Conserve Battery","Go for the Eyes+1","Melter","Core Surge","Loop","Barrage+1","Capacitor","Ball Lightning","Coolheaded","Echo Form","Capacitor","Static Discharge+1","Defragment+1","Self Repair","Conserve Battery","Conserve Battery","Ball Lightning","Seek","Defragment+1","Coolheaded+1","Doubt","Parasite"],"special_seed":0,"relics":["Cracked Core","Smiling Mask","Vajra","Velvet Choker","Ancient Tea Set","FossilizedHelix","Bag of Preparation","Pear","Cursed Key","Kunai","Question Card"],"potions_floor_usage":[46],"damage_taken":[{"damage":1.0,"enemies":"Cultist","floor":1.0,"turns":3.0},{"damage":0.0,"enemies":"2 Louse","floor":2.0,"turns":2.0},{"damage":1.0,"enemies":"Jaw Worm","floor":4.0,"turns":3.0},{"damage":3.0,"enemies":"Looter","floor":7.0,"turns":3.0},{"damage":7.0,"enemies":"Blue Slaver","floor":10.0,"turns":3.0},{"damage":8.0,"enemies":"Red Slaver","floor":11.0,"turns":2.0},{"damage":7.0,"enemies":"3 Louse","floor":13.0,"turns":3.0},{"damage":2.0,"enemies":"Lagavulin","floor":14.0,"turns":5.0},{"damage":12.0,"enemies":"The Guardian","floor":16.0,"turns":9.0},{"damage":12.0,"enemies":"3 Byrds","floor":18.0,"turns":5.0},{"damage":0.0,"enemies":"Spheric Guardian","floor":19.0,"turns":1.0},{"damage":24.0,"enemies":"Book of Stabbing","floor":23.0,"turns":5.0},{"damage":14.0,"enemies":"Shelled Parasite and Fungi","floor":25.0,"turns":3.0},{"damage":22.0,"enemies":"Centurion and Healer","floor":28.0,"turns":3.0},{"damage":5.0,"enemies":"Snake Plant","floor":29.0,"turns":4.0},{"damage":38.0,"enemies":"Collector","floor":33.0,"turns":8.0},{"damage":5.0,"enemies":"3 Shapes","floor":35.0,"turns":5.0},{"damage":38.0,"enemies":"3 Darklings","floor":37.0,"turns":5.0},{"damage":0.0,"enemies":"Sphere and 2 Shapes","floor":38.0,"turns":6.0},{"damage":25.0,"enemies":"Reptomancer","floor":40.0,"turns":5.0},{"damage":24.0,"enemies":"4 Shapes","floor":42.0,"turns":3.0},{"damage":60.0,"enemies":"Spire Growth","floor":44.0,"turns":4.0},{"damage":6,"enemies":"Nemesis","floor":46,"turns":5},{"damage":49,"enemies":"Reptomancer","floor":47,"turns":3}],"seed_played":"-7778975604212471754","potions_obtained":[{"floor":1.0,"key":"Weak Potion"},{"floor":4.0,"key":"AttackPotion"},{"floor":14.0,"key":"Block Potion"},{"floor":23.0,"key":"PowerPotion"},{"floor":25.0,"key":"FocusPotion"},{"floor":35.0,"key":"SteroidPotion"}],"is_trial":false,"path_per_floor":["M","M","?","M","$","R","M","?","T","M","M","$","M","E","R","B",null,"M","M","?","$","?","E","R","M","T","R","M","M","$","$","R","B",null,"M","?","M","M","?","M","?","M","T","M","R","E"],"character_chosen":"DEFECT","items_purchased":["Capacitor","Defragment","Ball Lightning"],"campfire_rested":3,"item_purchase_floors":[12,21,30],"current_hp_per_floor":[53,53,46,45,45,45,42,42,42,35,27,27,20,18,40,28,75,63,63,63,63,63,39,39,32,42,67,52,47,47,47,47,16,85,85,85,54,61,61,36,85,68,68,22,47,41,0],"gold":300,"neow_bonus":"REMOVE_TWO","is_prod":false,"is_daily":false,"chose_seed":false,"campfire_upgraded":3,"win_rate":0,"timestamp":1539003628,"path_taken":["M","?","?","?","$","R","M","?","T","?","?","$","M","E","R","BOSS","M","M","?","$","?","E","R","?","T","R","M","M","?","$","R","BOSS","M","?","M","M","?","M","?","M","T","?","R","E","M"],"build_version":"2018-10-04","purchased_purges":5,"victory":false,"max_hp_per_floor":[75,75,75,75,75,75,75,75,75,75,75,75,75,75,75,75,75,75,75,75,75,75,75,75,75,85,85,85,85,85,85,85,85,85,85,85,85,85,85,85,85,85,85,85,85,85,85],"card_choices":[{"not_picked":["Recycle","Steam Power"],"picked":"Conserve Battery","floor":1.0},{"not_picked":["Steam","Beam Cell"],"picked":"Go for the Eyes","floor":2.0},{"not_picked":["Leap","Undo"],"picked":"Melter","floor":4.0},{"not_picked":["Blizzard","Coolheaded"],"picked":"Core Surge","floor":7.0},{"not_picked":["Conserve Battery","Turbo"],"picked":"Loop","floor":10.0},{"not_picked":["Gash","Chaos"],"picked":"Barrage","floor":11.0},{"not_picked":["Sunder","Force Field"],"picked":"Ball Lightning","floor":13.0},{"not_picked":["Stack","Turbo"],"picked":"Coolheaded","floor":14.0},{"not_picked":["Biased Cognition","All For One"],"picked":"Echo Form","floor":16.0},{"not_picked":["Redo","Beam Cell"],"picked":"Capacitor","floor":18.0},{"not_picked":["Conserve Battery","Chaos+1"],"picked":"Static Discharge+1","floor":19.0},{"not_picked":["Glacier+1","Steam+1"],"picked":"Self Repair","floor":23.0},{"not_picked":["Reprogram","Barrage","Storm"],"picked":"SKIP","floor":25.0},{"not_picked":["Compile Driver","Double Energy"],"picked":"Conserve Battery","floor":28.0},{"not_picked":["Rebound","Chill"],"picked":"Conserve Battery","floor":29.0},{"not_picked":["Machine Learning","Amplify"],"picked":"Seek","floor":33.0},{"not_picked":["Doom and Gloom","Heatsinks"],"picked":"Defragment","floor":35.0},{"not_picked":["Undo+1","Leap","Melter"],"picked":"SKIP","floor":37.0},{"not_picked":["Steam","Barrage+1"],"picked":"Coolheaded+1","floor":38.0},{"not_picked":["Steam","Ball Lightning","Fusion+1"],"picked":"SKIP","floor":40.0},{"not_picked":["Chaos+1","Consume","Turbo"],"picked":"SKIP","floor":42.0},{"not_picked":["Gash+1","Aggregate","Compile Driver"],"picked":"SKIP","floor":44.0},{"not_picked":["Rainbow","Rebound","Redo"],"picked":"SKIP","floor":46}],"player_experience":488799,"relics_obtained":[{"floor":9.0,"key":"Smiling Mask"},{"floor":14.0,"key":"Vajra"},{"floor":23.0,"key":"Bag of Preparation"},{"floor":26.0,"key":"Pear"},{"floor":43.0,"key":"Kunai"},{"floor":46,"key":"Question Card"}],"event_choices":[{"event_name":"Golden Wing","player_choice":"Card Removal","floor":3.0,"damage_taken":0.0},{"event_name":"Golden Shrine","player_choice":"Pray","floor":8.0,"damage_taken":0.0},{"event_name":"The Mausoleum","player_choice":"Yes","floor":20.0,"damage_taken":0.0},{"event_name":"WeMeetAgain","player_choice":"Potion","floor":22.0,"damage_taken":0.0},{"event_name":"Accursed Blacksmith","player_choice":"Forge","floor":36.0,"damage_taken":0.0},{"event_name":"Mysterious Sphere","player_choice":"Ignore","floor":39.0,"damage_taken":0.0},{"event_name":"MindBloom","player_choice":"Heal","floor":41.0,"damage_taken":0.0}],"is_beta":true,"boss_relics":[{"not_picked":["Runic Pyramid","Inserter"],"picked":"Velvet Choker"},{"not_picked":["Pandora\u0027s Box","Calling Bell"],"picked":"Cursed Key"}],"items_purged_floors":[5,12,21,30,31],"is_endless":false,"potions_floor_spawned":[1,4,14,16,23,25,35,40,44],"killed_by":"Reptomancer","ascension_level":0}