{"gold_per_floor":[361,361,375,375,125,150,46,59,82,82,112,125,125,156,156,253,253,253,253,26,26,26,26,26,26,26,26,26,26,26,26,26,26,26,26,26,26,0,0,0,0,0,0,0,0,0,0,0,0,0],"floor_reached":51,"playtime":5327,"items_purged":["Strike_G"],"score":768,"play_id":"7655ccbc-7aad-4480-bdde-04968fd25a30","local_time":"20190128104949","is_ascension_mode":true,"campfire_choices":[{"floor":10,"key":"REST"},{"floor":13,"key":"REST"},{"floor":15,"key":"REST"},{"data":"Calculated Gamble","floor":23,"key":"SMITH"},{"data":"Footwork","floor":25,"key":"SMITH"},{"data":"Noxious Fumes","floor":27,"key":"SMITH"},{"floor":32,"key":"REST"},{"data":"Burst","floor":40,"key":"SMITH"},{"data":"Blur","floor":42,"key":"SMITH"},{"floor":49,"key":"REST"}],"neow_cost":"PERCENT_DAMAGE","seed_source_timestamp":1245015886406477,"circlet_count":0,"master_deck":["Defend_G","Defend_G","Defend_G","Defend_G","Defend_G","Strike_G","Strike_G","Survivor","Neutralize","Dagger Spray","Cloak And Dagger","Footwork+1","Deadly Poison","Crippling Poison","Calculated Gamble+1","Well Laid Plans","Bouncing Flask","Dash","Blur","Glass Knife+1","Dodge and Roll+1","Blur+1","Leg Sweep","Noxious Fumes+1","Glass Knife+1","Blur","Backstab+1","Flying Knee+1","PiercingWail","Burst+1","Doubt","Acrobatics+1","Infinite Blades+1","Neutralize+1","Unload+1","Riddle With Holes+1","Bouncing Flask+1","Terror+1"],"relics":["Ring of the Snake","Happy Flower","Omamori","Unceasing Top","Molten Egg 2","Ectoplasm","Sling","Kunai","Vajra","Nilry\u0027s Codex","Juzu Bracelet","Calling Bell","Bronze Scales","Matryoshka","Incense Burner","Red Mask","Ice Cream","Bag of Marbles","Orichalcum","MawBank"],"potions_floor_usage":[6,6,6,6,14,16,16,22,24,31,39,50,50,50],"damage_taken":[{"damage":0,"enemies":"Small Slimes","floor":1,"turns":5},{"damage":1,"enemies":"Cultist","floor":3,"turns":4},{"damage":16,"enemies":"Gremlin Nob","floor":6,"turns":3},{"damage":0,"enemies":"2 Louse","floor":8,"turns":2},{"damage":11,"enemies":"Lagavulin","floor":11,"turns":7},{"damage":9,"enemies":"Blue Slaver","floor":12,"turns":3},{"damage":17,"enemies":"Gremlin Nob","floor":14,"turns":4},{"damage":21,"enemies":"The Guardian","floor":16,"turns":11},{"damage":8,"enemies":"3 Byrds","floor":18,"turns":5},{"damage":0,"enemies":"Chosen","floor":19,"turns":5},{"damage":10,"enemies":"3 Cultists","floor":22,"turns":5},{"damage":7,"enemies":"Book of Stabbing","floor":24,"turns":6},{"damage":6,"enemies":"Snecko","floor":28,"turns":6},{"damage":4,"enemies":"Centurion and Healer","floor":29,"turns":7},{"damage":0,"enemies":"Gremlin Leader","floor":31,"turns":5},{"damage":13,"enemies":"Champ","floor":33,"turns":13},{"damage":0,"enemies":"Orb Walker","floor":35,"turns":4},{"damage":0,"enemies":"3 Shapes","floor":36,"turns":4},{"damage":7,"enemies":"2 Orb Walkers","floor":39,"turns":7},{"damage":11,"enemies":"Spire Growth","floor":44,"turns":4},{"damage":4,"enemies":"Maw","floor":45,"turns":7},{"damage":4,"enemies":"Reptomancer","floor":47,"turns":7},{"damage":22,"enemies":"3 Darklings","floor":48,"turns":5},{"damage":15,"enemies":"Awakened One","floor":50,"turns":14}],"seed_played":"-2349661070744063418","potions_obtained":[{"floor":4,"key":"EntropicBrew"},{"floor":4,"key":"Poison Potion"},{"floor":4,"key":"PowerPotion"},{"floor":6,"key":"Block Potion"},{"floor":18,"key":"Regen Potion"},{"floor":19,"key":"Block Potion"},{"floor":28,"key":"PowerPotion"},{"floor":33,"key":"Swift Potion"},{"floor":36,"key":"FearPotion"},{"floor":47,"key":"Dexterity Potion"},{"floor":48,"key":"SkillPotion"}],"is_trial":false,"path_per_floor":["M","?","M","?","$","E","$","M","T","R","E","M","R","E","R","B",null,"M","M","$","?","M","R","E","R","T","R","M","M","?","E","R","B",null,"M","M","?","?","?","R","?","R","T","M","M","?","E","M","R","B",null],"character_chosen":"THE_SILENT","items_purchased":["Footwork","Deadly Poison","Crippling Poison","Well Laid Plans","Bouncing Flask","Sling","Leg Sweep"],"campfire_rested":5,"item_purchase_floors":[5,5,5,7,7,20,20],"current_hp_per_floor":[49,49,48,48,48,32,32,32,32,53,42,33,54,37,58,37,70,62,62,62,62,52,52,59,59,59,59,53,49,33,33,54,41,70,70,70,70,70,63,63,63,63,63,52,48,48,44,22,43,28],"gold":0,"neow_bonus":"TWO_FIFTY_GOLD","is_prod":false,"is_daily":false,"chose_seed":false,"campfire_upgraded":5,"win_rate":0,"timestamp":1548690589,"path_taken":["M","?","?","?","$","E","$","M","T","R","E","?","R","E","R","BOSS","M","M","$","?","M","R","E","R","T","R","?","?","?","E","R","BOSS","M","M","?","?","?","R","?","R","T","M","M","?","E","M","R","BOSS"],"build_version":"2019-01-23","purchased_purges":1,"victory":true,"max_hp_per_floor":[70,70,70,70,70,70,70,70,70,70,70,70,70,70,70,70,70,70,70,70,70,70,70,70,70,70,70,70,70,70,70,70,70,70,70,70,70,70,70,70,70,70,70,70,70,70,70,70,70,70],"card_choices":[{"not_picked":["Finisher","Concentrate"],"picked":"Dagger Spray","floor":1},{"not_picked":["Masterful Stab","Outmaneuver"],"picked":"Cloak And Dagger","floor":3},{"not_picked":["Setup","Cloak And Dagger"],"picked":"Calculated Gamble","floor":6},{"not_picked":["Sucker Punch","All Out Attack","Poisoned Stab"],"picked":"SKIP","floor":8},{"not_picked":["Blade Dance","Sucker Punch"],"picked":"Dash","floor":11},{"not_picked":["Deadly Poison","Blade Dance","Finisher"],"picked":"SKIP","floor":12},{"not_picked":["Reflex","PiercingWail"],"picked":"Blur","floor":14},{"not_picked":["Venomology","Envenom"],"picked":"Glass Knife+1","floor":16},{"not_picked":["Acrobatics","Prepared"],"picked":"Dodge and Roll+1","floor":18},{"not_picked":["Concentrate","Masterful Stab+1"],"picked":"Blur","floor":19},{"not_picked":["Deflect+1","Masterful Stab+1"],"picked":"Well Laid Plans","floor":22},{"not_picked":["Sucker Punch+1","Deflect"],"picked":"Blur","floor":24},{"not_picked":["Finisher+1","Dodge and Roll"],"picked":"Backstab+1","floor":28},{"not_picked":["Outmaneuver+1","Underhanded Strike+1"],"picked":"Flying Knee+1","floor":29},{"not_picked":["Cloak And Dagger+1","Skewer+1"],"picked":"PiercingWail","floor":31},{"not_picked":["Envenom","Adrenaline"],"picked":"Burst","floor":33},{"not_picked":["Deflect","Distraction"],"picked":"Acrobatics+1","floor":35},{"not_picked":["Cloak And Dagger+1","Expertise"],"picked":"Infinite Blades+1","floor":36},{"not_picked":["Outmaneuver+1","Underhanded Strike+1"],"picked":"Unload+1","floor":39},{"not_picked":["Setup+1","Flying Knee+1"],"picked":"Bouncing Flask+1","floor":44},{"not_picked":["Eviscerate+1","Bane+1"],"picked":"Terror+1","floor":45},{"not_picked":["Backflip","Cloak And Dagger+1","Dagger Spray+1"],"picked":"SKIP","floor":47},{"not_picked":["Calculated Gamble+1","Slice+1","Heel Hook+1"],"picked":"SKIP","floor":48}],"player_experience":154253,"relics_obtained":[{"floor":6,"key":"Happy Flower"},{"floor":9,"key":"Omamori"},{"floor":11,"key":"Unceasing Top"},{"floor":14,"key":"Molten Egg 2"},{"floor":24,"key":"Kunai"},{"floor":26,"key":"Vajra"},{"floor":30,"key":"Nilry\u0027s Codex"},{"floor":31,"key":"Juzu Bracelet"},{"floor":34,"key":"Bronze Scales"},{"floor":34,"key":"Matryoshka"},{"floor":34,"key":"Incense Burner"},{"floor":39,"key":"Ice Cream"},{"floor":43,"key":"Bag of Marbles"},{"floor":43,"key":"Orichalcum"},{"floor":47,"key":"MawBank"}],"event_choices":[{"cards_removed":["Strike_G"],"damage_healed":0,"gold_gain":0,"player_choice":"Purged","damage_taken":0,"max_hp_gain":0,"max_hp_loss":0,"event_name":"Purifier","floor":2,"gold_loss":0},{"damage_healed":0,"gold_gain":0,"player_choice":"Got Potions","damage_taken":0,"max_hp_gain":0,"max_hp_loss":0,"event_name":"Lab","floor":4,"gold_loss":0},{"damage_healed":0,"gold_gain":0,"player_choice":"2 cards matched","damage_taken":0,"max_hp_gain":0,"max_hp_loss":0,"event_name":"Match and Keep!","floor":21,"gold_loss":0,"cards_obtained":["Noxious Fumes","Glass Knife"]},{"damage_healed":0,"gold_gain":0,"player_choice":"Obtained Book","damage_taken":16,"max_hp_gain":0,"max_hp_loss":0,"event_name":"Cursed Tome","floor":30,"gold_loss":0},{"damage_healed":0,"gold_gain":0,"player_choice":"1 cards matched","damage_taken":0,"max_hp_gain":0,"max_hp_loss":0,"event_name":"Match and Keep!","floor":37,"gold_loss":0,"cards_obtained":["Neutralize"]},{"damage_healed":0,"gold_gain":0,"player_choice":"Paid","damage_taken":0,"relics_obtained":["Red Mask"],"max_hp_gain":0,"max_hp_loss":0,"event_name":"Tomb of Lord Red Mask","floor":38,"gold_loss":26},{"damage_healed":0,"gold_gain":0,"player_choice":"Fight","damage_taken":0,"max_hp_gain":0,"max_hp_loss":0,"event_name":"Mysterious Sphere","floor":39,"gold_loss":0},{"damage_healed":0,"gold_gain":0,"cards_transformed":["Strike_G"],"player_choice":"Transformed","damage_taken":0,"max_hp_gain":0,"max_hp_loss":0,"event_name":"Transmorgrifier","floor":41,"gold_loss":0,"cards_obtained":["Riddle With Holes"]},{"cards_removed":["Well Laid Plans"],"damage_healed":0,"gold_gain":0,"player_choice":"Removed Power","damage_taken":0,"max_hp_gain":0,"max_hp_loss":0,"event_name":"Falling","floor":46,"gold_loss":0}],"is_beta":false,"boss_relics":[{"not_picked":["White Beast Statue","Astrolabe"],"picked":"Ectoplasm"},{"not_picked":["Runic Pyramid","Velvet Choker"],"picked":"Calling Bell"}],"items_purged_floors":[5],"is_endless":false,"potions_floor_spawned":[6,8,12,18,19,28,33,36,47,48],"ascension_level":1}