{"gold_per_floor":[118,193,193,206,220,248,348,348,348,361,127,142,142,177,177,177],"floor_reached":16,"playtime":651,"items_purged":["Strike_R"],"score":138,"play_id":"a1314dcb-bd47-420a-898c-88c32a1a6fe5","local_time":"20190205153717","is_ascension_mode":true,"campfire_choices":[{"data":"True Grit","floor":8,"key":"SMITH"},{"floor":13,"key":"REST"},{"floor":15,"key":"REST"}],"neow_cost":"TEN_PERCENT_HP_LOSS","seed_source_timestamp":2301738090697876,"circlet_count":0,"master_deck":["Strike_R","Strike_R","Defend_R","Defend_R","Defend_R","Defend_R","Bash","Seeing Red","Blood for Blood","Inflame","Body Slam","True Grit+1","Body Slam","Havoc","Limit Break","Metallicize","Seeing Red","Double Tap"],"relics":["Burning Blood","The Courier","Bag of Marbles","Happy Flower","Smiling Mask"],"potions_floor_usage":[12,14,16],"damage_taken":[{"damage":5,"enemies":"2 Louse","floor":1,"turns":2},{"damage":3,"enemies":"Jaw Worm","floor":4,"turns":4},{"damage":6,"enemies":"Cultist","floor":5,"turns":4},{"damage":38,"enemies":"Gremlin Nob","floor":6,"turns":5},{"damage":3,"enemies":"Blue Slaver","floor":10,"turns":3},{"damage":11,"enemies":"Exordium Thugs","floor":12,"turns":6},{"damage":29,"enemies":"Lagavulin","floor":14,"turns":8},{"damage":50,"enemies":"Slime Boss","floor":16,"turns":6}],"seed_played":"297674723927838538","potions_obtained":[{"floor":10,"key":"Weak Potion"},{"floor":12,"key":"FearPotion"},{"floor":14,"key":"LiquidBronze"}],"is_trial":false,"path_per_floor":["M","?","T","M","M","E","?","R","T","M","$","M","R","E","R","B"],"character_chosen":"IRONCLAD","items_purchased":["Limit Break","Metallicize"],"campfire_rested":2,"item_purchase_floors":[11,11],"current_hp_per_floor":[72,61,61,64,64,32,32,32,32,35,35,30,51,28,49,0],"gold":177,"neow_bonus":"TRANSFORM_TWO_CARDS","is_prod":false,"is_daily":false,"chose_seed":false,"campfire_upgraded":1,"win_rate":0,"timestamp":1549399037,"path_taken":["M","?","?","M","?","E","?","R","T","M","$","M","R","E","R","BOSS"],"build_version":"2019-01-23","purchased_purges":1,"victory":false,"max_hp_per_floor":[72,72,72,72,72,72,72,72,72,72,72,72,72,72,72,72],"card_choices":[{"not_picked":["Heavy Blade","Thunderclap"],"picked":"Inflame","floor":1},{"not_picked":["Clash","Combust"],"picked":"Body Slam","floor":4},{"not_picked":["Seeing Red","Combust"],"picked":"True Grit","floor":5},{"not_picked":["Twin Strike","Headbutt"],"picked":"Body Slam","floor":6},{"not_picked":["Iron Wave","Clash"],"picked":"Havoc","floor":10},{"not_picked":["True Grit","Bloodletting"],"picked":"Seeing Red","floor":12},{"not_picked":["Combust","Sword Boomerang"],"picked":"Double Tap","floor":14}],"player_experience":868175,"relics_obtained":[{"floor":3,"key":"The Courier"},{"floor":6,"key":"Bag of Marbles"},{"floor":9,"key":"Happy Flower"},{"floor":14,"key":"Smiling Mask"}],"event_choices":[{"damage_healed":0,"gold_gain":75,"player_choice":"Gather Gold","damage_taken":11,"max_hp_gain":0,"max_hp_loss":0,"event_name":"World of Goop","floor":2,"gold_loss":0},{"damage_healed":0,"gold_gain":100,"player_choice":"Pray","damage_taken":0,"max_hp_gain":0,"max_hp_loss":0,"event_name":"Golden Shrine","floor":7,"gold_loss":0}],"is_beta":false,"boss_relics":[],"items_purged_floors":[11],"is_endless":false,"potions_floor_spawned":[10,12,14],"killed_by":"Slime Boss","ascension_level":5}