{"gold_per_floor":[119,44,44,109,159,192,192,202,226,253,273,290,38,102,102,206,206,218,19,31,51,0,0],"floor_reached":23,"playtime":3229,"items_purged":["Strike_B","Defend_B"],"score":251,"play_id":"654340fb-0de5-4fd2-9157-58a812b446d9","local_time":"20181005182742","is_ascension_mode":true,"campfire_choices":[{"data":"Zap","floor":7,"key":"SMITH"},{"floor":15,"key":"REST"}],"neow_cost":"NONE","seed_source_timestamp":1877443403605409,"circlet_count":0,"master_deck":["Strike_B","Strike_B","Strike_B","Defend_B","Defend_B","Defend_B","Zap+1","Dualcast","Genetic Algorithm","Scrape","Conserve Battery","Hologram","Biased Cognition","Streamline","Enlightenment","Streamline","Meteor Strike","Sweeping Beam"],"relics":["Cracked Core","NeowsBlessing","SsserpentHead","Orichalcum","Strawberry","Ornamental Fan","Inserter","Membership Card"],"potions_floor_usage":[16,16,18,21],"damage_taken":[{"damage":0,"enemies":"Jaw Worm","floor":1,"turns":1},{"damage":0,"enemies":"Cultist","floor":4,"turns":1},{"damage":0,"enemies":"Lagavulin","floor":6,"turns":1},{"damage":7,"enemies":"Small Slimes","floor":8,"turns":3},{"damage":23,"enemies":"3 Sentries","floor":10,"turns":7},{"damage":16,"enemies":"Gremlin Gang","floor":11,"turns":4},{"damage":0,"enemies":"Blue Slaver","floor":12,"turns":3},{"damage":3,"enemies":"Exordium Thugs","floor":14,"turns":4},{"damage":14,"enemies":"Hexaghost","floor":16,"turns":7},{"damage":0,"enemies":"Spheric Guardian","floor":18,"turns":3},{"damage":14,"enemies":"Chosen","floor":20,"turns":5},{"damage":28,"enemies":"Snake Plant","floor":21,"turns":4},{"damage":40,"enemies":"Slavers","floor":23,"turns":5}],"seed_played":"-4417938957715835761","potions_obtained":[{"floor":8,"key":"Ancient Potion"},{"floor":11,"key":"SteroidPotion"},{"floor":16,"key":"SkillPotion"}],"is_trial":false,"path_per_floor":["M","$","?","M","?","E","R","M","T","E","M","M","$","M","R","B",null,"M","$","M","M","?"],"character_chosen":"DEFECT","items_purchased":["Streamline","PowerPotion","Enlightenment","Membership Card"],"campfire_rested":1,"item_purchase_floors":[13,13,13,19],"current_hp_per_floor":[75,75,75,75,68,68,68,61,68,45,29,29,29,26,50,36,82,82,82,68,40,40,0],"gold":0,"neow_bonus":"THREE_ENEMY_KILL","is_prod":false,"is_daily":false,"chose_seed":false,"campfire_upgraded":1,"win_rate":0,"timestamp":1538778462,"path_taken":["M","$","?","?","?","E","R","M","T","E","M","M","?","?","R","BOSS","M","$","M","M","?","E"],"build_version":"2018-10-04","purchased_purges":2,"victory":false,"max_hp_per_floor":[75,75,75,75,75,75,75,75,82,82,82,82,82,82,82,82,82,82,82,82,82,82,82],"card_choices":[{"not_picked":["Gash","Loop"],"picked":"Genetic Algorithm","floor":1},{"not_picked":["Skim","Coolheaded"],"picked":"Scrape","floor":4},{"not_picked":["Steam","Fusion"],"picked":"Conserve Battery","floor":6},{"not_picked":["Chaos","Steam","Force Field"],"picked":"SKIP","floor":8},{"not_picked":["Recycle","Stack"],"picked":"Hologram","floor":10},{"not_picked":["Conserve Battery","Rip and Tear"],"picked":"Biased Cognition","floor":11},{"not_picked":["Compile Driver","Hello World","Recycle"],"picked":"SKIP","floor":12},{"not_picked":["Coolheaded","Rip and Tear"],"picked":"Streamline","floor":14},{"not_picked":["Echo Form","Reboot"],"picked":"Meteor Strike","floor":16},{"not_picked":["Darkness","Consume+1","Barrage+1"],"picked":"SKIP","floor":18},{"not_picked":["Sunder","Turbo","Streamline"],"picked":"SKIP","floor":20},{"not_picked":["Compile Driver","Barrage"],"picked":"Sweeping Beam","floor":21}],"player_experience":173953,"relics_obtained":[{"floor":6,"key":"Orichalcum"},{"floor":9,"key":"Strawberry"},{"floor":10,"key":"Ornamental Fan"}],"event_choices":[{"event_name":"FaceTrader","player_choice":"Trade","floor":3,"damage_taken":0},{"event_name":"Wheel of Change","player_choice":"Damage","floor":5,"damage_taken":0},{"event_name":"Masked Bandits","player_choice":"Paid Fearfully","floor":22,"damage_taken":0}],"is_beta":false,"boss_relics":[{"not_picked":["Eternal Feather","Runic Pyramid"],"picked":"Inserter"}],"items_purged_floors":[2,13],"is_endless":false,"potions_floor_spawned":[8,11,14,16],"killed_by":"Slavers","ascension_level":2}