{"gold_per_floor":[119,134,150,161,86,86,86,86,86,100,114,114,14,39,39,39],"floor_reached":16,"playtime":820,"items_purged":["Strike_R","Strike_R"],"score":102,"play_id":"d39bb3ed-6757-4c64-97e7-89cd5a0772fb","local_time":"20181212162205","is_ascension_mode":false,"campfire_choices":[{"data":"Whirlwind","floor":6,"key":"SMITH"},{"floor":8,"key":"RECALL"},{"data":"Armaments","floor":12,"key":"SMITH"},{"data":"Iron Wave","floor":15,"key":"SMITH"}],"neow_cost":"NONE","seed_source_timestamp":1127144265190525,"circlet_count":0,"master_deck":["Strike_R","Strike_R","Strike_R","Defend_R","Defend_R","Defend_R","Defend_R","Bash","Spot Weakness","Whirlwind+1","Iron Wave+1","Shrug It Off","Armaments+1","Reaper"],"relics":["Burning Blood","Boot","Kunai"],"potions_floor_usage":[14],"damage_taken":[{"damage":10,"enemies":"Cultist","floor":1,"turns":4},{"damage":3,"enemies":"Small Slimes","floor":2,"turns":3},{"damage":7,"enemies":"2 Louse","floor":3,"turns":2},{"damage":20,"enemies":"Exordium Wildlife","floor":4,"turns":4},{"damage":14,"enemies":"Blue Slaver","floor":10,"turns":3},{"damage":15,"enemies":"Looter","floor":11,"turns":3},{"damage":30,"enemies":"Gremlin Nob","floor":14,"turns":5},{"damage":32,"enemies":"The Guardian","floor":16,"turns":2}],"seed_played":"3853334226054298304","potions_obtained":[{"floor":1,"key":"EntropicBrew"},{"floor":3,"key":"LiquidBronze"},{"floor":4,"key":"Poison Potion"},{"floor":14,"key":"LiquidBronze"}],"is_trial":false,"path_per_floor":["M","M","M","M","$","R","?","R","T","M","M","R","$","E","R","B"],"character_chosen":"IRONCLAD","items_purchased":[],"campfire_rested":0,"item_purchase_floors":[],"current_hp_per_floor":[76,79,78,64,64,64,64,64,64,56,47,47,47,23,23,0],"gold":39,"neow_bonus":"RANDOM_COMMON_RELIC","is_prod":false,"is_daily":false,"chose_seed":false,"campfire_upgraded":3,"win_rate":0,"timestamp":1544599325,"path_taken":["M","?","?","M","$","R","?","R","T","M","M","R","$","E","R","BOSS"],"build_version":"2018-12-06","purchased_purges":2,"victory":false,"max_hp_per_floor":[80,80,80,80,80,80,80,80,80,80,80,80,80,80,80,80],"card_choices":[{"not_picked":["Twin Strike","Intimidate"],"picked":"Spot Weakness","floor":1},{"not_picked":["Perfected Strike","Dual Wield"],"picked":"Whirlwind","floor":2},{"not_picked":["Body Slam","Anger","Clash"],"picked":"SKIP","floor":3},{"not_picked":["Headbutt","Carnage"],"picked":"Iron Wave","floor":4},{"not_picked":["Barricade","Havoc"],"picked":"Shrug It Off","floor":10},{"not_picked":["Havoc","Rampage"],"picked":"Armaments","floor":11},{"not_picked":["Rupture","Clothesline"],"picked":"Reaper","floor":14}],"player_experience":621972,"relics_obtained":[{"floor":14,"key":"Kunai"}],"event_choices":[{"damage_healed":0,"gold_gain":0,"player_choice":"Ignored","damage_taken":0,"max_hp_gain":0,"max_hp_loss":0,"event_name":"NoteForYourself","floor":7,"gold_loss":0}],"is_beta":false,"boss_relics":[],"items_purged_floors":[5,13],"is_endless":false,"potions_floor_spawned":[1,3,4,14],"killed_by":"The Guardian","ascension_level":0}