{"gold_per_floor":[114,84,99,114,129,159,159,159,184,72,102,202,202,232,232,332,332,347,362,362,377,392,392,117,117,117,117,132,147,162,177,177,277,277,292,307,322,337,187,187,187],"floor_reached":41,"playtime":2121,"items_purged":["Strike_B"],"score":442,"play_id":"95d9412d-1a79-43ac-a6e1-daad1d76a400","local_time":"20190203155224","daily_mods":["Allstar","Green Cards","Lethality"],"is_ascension_mode":false,"campfire_choices":[{"data":"Footwork","floor":7.0,"key":"SMITH"},{"data":"Sunder","floor":13.0,"key":"SMITH"},{"floor":15.0,"key":"REST"},{"floor":23.0,"key":"REST"},{"data":"Burst","floor":25.0,"key":"SMITH"},{"floor":32.0,"key":"REST"},{"floor":40,"key":"REST"}],"neow_cost":"","seed_source_timestamp":0,"circlet_count":0,"master_deck":["Zap","Dualcast","Metamorphosis","Bandage Up","PanicButton","Deep Breath","Enlightenment","All Out Attack","Footwork+1","Hologram","Reinforced Body","Slice","Sunder+1","Bouncing Flask","Ball Lightning","Buffer","Burst+1","Multi-Cast","Chill","Fission","Heatsinks","Finisher","Conserve Battery","Predator","RitualDagger","Backflip","Rainbow","Self Repair","Ball Lightning","Defragment","Turbo","Echo Form","Cold Snap+1","Leg Sweep+1"],"special_seed":17930,"relics":["Cracked Core","DataDisk","Omamori","Bag of Marbles","Mercury Hourglass","Pandora\u0027s Box","Runic Capacitor","Smiling Mask","Snecko Eye","Regal Pillow"],"potions_floor_usage":[36,37,38],"damage_taken":[{"damage":0.0,"enemies":"2 Louse","floor":1.0,"turns":2.0},{"damage":4.0,"enemies":"Cultist","floor":3.0,"turns":3.0},{"damage":0.0,"enemies":"Jaw Worm","floor":4.0,"turns":1.0},{"damage":8.0,"enemies":"Looter","floor":5.0,"turns":2.0},{"damage":16.0,"enemies":"Lagavulin","floor":6.0,"turns":5.0},{"damage":0.0,"enemies":"3 Sentries","floor":11.0,"turns":4.0},{"damage":21.0,"enemies":"Gremlin Nob","floor":14.0,"turns":4.0},{"damage":36.0,"enemies":"The Guardian","floor":16.0,"turns":8.0},{"damage":16.0,"enemies":"Chosen","floor":18.0,"turns":3.0},{"damage":28.0,"enemies":"3 Byrds","floor":19.0,"turns":3.0},{"damage":0.0,"enemies":"Snake Plant","floor":21.0,"turns":2.0},{"damage":3.0,"enemies":"Cultist and Chosen","floor":22.0,"turns":5.0},{"damage":13.0,"enemies":"Centurion and Healer","floor":28.0,"turns":6.0},{"damage":13.0,"enemies":"Snecko","floor":29.0,"turns":4.0},{"damage":50.0,"enemies":"Snake Plant","floor":30.0,"turns":4.0},{"damage":9.0,"enemies":"Chosen and Byrds","floor":31.0,"turns":3.0},{"damage":19.0,"enemies":"Champ","floor":33.0,"turns":9.0},{"damage":26,"enemies":"Orb Walker","floor":35,"turns":3},{"damage":3,"enemies":"3 Shapes","floor":36,"turns":4},{"damage":45,"enemies":"3 Darklings","floor":37,"turns":5},{"damage":3,"enemies":"4 Shapes","floor":38,"turns":5},{"damage":60,"enemies":"Giant Head","floor":41,"turns":7}],"seed_played":"8747077811986150983","potions_obtained":[{"floor":1.0,"key":"Poison Potion"},{"floor":2.0,"key":"Fire Potion"},{"floor":2.0,"key":"Poison Potion"},{"floor":3.0,"key":"Explosive Potion"},{"floor":5.0,"key":"FearPotion"},{"floor":11.0,"key":"FearPotion"},{"floor":19.0,"key":"Fire Potion"},{"floor":21.0,"key":"Dexterity Potion"},{"floor":30.0,"key":"SpeedPotion"},{"floor":33.0,"key":"Fire Potion"},{"floor":35,"key":"AttackPotion"}],"is_trial":false,"path_per_floor":["M","?","M","M","M","E","R","?","T","$","E","?","R","E","R","B",null,"M","M","?","M","M","R","$","R","T","?","M","M","M","M","R","B",null,"M","M","M","M","$","R","E"],"character_chosen":"DEFECT","items_purchased":["Sunder","Self Repair","Runic Capacitor","Regal Pillow"],"campfire_rested":4,"item_purchase_floors":[10,24,24,39],"current_hp_per_floor":[75,75,71,75,67,55,55,55,55,55,59,59,59,42,64,32,75,63,35,29,29,30,52,52,52,52,75,75,62,16,11,33,25,75,49,46,8,9,9,46,0],"gold":187,"neow_bonus":"","is_prod":false,"is_daily":true,"chose_seed":false,"campfire_upgraded":3,"win_rate":0,"timestamp":1549227144,"path_taken":["M","?","M","M","?","E","R","?","T","?","E","?","R","E","R","BOSS","M","?","?","M","M","R","$","R","T","?","M","M","M","M","R","BOSS","M","M","M","M","$","R","E"],"build_version":"2019-01-23","purchased_purges":1,"victory":false,"max_hp_per_floor":[75,75,75,75,75,75,75,75,75,75,75,75,75,75,75,75,75,75,75,75,75,75,75,75,75,75,75,75,75,75,75,75,75,75,75,75,75,75,75,75,75],"card_choices":[{"not_picked":["Coolheaded","Steam"],"picked":"All Out Attack","floor":1.0},{"not_picked":["Streamline","Slice"],"picked":"Footwork","floor":3.0},{"not_picked":["Reprogram","Turbo","Finisher"],"picked":"SKIP","floor":4.0},{"not_picked":["Bane","Turbo"],"picked":"Hologram","floor":5.0},{"not_picked":["Bullet Time","Calculated Gamble"],"picked":"Reinforced Body","floor":6.0},{"not_picked":["Concentrate","Compile Driver"],"picked":"Bouncing Flask","floor":11.0},{"not_picked":["Flechettes","Steam"],"picked":"Ball Lightning","floor":14.0},{"not_picked":["Bullet Time","Meteor Strike"],"picked":"Buffer","floor":16.0},{"not_picked":["Reflex","Quick Slash"],"picked":"Conserve Battery","floor":18.0},{"not_picked":["Hologram","Slice"],"picked":"Predator","floor":19.0},{"not_picked":["Flying Knee+1","Bane"],"picked":"Backflip","floor":21.0},{"not_picked":["Quick Slash","Sucker Punch"],"picked":"Rainbow","floor":22.0},{"not_picked":["Slice","Leap"],"picked":"Ball Lightning","floor":28.0},{"not_picked":["Deflect","Reflex"],"picked":"Defragment","floor":29.0},{"not_picked":["Storm of Steel","Doom and Gloom"],"picked":"Turbo","floor":30.0},{"not_picked":["Tempest","Sucker Punch","Quick Slash"],"picked":"SKIP","floor":31.0},{"not_picked":["Corpse Explosion","Burst"],"picked":"Echo Form","floor":33.0},{"not_picked":["Barrage","Slice+1","Flying Knee"],"picked":"SKIP","floor":35},{"not_picked":["Footwork+1","Melter+1"],"picked":"Cold Snap+1","floor":36},{"not_picked":["Conserve Battery","PiercingWail","Genetic Algorithm"],"picked":"SKIP","floor":37},{"not_picked":["Streamline","Undo+1"],"picked":"Leg Sweep+1","floor":38}],"player_experience":850933,"relics_obtained":[{"floor":6.0,"key":"DataDisk"},{"floor":9.0,"key":"Omamori"},{"floor":11.0,"key":"Bag of Marbles"},{"floor":14.0,"key":"Mercury Hourglass"},{"floor":26.0,"key":"Smiling Mask"}],"event_choices":[{"damage_healed":0.0,"max_hp_gain":0.0,"max_hp_loss":0.0,"gold_gain":0.0,"event_name":"The Woman in Blue","player_choice":"Bought 2 Potions","floor":2.0,"gold_loss":0.0,"damage_taken":0.0},{"damage_healed":0.0,"max_hp_gain":0.0,"max_hp_loss":0.0,"gold_gain":0.0,"cards_transformed":["Strike_B"],"event_name":"Living Wall","player_choice":"Change","floor":8.0,"gold_loss":0.0,"damage_taken":0.0,"cards_obtained":["Slice"]},{"damage_healed":0.0,"max_hp_gain":0.0,"max_hp_loss":0.0,"gold_gain":100.0,"event_name":"Golden Shrine","player_choice":"Pray","floor":12.0,"gold_loss":0.0,"damage_taken":0.0},{"damage_healed":0.0,"max_hp_gain":0.0,"max_hp_loss":0.0,"gold_gain":0.0,"event_name":"Nest","player_choice":"Joined the Cult","floor":20.0,"gold_loss":0.0,"damage_taken":6.0,"cards_obtained":["RitualDagger"]},{"damage_healed":25.0,"max_hp_gain":0.0,"max_hp_loss":0.0,"gold_gain":0.0,"event_name":"The Library","player_choice":"Heal","floor":27.0,"gold_loss":0.0,"damage_taken":0.0}],"is_beta":false,"boss_relics":[{"not_picked":["Orrery","Calling Bell"],"picked":"Pandora\u0027s Box"},{"not_picked":["Runic Dome","White Beast Statue"],"picked":"Snecko Eye"}],"items_purged_floors":[10],"is_endless":false,"potions_floor_spawned":[1,3,5,11,19,21,30,33,35],"killed_by":"Giant Head","ascension_level":0}