{"gold_per_floor":[117,117,135,85,160,160,185,185,209,209,223,243,243,256,256,376,376,399,399,39,62,62,98,110,141,153,208,220,192,204,237,249,261],"floor_reached":33,"playtime":1720,"items_purged":["Defend_B"],"score":413,"play_id":"0fae1130-5be4-4460-b022-ab13666f08f5","local_time":"20181121151754","is_ascension_mode":true,"campfire_choices":[{"data":"Zap","floor":6,"key":"SMITH"},{"data":"FTL","floor":10,"key":"SMITH"},{"data":"Dualcast","floor":13,"key":"SMITH"},{"floor":15,"key":"REST"},{"floor":24,"key":"REST"},{"floor":28,"key":"REST"},{"data":"Go for the Eyes","floor":30,"key":"SMITH"},{"data":"Biased Cognition","floor":32,"key":"SMITH"}],"neow_cost":"NONE","seed_source_timestamp":318189992889283,"circlet_count":0,"master_deck":["AscendersBane","Strike_B","Strike_B","Defend_B","Defend_B+1","Defend_B","Zap+1","Dualcast+1","Self Repair","Ball Lightning","FTL+1","White Noise","Go for the Eyes+1","Biased Cognition+1","Go for the Eyes","Glacier","FTL+1","Auto Shields+1"],"relics":["Cracked Core","Golden Idol","Regal Pillow","Runic Dome","Thread and Needle","MawBank","Potion Belt"],"potions_floor_usage":[16,16,25,31,33,33],"damage_taken":[{"damage":4,"enemies":"Jaw Worm","floor":1,"turns":4},{"damage":2,"enemies":"2 Louse","floor":3,"turns":3},{"damage":15,"enemies":"Small Slimes","floor":7,"turns":4},{"damage":6,"enemies":"Exordium Wildlife","floor":11,"turns":3},{"damage":7,"enemies":"Looter","floor":12,"turns":3},{"damage":6,"enemies":"Blue Slaver","floor":14,"turns":3},{"damage":34,"enemies":"Hexaghost","floor":16,"turns":8},{"damage":21,"enemies":"3 Byrds","floor":18,"turns":4},{"damage":0,"enemies":"Chosen","floor":21,"turns":4},{"damage":45,"enemies":"Book of Stabbing","floor":23,"turns":8},{"damage":14,"enemies":"Centurion and Healer","floor":25,"turns":3},{"damage":31,"enemies":"Gremlin Leader","floor":27,"turns":10},{"damage":0,"enemies":"Snake Plant","floor":31,"turns":5},{"damage":75,"enemies":"Collector","floor":33,"turns":5}],"seed_played":"4683157899321120643","potions_obtained":[{"floor":7,"key":"Poison Potion"},{"floor":11,"key":"AttackPotion"},{"floor":21,"key":"Block Potion"},{"floor":23,"key":"AttackPotion"},{"floor":27,"key":"Weak Potion"},{"floor":31,"key":"LiquidBronze"}],"is_trial":false,"path_per_floor":["M","?","M","?","?","R","M","?","T","R","M","M","R","M","R","B",null,"M","?","$","M","?","E","R","M","T","E","R","?","R","M","R","B"],"character_chosen":"DEFECT","items_purchased":["Thread and Needle"],"campfire_rested":3,"item_purchase_floors":[20],"current_hp_per_floor":[71,71,69,69,58,58,50,50,50,50,51,51,51,45,76,49,69,55,55,55,62,62,24,61,54,54,30,67,67,67,74,74,0],"gold":261,"neow_bonus":"TEN_PERCENT_HP_BONUS","is_prod":false,"is_daily":false,"chose_seed":false,"campfire_upgraded":5,"win_rate":0,"timestamp":1542831474,"path_taken":["M","?","M","?","?","R","M","?","T","R","?","M","R","M","R","BOSS","M","?","$","M","?","E","R","M","T","E","R","?","R","?","R","BOSS"],"build_version":"2018-11-15","purchased_purges":1,"victory":false,"max_hp_per_floor":[82,76,76,76,76,76,76,76,76,76,76,76,76,76,76,76,76,76,76,76,76,76,76,76,76,76,76,76,76,76,76,76,76],"card_choices":[{"not_picked":["Barrage","Loop"],"picked":"Self Repair","floor":1},{"not_picked":["Sweeping Beam","Cold Snap"],"picked":"Ball Lightning","floor":3},{"not_picked":["Recycle","Compile Driver"],"picked":"FTL","floor":7},{"not_picked":["Melter","Streamline","Undo"],"picked":"SKIP","floor":11},{"not_picked":["Fusion","Beam Cell","Tempest"],"picked":"SKIP","floor":12},{"not_picked":["Barrage","Compile Driver"],"picked":"Go for the Eyes","floor":14},{"not_picked":["Machine Learning","Reboot"],"picked":"Biased Cognition","floor":16},{"not_picked":["Aggregate","Gash"],"picked":"Go for the Eyes","floor":18},{"not_picked":["Barrage","Compile Driver","Streamline"],"picked":"SKIP","floor":21},{"not_picked":["Heatsinks","Beam Cell"],"picked":"FTL","floor":23},{"not_picked":["Steam","Go for the Eyes"],"picked":"Auto Shields+1","floor":25},{"not_picked":["Turbo","Compile Driver","Sweeping Beam"],"picked":"SKIP","floor":27},{"not_picked":["Steam","Sweeping Beam+1","Turbo"],"picked":"SKIP","floor":31}],"player_experience":570246,"relics_obtained":[{"floor":9,"key":"Regal Pillow"},{"floor":23,"key":"MawBank"},{"floor":27,"key":"Potion Belt"}],"event_choices":[{"damage_healed":0,"gold_gain":0,"player_choice":"Lose Max HP","damage_taken":0,"relics_obtained":["Golden Idol"],"max_hp_gain":0,"max_hp_loss":6,"event_name":"Golden Idol","floor":2,"gold_loss":0},{"cards_removed":["Strike_B"],"damage_healed":0,"gold_gain":0,"player_choice":"Card Removal","damage_taken":0,"max_hp_gain":0,"max_hp_loss":0,"event_name":"The Cleric","floor":4,"gold_loss":50},{"damage_healed":0,"gold_gain":75,"player_choice":"Gather Gold","damage_taken":11,"max_hp_gain":0,"max_hp_loss":0,"event_name":"World of Goop","floor":5,"gold_loss":0},{"damage_healed":0,"gold_gain":0,"cards_transformed":["Strike_B"],"player_choice":"Change","damage_taken":0,"max_hp_gain":0,"max_hp_loss":0,"event_name":"Living Wall","floor":8,"gold_loss":0,"cards_obtained":["White Noise"]},{"damage_healed":0,"gold_gain":0,"player_choice":"Ignored","damage_taken":0,"max_hp_gain":0,"max_hp_loss":0,"event_name":"Vampires","floor":19,"gold_loss":0},{"damage_healed":0,"gold_gain":0,"player_choice":"Read","damage_taken":0,"max_hp_gain":0,"max_hp_loss":0,"event_name":"The Library","floor":22,"gold_loss":0,"cards_obtained":["Glacier"]},{"damage_healed":0,"gold_gain":0,"player_choice":"Upgraded Two","damage_taken":0,"max_hp_gain":0,"max_hp_loss":0,"event_name":"Designer","floor":29,"gold_loss":40,"cards_upgraded":["Defend_B","FTL"]}],"is_beta":false,"boss_relics":[{"not_picked":["Fusion Hammer","Velvet Choker"],"picked":"Runic Dome"}],"items_purged_floors":[20],"is_endless":false,"potions_floor_spawned":[7,11,21,23,27,31],"killed_by":"Collector","ascension_level":10}