{"gold_per_floor":[115,115,131,131,131,131,149,165,165,181,39,62,62,73,73,176,176,192,192,102,113,124,124,153,73,97,97,116,116,116,16,16,114,114,131,9,19,37,37,37,37,55,55,55,71,71,82,99,99,99,99,99,26,60,60],"floor_reached":55,"playtime":2102,"items_purged":["Pain","Defend_R","Pain"],"score":734,"play_id":"789d5e75-8f37-4dab-8797-5eb53a4cb372","local_time":"20181224161021","is_ascension_mode":false,"campfire_choices":[{"data":"Uppercut","floor":6,"key":"SMITH"},{"data":"Limit Break","floor":15,"key":"SMITH"},{"data":"Berserk","floor":23,"key":"SMITH"},{"floor":27,"key":"RECALL"},{"data":"Shockwave","floor":30,"key":"SMITH"},{"data":"Evolve","floor":32,"key":"SMITH"},{"data":"Shrug It Off","floor":40,"key":"SMITH"},{"data":"Inflame","floor":44,"key":"SMITH"},{"data":"Rage","floor":49,"key":"SMITH"},{"data":"Bash","floor":52,"key":"SMITH"}],"neow_cost":"NONE","seed_source_timestamp":600177270119392,"circlet_count":0,"master_deck":["Strike_R","Strike_R","Defend_R","Defend_R","Bash+1","Uppercut+1","Rage+1","Limit Break+1","Evolve+1","Headbutt","Inflame+1","Shrug It Off+1","Berserk+1","Whirlwind+1","Dropkick","Shockwave+1","Barricade+1","Reaper","Headbutt+1","Panacea","Rage+1"],"relics":["Cursed Key","CultistMask","Paper Frog","Odd Mushroom","Runic Pyramid","Frozen Egg 2","The Courier","Sozu","PreservedInsect","Bronze Scales"],"potions_floor_usage":[14,33],"damage_taken":[{"damage":6,"enemies":"Jaw Worm","floor":1,"turns":4},{"damage":1,"enemies":"Cultist","floor":3,"turns":3},{"damage":2,"enemies":"Small Slimes","floor":7,"turns":3},{"damage":5,"enemies":"2 Fungi Beasts","floor":8,"turns":4},{"damage":12,"enemies":"Gremlin Gang","floor":10,"turns":6},{"damage":9,"enemies":"The Mushroom Lair","floor":12,"turns":4},{"damage":7,"enemies":"3 Louse","floor":14,"turns":3},{"damage":10,"enemies":"Slime Boss","floor":16,"turns":7},{"damage":18,"enemies":"Spheric Guardian","floor":18,"turns":4},{"damage":0,"enemies":"Chosen","floor":21,"turns":3},{"damage":0,"enemies":"Snecko","floor":22,"turns":3},{"damage":0,"enemies":"Gremlin Leader","floor":24,"turns":5},{"damage":36,"enemies":"Centurion and Healer","floor":28,"turns":5},{"damage":28,"enemies":"Collector","floor":33,"turns":5},{"damage":26,"enemies":"3 Darklings","floor":35,"turns":4},{"damage":27,"enemies":"Orb Walker","floor":37,"turns":4},{"damage":32,"enemies":"4 Shapes","floor":38,"turns":5},{"damage":4,"enemies":"3 Darklings","floor":42,"turns":3},{"damage":16,"enemies":"Sphere and 2 Shapes","floor":45,"turns":4},{"damage":6,"enemies":"4 Shapes","floor":47,"turns":6},{"damage":10,"enemies":"Jaw Worm Horde","floor":48,"turns":2},{"damage":65,"enemies":"Awakened One","floor":50,"turns":6},{"damage":53,"enemies":"Shield and Spear","floor":54,"turns":4},{"damage":45,"enemies":"The Heart","floor":55,"turns":5}],"seed_played":"4923304256786768922","potions_obtained":[{"floor":3,"key":"SteroidPotion"},{"floor":7,"key":"Fruit Juice"},{"floor":10,"key":"Dexterity Potion"},{"floor":14,"key":"Fire Potion"},{"floor":33,"key":"Energy Potion"}],"is_trial":false,"path_per_floor":["M","?","M","?","?","R","M","M","T","M","$","?","?","M","R","B",null,"M","?","?","M","M","R","E","$","T","R","M","?","R","$","R","B",null,"M","$","M","M","?","R","?","M","T","R","M","$","M","M","R","B",null,"R","$","E","B"],"character_chosen":"IRONCLAD","items_purchased":["Inflame","PreservedInsect","Panacea"],"campfire_rested":0,"item_purchase_floors":[11,36,53],"current_hp_per_floor":[74,74,73,66,66,66,64,59,59,47,47,38,38,36,36,26,85,67,67,67,67,67,67,67,67,67,67,31,31,31,31,31,3,85,85,85,72,73,73,73,73,69,69,69,53,53,75,81,81,81,81,81,81,32,0],"gold":60,"neow_bonus":"BOSS_RELIC","is_prod":false,"is_daily":false,"chose_seed":false,"campfire_upgraded":9,"win_rate":0,"timestamp":1545635421,"path_taken":["M","?","?","?","?","R","M","M","T","?","$","?","?","M","R","BOSS","M","?","?","M","M","R","E","$","T","R","?","?","R","?","R","BOSS","M","$","M","M","?","R","?","M","T","R","?","?","?","M","R","BOSS","R","$","E","BOSS"],"build_version":"2018-12-20","purchased_purges":3,"victory":false,"max_hp_per_floor":[80,80,80,80,80,80,80,80,80,80,80,80,80,85,85,85,85,85,85,85,85,85,85,85,85,85,85,85,85,85,85,85,85,85,85,85,85,85,81,81,81,81,81,81,81,81,81,81,81,81,81,81,81,81,81],"card_choices":[{"not_picked":["Flex","Pommel Strike"],"picked":"Uppercut","floor":1},{"not_picked":["Dual Wield","Entrench"],"picked":"Rage","floor":3},{"not_picked":["Ghostly Armor","Warcry"],"picked":"Evolve","floor":7},{"not_picked":["Bloodletting","Havoc","Searing Blow"],"picked":"SKIP","floor":8},{"not_picked":["Flex","True Grit"],"picked":"Headbutt","floor":10},{"not_picked":["Body Slam","Iron Wave"],"picked":"Shrug It Off","floor":14},{"not_picked":["Double Tap","Impervious"],"picked":"Berserk","floor":16},{"not_picked":["Sword Boomerang+1","Flex"],"picked":"Whirlwind","floor":18},{"not_picked":["Sword Boomerang","Flex"],"picked":"Dropkick","floor":21},{"not_picked":["Havoc+1","True Grit+1"],"picked":"Shockwave","floor":22},{"not_picked":["Iron Wave+1","Burning Pact","Spot Weakness"],"picked":"SKIP","floor":24},{"not_picked":["Anger","Intimidate","Cleave"],"picked":"SKIP","floor":28},{"not_picked":["Barricade+1","Juggernaut+1"],"picked":"Reaper","floor":33},{"not_picked":["Havoc+1","Spot Weakness+1","Perfected Strike"],"picked":"SKIP","floor":35},{"not_picked":["Sentinel","Burning Pact+1","Reckless Charge+1"],"picked":"SKIP","floor":37},{"not_picked":["Thunderclap+1","Anger+1"],"picked":"Headbutt+1","floor":38},{"not_picked":["Warcry","Sever Soul+1","Body Slam"],"picked":"SKIP","floor":42},{"not_picked":["True Grit+1","Clothesline+1","Feel No Pain+1"],"picked":"SKIP","floor":45},{"not_picked":["Corruption+1","Wild Strike","Havoc+1"],"picked":"SKIP","floor":47},{"not_picked":["Combust+1","Armaments+1","Seeing Red+1"],"picked":"SKIP","floor":48},{"not_picked":["Thunderclap","Searing Blow+1"],"picked":"Rage+1","floor":54}],"player_experience":662992,"relics_obtained":[{"floor":9,"key":"Paper Frog"},{"floor":12,"key":"Odd Mushroom"},{"floor":24,"key":"The Courier"},{"floor":54,"key":"Bronze Scales"}],"event_choices":[{"damage_healed":0,"gold_gain":0,"player_choice":"Trade","damage_taken":0,"relics_obtained":["CultistMask"],"max_hp_gain":0,"max_hp_loss":0,"event_name":"FaceTrader","floor":2,"gold_loss":0},{"cards_removed":["Strike_R"],"damage_healed":0,"gold_gain":0,"player_choice":"Card Removal","damage_taken":7,"max_hp_gain":0,"max_hp_loss":0,"event_name":"Golden Wing","floor":4,"gold_loss":0},{"damage_healed":0,"gold_gain":0,"cards_transformed":["Strike_R"],"player_choice":"Transformed","damage_taken":0,"max_hp_gain":0,"max_hp_loss":0,"event_name":"Transmorgrifier","floor":5,"gold_loss":0,"cards_obtained":["Limit Break"]},{"damage_healed":0,"gold_gain":0,"player_choice":"Fought Mushrooms","damage_taken":0,"max_hp_gain":0,"max_hp_loss":0,"event_name":"Mushrooms","floor":12,"gold_loss":0},{"cards_removed":["Defend_R"],"damage_healed":0,"gold_gain":0,"player_choice":"Offered Basic","damage_taken":0,"max_hp_gain":0,"max_hp_loss":0,"event_name":"Bonfire Elementals","floor":13,"gold_loss":0},{"damage_healed":0,"gold_gain":0,"player_choice":"Opened","damage_taken":0,"relics_obtained":["Frozen Egg 2"],"max_hp_gain":0,"max_hp_loss":0,"event_name":"The Mausoleum","floor":19,"gold_loss":0},{"cards_removed":["Strike_R"],"damage_healed":0,"gold_gain":0,"player_choice":"Upgrade and Remove","damage_taken":0,"max_hp_gain":0,"max_hp_loss":0,"event_name":"Designer","floor":20,"gold_loss":90,"cards_upgraded":["Whirlwind"]},{"damage_healed":0,"gold_gain":0,"player_choice":"Read","damage_taken":0,"max_hp_gain":0,"max_hp_loss":0,"event_name":"The Library","floor":29,"gold_loss":0,"cards_obtained":["Barricade"]},{"damage_healed":0,"gold_gain":0,"player_choice":"Max HP","damage_taken":0,"max_hp_gain":0,"max_hp_loss":4,"event_name":"Winding Halls","floor":39,"gold_loss":0},{"damage_healed":0,"gold_gain":0,"player_choice":"Got Potions","damage_taken":0,"max_hp_gain":0,"max_hp_loss":0,"event_name":"Lab","floor":41,"gold_loss":0}],"is_beta":false,"boss_relics":[{"not_picked":["Runic Cube","Eternal Feather"],"picked":"Runic Pyramid"},{"not_picked":["Philosopher\u0027s Stone","Runic Dome"],"picked":"Sozu"}],"items_purged_floors":[11,25,31],"is_endless":false,"potions_floor_spawned":[3,7,10,14,18,24,33,37,38,45,54],"killed_by":"The Heart","ascension_level":0}