{"gold_per_floor":[112,287,287,129,129,129,164,164,164,192,192,209,227,227,227,348,411,430,40,60,60,73,73,104,104,181,181,12,25,49,49,49,175,175,195,195,0,14,27,68,68,104,128,2,18,18],"floor_reached":46,"playtime":2940,"items_purged":["Strike_B","Defend_B"],"score":725,"play_id":"8222bb67-10bb-4afc-8e71-aedaecb86a68","local_time":"20181201204142","is_ascension_mode":true,"campfire_choices":[{"data":"Chaos","floor":6,"key":"SMITH"},{"data":"Creative AI","floor":11,"key":"SMITH"},{"data":"Defragment","floor":15,"key":"SMITH"},{"floor":23,"key":"REST"},{"data":"Electrodynamics","floor":25,"key":"SMITH"},{"data":"Force Field","floor":27,"key":"SMITH"},{"data":"Dualcast","floor":32,"key":"SMITH"},{"floor":41,"key":"RECALL"}],"neow_cost":"NONE","seed_source_timestamp":82897934154786,"circlet_count":0,"master_deck":["Strike_B+1","Strike_B","Strike_B","Defend_B","Defend_B","Defend_B","Zap","Dualcast+1","Chaos+1","Defragment+1","Barrage","Conserve Battery","Creative AI+1","Auto Shields","Injury","Core Surge","Doom and Gloom","Electrodynamics+1","Force Field+1","Conserve Battery+1","Heatsinks","Glacier","Chill","Darkness","Thunder Strike","Coolheaded+1","Madness","Madness","Self Repair+1","Redo+1"],"relics":["Cracked Core","NeowsBlessing","Ancient Tea Set","Thread and Needle","Pocketwatch","Golden Idol","Tiny House","Symbiotic Virus","Bird Faced Urn","Question Card","Philosopher\u0027s Stone","Red Mask","Shuriken","The Courier","DataDisk"],"potions_floor_usage":[16,42,42,45,46,46,46],"damage_taken":[{"damage":0,"enemies":"Jaw Worm","floor":1,"turns":1},{"damage":0,"enemies":"Gremlin Nob","floor":7,"turns":1},{"damage":0,"enemies":"3 Sentries","floor":10,"turns":1},{"damage":0,"enemies":"Small Slimes","floor":12,"turns":3},{"damage":0,"enemies":"2 Louse","floor":13,"turns":3},{"damage":0,"enemies":"The Guardian","floor":16,"turns":6},{"damage":22,"enemies":"Shell Parasite","floor":18,"turns":6},{"damage":19,"enemies":"3 Byrds","floor":20,"turns":3},{"damage":7,"enemies":"Snecko","floor":22,"turns":4},{"damage":39,"enemies":"Book of Stabbing","floor":24,"turns":5},{"damage":0,"enemies":"Cultist and Chosen","floor":29,"turns":4},{"damage":2,"enemies":"Centurion and Healer","floor":30,"turns":6},{"damage":22,"enemies":"Automaton","floor":33,"turns":7},{"damage":0,"enemies":"Orb Walker","floor":35,"turns":3},{"damage":20,"enemies":"3 Darklings","floor":38,"turns":5},{"damage":19,"enemies":"Jaw Worm Horde","floor":39,"turns":2},{"damage":55,"enemies":"Reptomancer","floor":40,"turns":8},{"damage":22,"enemies":"Nemesis","floor":42,"turns":11},{"damage":19,"enemies":"Maw","floor":45,"turns":8},{"damage":89,"enemies":"Giant Head","floor":46,"turns":9}],"seed_played":"-4535400320488778859","potions_obtained":[{"floor":10,"key":"Dexterity Potion"},{"floor":12,"key":"Explosive Potion"},{"floor":17,"key":"FearPotion"},{"floor":18,"key":"Fire Potion"},{"floor":22,"key":"SneckoOil"},{"floor":29,"key":"GamblersBrew"},{"floor":40,"key":"AttackPotion"},{"floor":45,"key":"EntropicBrew"}],"is_trial":false,"path_per_floor":["M","?","?","$","?","R","E","$","T","E","R","M","M","?","R","B",null,"M","$","M","?","M","R","E","R","T","R","$","M","M","?","R","B",null,"M","?","?","M","M","E","R","E","T","$","M","E"],"character_chosen":"DEFECT","items_purchased":["Defragment","Barrage","Symbiotic Virus","Electrodynamics","Heatsinks","DataDisk"],"campfire_rested":1,"item_purchase_floors":[4,4,19,19,28,44],"current_hp_per_floor":[75,75,68,68,68,68,68,68,68,68,68,68,68,68,68,68,80,58,58,39,39,32,56,17,17,17,17,17,29,39,39,39,37,80,80,70,70,58,53,38,38,52,52,52,59,0],"gold":18,"neow_bonus":"THREE_ENEMY_KILL","is_prod":false,"is_daily":false,"chose_seed":false,"campfire_upgraded":6,"win_rate":0,"timestamp":1543714902,"path_taken":["M","?","?","$","?","R","E","?","T","E","R","?","?","?","R","BOSS","M","$","M","?","M","R","E","R","T","R","$","M","M","?","R","BOSS","M","?","?","M","M","E","R","E","T","$","M","E"],"build_version":"2018-11-15","purchased_purges":2,"victory":false,"max_hp_per_floor":[75,75,75,75,75,75,75,75,75,75,75,75,75,75,75,75,80,80,80,80,80,80,80,80,80,80,80,80,80,80,80,80,80,80,80,80,80,80,80,80,80,80,80,80,80,80],"card_choices":[{"not_picked":["Leap","Go for the Eyes"],"picked":"Chaos","floor":1},{"not_picked":["Skim","Chill"],"picked":"Conserve Battery","floor":7},{"not_picked":["Barrage","Reprogram"],"picked":"Creative AI","floor":10},{"not_picked":["Go for the Eyes","Consume"],"picked":"Auto Shields","floor":12},{"not_picked":["BootSequence","Redo","Chill"],"picked":"SKIP","floor":13},{"not_picked":["Hyperbeam","Fission"],"picked":"Core Surge","floor":16},{"not_picked":["Steam","Gash"],"picked":"Doom and Gloom","floor":17},{"not_picked":["Cold Snap","Recycle","Steam"],"picked":"SKIP","floor":18},{"not_picked":["Turbo","All For One"],"picked":"Force Field","floor":20},{"not_picked":["Hologram","Melter","Streamline"],"picked":"SKIP","floor":22},{"not_picked":["Redo+1","Coolheaded"],"picked":"Conserve Battery+1","floor":24},{"not_picked":["Gash","Electrodynamics","Rebound+1"],"picked":"Glacier","floor":29},{"not_picked":["Ball Lightning","Steam","Rip and Tear"],"picked":"Chill","floor":30},{"not_picked":["All For One","Core Surge","Buffer"],"picked":"Thunder Strike","floor":33},{"not_picked":["Turbo+1","Sweeping Beam+1","Ball Lightning"],"picked":"Coolheaded+1","floor":35},{"not_picked":["Lockon","Chill","Stack+1"],"picked":"Self Repair+1","floor":38},{"not_picked":["Sweeping Beam+1","Compile Driver","Turbo","Rebound"],"picked":"SKIP","floor":39},{"not_picked":["Streamline","Multi-Cast","Sunder","Redo"],"picked":"SKIP","floor":40},{"not_picked":["Scrape+1","Ball Lightning","Steam","Gash+1"],"picked":"SKIP","floor":42},{"not_picked":["Gash","Scrape+1","Consume"],"picked":"Redo+1","floor":45}],"player_experience":217698,"relics_obtained":[{"floor":7,"key":"Ancient Tea Set"},{"floor":9,"key":"Thread and Needle"},{"floor":10,"key":"Pocketwatch"},{"floor":24,"key":"Bird Faced Urn"},{"floor":26,"key":"Question Card"},{"floor":40,"key":"Shuriken"},{"floor":42,"key":"The Courier"}],"event_choices":[{"damage_healed":0,"gold_gain":175,"player_choice":"AGREE","damage_taken":0,"max_hp_gain":0,"max_hp_loss":0,"event_name":"Liars Game","floor":2,"gold_loss":0,"cards_obtained":["Doubt"]},{"cards_removed":["Doubt"],"damage_healed":0,"gold_gain":0,"player_choice":"Card Removal","damage_taken":7,"max_hp_gain":0,"max_hp_loss":0,"event_name":"Golden Wing","floor":3,"gold_loss":0},{"damage_healed":0,"gold_gain":0,"player_choice":"Ignored","damage_taken":0,"max_hp_gain":0,"max_hp_loss":0,"event_name":"Shining Light","floor":5,"gold_loss":0},{"damage_healed":0,"gold_gain":0,"player_choice":"Take Wound","damage_taken":0,"relics_obtained":["Golden Idol"],"max_hp_gain":0,"max_hp_loss":0,"event_name":"Golden Idol","floor":14,"gold_loss":0,"cards_obtained":["Injury"]},{"damage_healed":0,"gold_gain":0,"player_choice":"Ignored","damage_taken":0,"max_hp_gain":0,"max_hp_loss":0,"event_name":"Vampires","floor":21,"gold_loss":0},{"damage_healed":0,"gold_gain":0,"player_choice":"1 cards matched","damage_taken":0,"max_hp_gain":0,"max_hp_loss":0,"event_name":"Match and Keep!","floor":31,"gold_loss":0,"cards_obtained":["Darkness"]},{"damage_healed":0,"gold_gain":0,"player_choice":"Embrace Madness","damage_taken":10,"max_hp_gain":0,"max_hp_loss":0,"event_name":"Winding Halls","floor":36,"gold_loss":0,"cards_obtained":["Madness","Madness"]},{"damage_healed":0,"gold_gain":0,"player_choice":"Paid","damage_taken":0,"relics_obtained":["Red Mask"],"max_hp_gain":0,"max_hp_loss":0,"event_name":"Tomb of Lord Red Mask","floor":37,"gold_loss":195}],"is_beta":false,"boss_relics":[{"not_picked":["Empty Cage","Lizard Tail"],"picked":"Tiny House"},{"not_picked":["Snecko Eye","Busted Crown"],"picked":"Philosopher\u0027s Stone"}],"items_purged_floors":[4,28],"is_endless":false,"potions_floor_spawned":[10,12,18,22,29,33,38,40,45],"killed_by":"Giant Head","ascension_level":4}