{"gold_per_floor":[119,119,294,294,244,244,279,306,306,3,19,33,60,78,78,183,183,198,218,133,133,153,153,171,171],"floor_reached":25,"playtime":794,"items_purged":["Strike_B"],"score":415,"play_id":"b9751ed5-8264-46e1-99ba-923b4c65234e","local_time":"20181214215714","is_ascension_mode":true,"campfire_choices":[{"data":"Sweeping Beam","floor":6,"key":"SMITH"},{"data":"Defragment","floor":15,"key":"SMITH"},{"data":"Recycle","floor":23,"key":"SMITH"}],"neow_cost":"NONE","seed_source_timestamp":24666822330132,"circlet_count":0,"master_deck":["Strike_B+1","Strike_B+1","Strike_B+1","Defend_B","Defend_B+1","Defend_B","Defend_B","Zap","Dualcast","Sweeping Beam+1","Echo Form","Loop","Defragment+1","Coolheaded","Recycle+1","Cold Snap","Conserve Battery","Reboot","Glacier","Cold Snap","Writhe","Cold Snap"],"relics":["Cracked Core","NeowsBlessing","Whetstone","Odd Mushroom","FossilizedHelix","PreservedInsect","Potion Belt","Runic Pyramid","Centennial Puzzle","Ornamental Fan"],"potions_floor_usage":[22,22,24,25],"damage_taken":[{"damage":0,"enemies":"Jaw Worm","floor":1,"turns":1},{"damage":0,"enemies":"3 Sentries","floor":7,"turns":1},{"damage":0,"enemies":"The Mushroom Lair","floor":8,"turns":1},{"damage":0,"enemies":"Small Slimes","floor":11,"turns":3},{"damage":0,"enemies":"2 Louse","floor":12,"turns":1},{"damage":15,"enemies":"Gremlin Nob","floor":13,"turns":4},{"damage":4,"enemies":"Exordium Wildlife","floor":14,"turns":3},{"damage":0,"enemies":"Slime Boss","floor":16,"turns":7},{"damage":6,"enemies":"Chosen","floor":18,"turns":4},{"damage":11,"enemies":"Spheric Guardian","floor":19,"turns":4},{"damage":23,"enemies":"Shelled Parasite and Fungi","floor":22,"turns":6},{"damage":12,"enemies":"3 Cultists","floor":24,"turns":6},{"damage":14,"enemies":"Book of Stabbing","floor":25,"turns":5}],"seed_played":"-2596182401919950937","potions_obtained":[{"floor":1,"key":"SteroidPotion"},{"floor":11,"key":"GamblersBrew"},{"floor":12,"key":"PowerPotion"},{"floor":14,"key":"SkillPotion"},{"floor":16,"key":"Fire Potion"},{"floor":22,"key":"PowerPotion"}],"is_trial":false,"path_per_floor":["M","$","?","?","?","R","E","?","T","$","M","M","E","M","R","B",null,"M","M","?","?","M","R","M","E"],"character_chosen":"DEFECT","items_purchased":["PreservedInsect","Defragment"],"campfire_rested":0,"item_purchase_floors":[10,10],"current_hp_per_floor":[68,68,68,53,53,53,53,53,53,53,53,53,38,34,34,34,65,59,48,48,48,25,25,13,0],"gold":171,"neow_bonus":"THREE_ENEMY_KILL","is_prod":false,"is_daily":false,"chose_seed":false,"campfire_upgraded":3,"win_rate":0,"timestamp":1544842634,"path_taken":["M","$","?","?","?","R","E","?","T","?","M","M","E","M","R","BOSS","M","M","?","?","M","R","M","E"],"build_version":"2018-12-13","purchased_purges":1,"victory":false,"max_hp_per_floor":[75,75,75,75,75,75,75,75,75,75,75,75,75,75,75,75,75,75,75,75,75,75,75,75,75],"card_choices":[{"not_picked":["Static Discharge","Gash"],"picked":"Sweeping Beam","floor":1},{"not_picked":["Steam","Beam Cell"],"picked":"Echo Form","floor":7},{"not_picked":["Compile Driver","Steam"],"picked":"Loop","floor":8},{"not_picked":["Stack","Redo"],"picked":"Coolheaded","floor":11},{"not_picked":["Gash","Steam"],"picked":"Recycle","floor":12},{"not_picked":["Ball Lightning","Melter"],"picked":"Cold Snap","floor":13},{"not_picked":["Sunder","Sweeping Beam"],"picked":"Conserve Battery","floor":14},{"not_picked":["All For One","Rainbow"],"picked":"Reboot","floor":16},{"not_picked":["Rebound+1","Steam Power"],"picked":"Glacier","floor":18},{"not_picked":["Steam Power","Steam"],"picked":"Cold Snap","floor":19},{"not_picked":["Redo","Sweeping Beam"],"picked":"Cold Snap","floor":22},{"not_picked":["Go for the Eyes","Hello World","Consume+1"],"picked":"SKIP","floor":24}],"player_experience":339234,"relics_obtained":[{"floor":7,"key":"Whetstone"},{"floor":8,"key":"Odd Mushroom"},{"floor":9,"key":"FossilizedHelix"},{"floor":13,"key":"Potion Belt"}],"event_choices":[{"damage_healed":0,"gold_gain":175,"player_choice":"AGREE","damage_taken":0,"max_hp_gain":0,"max_hp_loss":0,"event_name":"Liars Game","floor":3,"gold_loss":0,"cards_obtained":["Doubt"]},{"damage_healed":0,"gold_gain":0,"player_choice":"Entered Light","damage_taken":15,"max_hp_gain":0,"max_hp_loss":0,"event_name":"Shining Light","floor":4,"gold_loss":0,"cards_upgraded":["Strike_B","Defend_B"]},{"cards_removed":["Doubt"],"damage_healed":0,"gold_gain":0,"player_choice":"Card Removal","damage_taken":0,"max_hp_gain":0,"max_hp_loss":0,"event_name":"The Cleric","floor":5,"gold_loss":50},{"damage_healed":0,"gold_gain":0,"player_choice":"Fought Mushrooms","damage_taken":0,"max_hp_gain":0,"max_hp_loss":0,"event_name":"Mushrooms","floor":8,"gold_loss":0},{"damage_healed":0,"gold_gain":0,"player_choice":"Obtained Relic","damage_taken":0,"relics_obtained":["Centennial Puzzle"],"max_hp_gain":0,"max_hp_loss":0,"event_name":"Addict","floor":20,"gold_loss":85},{"damage_healed":0,"gold_gain":0,"player_choice":"Opened","damage_taken":0,"relics_obtained":["Ornamental Fan"],"max_hp_gain":0,"max_hp_loss":0,"event_name":"The Mausoleum","floor":21,"gold_loss":0,"cards_obtained":["Writhe"]}],"is_beta":false,"boss_relics":[{"not_picked":["Calling Bell","Astrolabe"],"picked":"Runic Pyramid"}],"items_purged_floors":[10],"is_endless":false,"potions_floor_spawned":[1,11,12,14,16,22],"killed_by":"Book of Stabbing","ascension_level":9}