{"gold_per_floor":[119,194,214,214,214,214,227,227,227,259,7,20,20,38,38,162,162,187,187],"floor_reached":19,"playtime":1572,"items_purged":[],"score":167,"play_id":"4ebbac34-cdc0-419a-8cba-038bcbde8158","local_time":"20190102114821","is_ascension_mode":false,"campfire_choices":[{"data":"Armaments","floor":6,"key":"SMITH"},{"data":"Rupture","floor":8,"key":"SMITH"},{"floor":15,"key":"REST"}],"neow_cost":"NONE","seed_source_timestamp":963569019562860,"circlet_count":0,"master_deck":["Strike_R","Strike_R","Strike_R","Strike_R","Strike_R","Defend_R","Defend_R","Defend_R+1","Defend_R","Bash","Anger","Armaments+1","Juggernaut+1","Rupture+1","Shrug It Off","Thunderclap","Twin Strike","Double Tap","Perfected Strike+1"],"relics":["Burning Blood","Gremlin Horn","Dodecahedron","Shuriken","Golden Idol","Runic Cube"],"potions_floor_usage":[16],"damage_taken":[{"damage":0,"enemies":"2 Louse","floor":1,"turns":3},{"damage":11,"enemies":"Jaw Worm","floor":3,"turns":5},{"damage":0,"enemies":"Small Slimes","floor":7,"turns":3},{"damage":53,"enemies":"Gremlin Nob","floor":10,"turns":6},{"damage":2,"enemies":"Looter","floor":12,"turns":4},{"damage":33,"enemies":"Gremlin Gang","floor":14,"turns":5},{"damage":20,"enemies":"Slime Boss","floor":16,"turns":9},{"damage":23,"enemies":"2 Thieves","floor":18,"turns":4},{"damage":39,"enemies":"Colosseum Slavers","floor":19,"turns":4},{"damage":26,"enemies":"Colosseum Nobs","floor":19,"turns":3}],"seed_played":"-7723661417214420189","potions_obtained":[{"floor":1,"key":"Fire Potion"},{"floor":7,"key":"FearPotion"},{"floor":12,"key":"Block Potion"},{"floor":16,"key":"PowerPotion"}],"is_trial":false,"path_per_floor":["M","?","M","?","?","R","M","R","T","E","$","M","?","M","R","B",null,"M","?"],"character_chosen":"IRONCLAD","items_purchased":["Shuriken"],"campfire_rested":1,"item_purchase_floors":[11],"current_hp_per_floor":[80,69,64,48,74,74,80,80,80,33,33,37,37,10,32,18,74,57,0],"gold":187,"neow_bonus":"THREE_CARDS","is_prod":false,"is_daily":false,"chose_seed":false,"campfire_upgraded":2,"win_rate":0.0,"timestamp":1546447701,"path_taken":["M","?","M","?","?","R","M","R","T","E","$","?","?","M","R","BOSS","M","?"],"build_version":"2018-12-20","purchased_purges":0,"victory":false,"max_hp_per_floor":[80,80,80,80,80,80,80,80,80,80,80,80,74,74,74,74,74,74,74],"card_choices":[{"not_picked":["Sever Soul","Perfected Strike"],"picked":"Anger","floor":0},{"not_picked":["Uppercut","Iron Wave"],"picked":"Armaments","floor":1},{"not_picked":["Perfected Strike","Battle Trance"],"picked":"Juggernaut","floor":3},{"not_picked":["Second Wind","Body Slam"],"picked":"Rupture","floor":7},{"not_picked":["Headbutt","True Grit"],"picked":"Shrug It Off","floor":10},{"not_picked":["Iron Wave","Clothesline"],"picked":"Thunderclap","floor":12},{"not_picked":["Infernal Blade","True Grit"],"picked":"Twin Strike","floor":14},{"not_picked":["Impervious","Bludgeon"],"picked":"Double Tap","floor":16},{"not_picked":["True Grit","Iron Wave+1"],"picked":"Perfected Strike+1","floor":18}],"player_experience":6896,"relics_obtained":[{"floor":9,"key":"Gremlin Horn"},{"floor":10,"key":"Dodecahedron"}],"event_choices":[{"damage_healed":0,"gold_gain":75,"player_choice":"Gather Gold","damage_taken":11,"max_hp_gain":0,"max_hp_loss":0,"event_name":"World of Goop","floor":2,"gold_loss":0},{"damage_healed":0,"gold_gain":0,"player_choice":"Entered Light","damage_taken":16,"max_hp_gain":0,"max_hp_loss":0,"event_name":"Shining Light","floor":4,"gold_loss":0,"cards_upgraded":["Juggernaut","Defend_R"]},{"damage_healed":26,"gold_gain":0,"player_choice":"Banana","damage_taken":0,"max_hp_gain":0,"max_hp_loss":0,"event_name":"Big Fish","floor":5,"gold_loss":0},{"damage_healed":0,"gold_gain":0,"player_choice":"Lose Max HP","damage_taken":0,"relics_obtained":["Golden Idol"],"max_hp_gain":0,"max_hp_loss":6,"event_name":"Golden Idol","floor":13,"gold_loss":0},{"damage_healed":0,"gold_gain":0,"player_choice":"Fight","damage_taken":0,"max_hp_gain":0,"max_hp_loss":0,"event_name":"Colosseum","floor":19,"gold_loss":0},{"damage_healed":0,"gold_gain":0,"player_choice":"Fought Nobs","damage_taken":0,"max_hp_gain":0,"max_hp_loss":0,"event_name":"Colosseum","floor":19,"gold_loss":0}],"is_beta":false,"boss_relics":[{"not_picked":["Calling Bell","Lizard Tail"],"picked":"Runic Cube"}],"items_purged_floors":[],"is_endless":false,"potions_floor_spawned":[1,7,12,16],"killed_by":"Colosseum Nobs","ascension_level":0}