{"path_per_floor":["M","?","?","M","?","E","$","M","T","M","R","E","?","M","R","B",null,"M","M","?","M","M","R","E","M","T","$","?","R","M","E","R"],"character_chosen":"THE_SILENT","items_purchased":["Molten Egg 2","Backstab","Vajra","Bottled Flame"],"gold_per_floor":[111,111,111,130,205,538,215,233,233,246,246,273,223,240,240,335,335,348,360,360,374,384,384,418,434,461,21,21,21,38,73,73,73],"floor_reached":33,"campfire_rested":4,"playtime":2462,"current_hp_per_floor":[68,54,47,47,36,24,24,22,22,12,39,14,14,14,41,11,70,59,57,57,48,36,65,40,39,39,39,39,70,58,51,61,0],"items_purged":["Strike_G"],"gold":73,"score":297,"play_id":"c7f3779f-7b86-46ce-92de-923c5b3ff4a8","local_time":"20180412233502","is_prod":false,"is_daily":false,"is_ascension_mode":false,"campfire_upgraded":1,"timestamp":1523543702,"path_taken":["M","?","?","?","?","E","?","M","T","?","R","E","?","M","R","BOSS","M","M","?","M","M","R","E","M","T","$","?","R","M","E","R","BOSS"],"build_version":"2018-04-05v2","purchased_purges":1,"victory":false,"master_deck":["Defend_G","Defend_G","Defend_G","Defend_G+1","Defend_G","Strike_G","Survivor","Neutralize+1","Flying Knee","Flying Knee","Prepared","Dagger Spray+1","Adrenaline+1","Dagger Spray+1","Sucker Punch+1","Tools of the Trade","Sucker Punch+1","Backstab+1","Neutralize+1","Underhanded Strike+1","Dagger Throw+1","Riddle With Holes+1","Deflect","Injury","Backstab+1","Flying Knee+1","Escape Plan","Heel Hook+1"],"max_hp_per_floor":[70,70,70,70,70,70,70,70,70,70,70,70,70,70,70,70,70,70,70,70,70,70,70,70,70,70,70,70,70,70,70,70,70],"relics":["Eternal Feather","Old Coin","Molten Egg 2","Torii","Gremlin Horn","Cursed Key","Pantograph","Juzu Bracelet","Vajra","Bottled Flame","Snake Skull"],"card_choices":[{"not_picked":["Choke","Finisher"],"picked":"Flying Knee","floor":1},{"not_picked":["Dodge and Roll","Riddle With Holes"],"picked":"Flying Knee","floor":4},{"not_picked":["Malaise","Bane"],"picked":"Prepared","floor":6},{"not_picked":["Deadly Poison","Accuracy"],"picked":"Dagger Spray","floor":8},{"not_picked":["Skewer","Flechettes"],"picked":"Adrenaline","floor":10},{"not_picked":["Well Laid Plans","Accuracy"],"picked":"Dagger Spray","floor":12},{"not_picked":["Crippling Poison","Bane"],"picked":"Sucker Punch","floor":14},{"not_picked":["Storm of Steel","A Thousand Cuts"],"picked":"Tools of the Trade","floor":16},{"not_picked":["Accuracy","Poisoned Stab"],"picked":"Sucker Punch","floor":18},{"not_picked":["Reflex","Dodge and Roll"],"picked":"Backstab","floor":19},{"not_picked":["Acrobatics","Dagger Throw"],"picked":"Underhanded Strike","floor":21},{"not_picked":["Acrobatics","PiercingWail"],"picked":"Dagger Throw","floor":22},{"not_picked":["Prepared","PiercingWail"],"picked":"Riddle With Holes","floor":24},{"not_picked":["Blade Dance","PiercingWail"],"picked":"Deflect","floor":25},{"not_picked":["PiercingWail","Doppelganger"],"picked":"Escape Plan","floor":30},{"not_picked":["Cloak And Dagger","PiercingWail"],"picked":"Heel Hook","floor":31}],"player_experience":29604,"potions_floor_usage":[33],"damage_taken":[{"damage":2,"enemies":"Jaw Worm","floor":1,"turns":6},{"damage":0,"enemies":"2 Louse","floor":4,"turns":2},{"damage":12,"enemies":"3 Sentries","floor":6,"turns":12},{"damage":2,"enemies":"Small Slimes","floor":8,"turns":4},{"damage":10,"enemies":"Looter","floor":10,"turns":3},{"damage":25,"enemies":"Gremlin Nob","floor":12,"turns":5},{"damage":0,"enemies":"Lots of Slimes","floor":14,"turns":1},{"damage":30,"enemies":"Hexaghost","floor":16,"turns":16},{"damage":11,"enemies":"Spheric Guardian","floor":18,"turns":4},{"damage":2,"enemies":"3 Byrds","floor":19,"turns":3},{"damage":9,"enemies":"Snake Plant","floor":21,"turns":6},{"damage":12,"enemies":"Sentry and Sphere","floor":22,"turns":5},{"damage":25,"enemies":"Slavers","floor":24,"turns":5},{"damage":1,"enemies":"Centurion and Healer","floor":25,"turns":3},{"damage":12,"enemies":"Snecko","floor":30,"turns":4},{"damage":7,"enemies":"Gremlin Leader","floor":31,"turns":4},{"damage":73,"enemies":"Champ","floor":33,"turns":9}],"event_choices":[{"event_name":"Shining Light","player_choice":"Entered Light","floor":2,"damage_taken":0},{"event_name":"Golden Wing","player_choice":"Card Removal","floor":3,"damage_taken":0},{"event_name":"World of Goop","player_choice":"Gather Gold","floor":5,"damage_taken":0},{"event_name":"The Cleric","player_choice":"Card Removal","floor":13,"damage_taken":0},{"event_name":"Match and Keep!","player_choice":"1 cards matched","floor":20,"damage_taken":0},{"event_name":"Transmorgrifier","player_choice":"Transform","floor":28,"damage_taken":0}],"boss_relics":[{"not_picked":["Snecko Eye","Tiny House"],"picked":"Cursed Key"}],"potions_floor_spawned":[6,10,14,24,25,30,31],"seed_played":"-6729408527740168237","killed_by":"Champ","ascension_level":0,"is_trial":false}