{"gold_per_floor":[117,65,65,81,101,133,133,162,207,279,313,313],"floor_reached":12,"playtime":393,"items_purged":[],"score":173,"play_id":"16d285bb-a8b3-4edf-926c-f901de8c56a0","local_time":"20181230005655","is_ascension_mode":true,"campfire_choices":[{"data":"Doom and Gloom","floor":7,"key":"SMITH"}],"neow_cost":"NONE","seed_source_timestamp":198830253085781,"circlet_count":0,"master_deck":["AscendersBane","Strike_B","Strike_B","Strike_B","Strike_B","Defend_B","Defend_B","Defend_B","Defend_B","Zap","Dualcast","Impatience","Go for the Eyes","Gash","Chill","Doom and Gloom+1","Turbo","Beam Cell","Self Repair"],"relics":["Cracked Core","Bottled Flame","Lantern","Centennial Puzzle","Bag of Preparation"],"potions_floor_usage":[8,12,12],"damage_taken":[{"damage":7,"enemies":"Jaw Worm","floor":1,"turns":3},{"damage":0,"enemies":"Cultist","floor":4,"turns":3},{"damage":0,"enemies":"Small Slimes","floor":5,"turns":3},{"damage":21,"enemies":"Lagavulin","floor":6,"turns":6},{"damage":14,"enemies":"3 Sentries","floor":8,"turns":6},{"damage":13,"enemies":"Lagavulin","floor":11,"turns":7},{"damage":15,"enemies":"Gremlin Nob","floor":12,"turns":2}],"seed_played":"-3011180751178304363","potions_obtained":[{"floor":4,"key":"Block Potion"},{"floor":8,"key":"Strength Potion"},{"floor":11,"key":"AttackPotion"}],"is_trial":false,"path_per_floor":["M","$","?","M","M","E","R","E","T","?","E","?"],"character_chosen":"DEFECT","items_purchased":["Gash"],"campfire_rested":0,"item_purchase_floors":[2],"current_hp_per_floor":[57,57,57,57,57,36,36,22,22,22,9,0],"gold":313,"neow_bonus":"RANDOM_COLORLESS","is_prod":false,"is_daily":false,"chose_seed":false,"campfire_upgraded":1,"win_rate":0,"timestamp":1546149415,"path_taken":["M","$","?","M","?","E","R","E","T","?","E","?"],"build_version":"2018-12-20","purchased_purges":0,"victory":false,"max_hp_per_floor":[71,71,71,71,71,71,71,71,71,71,71,71],"card_choices":[{"not_picked":["Consume","Redo"],"picked":"Go for the Eyes","floor":1},{"not_picked":["Heatsinks","Recycle"],"picked":"Chill","floor":4},{"not_picked":["Conserve Battery","Streamline"],"picked":"Doom and Gloom","floor":5},{"not_picked":["Hello World","Stack"],"picked":"Turbo","floor":6},{"not_picked":["Barrage","Tempest"],"picked":"Beam Cell","floor":8},{"not_picked":["Sweeping Beam","Meteor Strike"],"picked":"Self Repair","floor":11}],"player_experience":445067,"relics_obtained":[{"floor":6,"key":"Bottled Flame"},{"floor":8,"key":"Lantern"},{"floor":9,"key":"Centennial Puzzle"},{"floor":11,"key":"Bag of Preparation"}],"event_choices":[{"damage_healed":0,"gold_gain":0,"player_choice":"0 cards matched","damage_taken":0,"max_hp_gain":0,"max_hp_loss":0,"event_name":"Match and Keep!","floor":3,"gold_loss":0,"cards_obtained":[]},{"damage_healed":0,"gold_gain":72,"player_choice":"Gained Gold","damage_taken":0,"max_hp_gain":0,"max_hp_loss":0,"event_name":"Golden Wing","floor":10,"gold_loss":0},{"damage_healed":0,"gold_gain":0,"player_choice":"Searched \u00271\u0027 times","damage_taken":0,"max_hp_gain":0,"max_hp_loss":0,"event_name":"Dead Adventurer","floor":12,"gold_loss":0}],"is_beta":false,"boss_relics":[],"items_purged_floors":[],"is_endless":false,"potions_floor_spawned":[4,8,11],"killed_by":"Gremlin Nob","ascension_level":16}