{"path_per_floor":["M","M","?","M","?","R","?","E","T","R","M","$","M","M","R","B",null,"M","M","M","M","$","R","E","R","T","M","?","R","?","M","R","B",null,"M","?","M","M","M","R"],"character_chosen":"IRONCLAD","items_purchased":["Lantern","Self Forming Clay","Blood for Blood","Bandage Up"],"gold_per_floor":[115,127,127,139,439,439,439,473,518,518,533,59,76,87,87,186,186,198,210,226,241,138,138,163,163,163,180,180,180,140,154,154,250,250,262,262,273,285,301,301,301],"floor_reached":41,"campfire_rested":2,"playtime":2643,"current_hp_per_floor":[80,80,77,80,80,80,80,67,67,67,73,73,69,60,60,32,80,80,57,40,23,23,47,39,39,39,37,37,37,37,55,55,47,56,28,28,36,39,19,35,0],"items_purged":[],"gold":301,"score":443,"play_id":"279acd97-86b9-444d-8656-aef0f76682d2","local_time":"20180325065656","is_prod":false,"is_daily":false,"is_ascension_mode":false,"campfire_upgraded":6,"timestamp":1521975416,"path_taken":["M","M","?","M","?","R","?","E","T","R","M","$","M","M","R","BOSS","M","M","M","M","$","R","E","R","T","M","?","R","?","M","R","BOSS","M","?","M","M","M","R","M"],"build_version":"2018-03-22v2","purchased_purges":0,"victory":false,"master_deck":["Defend_R","Defend_R","Defend_R","Bash","Fiend Fire","Armaments+1","Thunderclap","Cleave","Demon Form+1","Evolve","Blood for Blood","Fire Breathing+1","Evolve","Barricade+1","Wild Strike+1","Thunderclap","Dual Wield+1","Anger+1","Bandage Up+1","Flex+1","Twin Strike+1","Searing Blow","Bite+1","Bite","Bite","Bite","Bite","Thunderclap+1","Dark Embrace","Dropkick","Battle Trance+1","Heavy Blade","Sword Boomerang","Sword Boomerang"],"max_hp_per_floor":[80,80,80,80,80,80,80,80,80,80,80,80,80,80,80,80,80,80,80,80,80,80,80,80,80,80,80,56,56,56,56,56,56,56,56,56,56,56,56,56,56],"relics":["Burning Blood","Vajra","Old Coin","Dream Catcher","Bag of Marbles","Lantern","Self Forming Clay","Mark of Pain","Bronze Scales","Charon\u0027s Ashes","Sozu"],"card_choices":[{"not_picked":["Shrug It Off","Spot Weakness"],"picked":"Armaments","floor":1},{"not_picked":["Warcry","Armaments"],"picked":"Thunderclap","floor":2},{"not_picked":["Heavy Blade","Iron Wave"],"picked":"Cleave","floor":4},{"not_picked":["Clothesline","Intimidate"],"picked":"Demon Form","floor":8},{"not_picked":["Clothesline","Carnage"],"picked":"Evolve","floor":11},{"not_picked":["Warcry","Burning Pact"],"picked":"Fire Breathing","floor":13},{"not_picked":["Shockwave","Carnage"],"picked":"Evolve","floor":14},{"not_picked":["Double Tap","Bludgeon"],"picked":"Barricade","floor":16},{"not_picked":["Perfected Strike","Ghostly Armor"],"picked":"Wild Strike","floor":18},{"not_picked":["Cleave","Shockwave"],"picked":"Thunderclap","floor":19},{"not_picked":["Armaments","Cleave"],"picked":"Dual Wield","floor":20},{"not_picked":["Barricade","Perfected Strike"],"picked":"Anger","floor":21},{"not_picked":["Entrench","Anger"],"picked":"Flex","floor":23},{"not_picked":["Perfected Strike","Sword Boomerang"],"picked":"Twin Strike","floor":24},{"not_picked":["Anger","Armaments"],"picked":"Searing Blow","floor":27},{"not_picked":["Double Tap","Flex"],"picked":"Thunderclap","floor":31},{"not_picked":["Demon Form","Offering"],"picked":"Dark Embrace","floor":33},{"not_picked":["Searing Blow","Flex"],"picked":"Dropkick","floor":35},{"not_picked":["Body Slam","Whirlwind"],"picked":"Battle Trance","floor":37},{"not_picked":["Pommel Strike","Clash"],"picked":"Heavy Blade","floor":38},{"not_picked":["Sever Soul","Anger"],"picked":"Sword Boomerang","floor":39},{"not_picked":["Armaments","Barricade"],"picked":"Sword Boomerang","floor":40}],"player_experience":25236,"potions_floor_usage":[8,16,21,24,24,24,33],"damage_taken":[{"damage":0,"enemies":"2 Louse","floor":1,"turns":2},{"damage":6,"enemies":"Jaw Worm","floor":2,"turns":2},{"damage":3,"enemies":"Small Slimes","floor":4,"turns":2},{"damage":19,"enemies":"3 Sentries","floor":8,"turns":4},{"damage":0,"enemies":"3 Louse","floor":11,"turns":1},{"damage":10,"enemies":"Looter","floor":13,"turns":2},{"damage":15,"enemies":"Gremlin Gang","floor":14,"turns":4},{"damage":34,"enemies":"Slime Boss","floor":16,"turns":7},{"damage":4,"enemies":"Chosen","floor":18,"turns":7},{"damage":29,"enemies":"Shell Parasite","floor":19,"turns":4},{"damage":23,"enemies":"Sentry and Sphere","floor":20,"turns":6},{"damage":23,"enemies":"Snake Plant","floor":21,"turns":4},{"damage":18,"enemies":"Book of Stabbing","floor":24,"turns":4},{"damage":8,"enemies":"Snecko","floor":27,"turns":3},{"damage":0,"enemies":"Centurion and Healer","floor":31,"turns":5},{"damage":27,"enemies":"Collector","floor":33,"turns":6},{"damage":43,"enemies":"3 Darklings","floor":35,"turns":4},{"damage":10,"enemies":"Orb Walker","floor":37,"turns":2},{"damage":7,"enemies":"3 Darklings","floor":38,"turns":2},{"damage":43,"enemies":"4 Shapes","floor":39,"turns":4},{"damage":45,"enemies":"Maw","floor":41,"turns":5}],"event_choices":[{"event_name":"Scrap Ooze","player_choice":"success","floor":3,"damage_taken":3},{"event_name":"Big Fish","player_choice":"Box","floor":5,"damage_taken":0},{"event_name":"Living Wall","player_choice":"Forget","floor":7,"damage_taken":0},{"event_name":"Vampires","player_choice":"Became a vampire","floor":28,"damage_taken":0},{"event_name":"The Woman in Blue","player_choice":"Bought 3 Potions","floor":30,"damage_taken":0}],"boss_relics":[{"not_picked":["Astrolabe","Runic Pyramid"],"picked":"Mark of Pain"},{"not_picked":["Black Star","Calling Bell"],"picked":"Sozu"}],"potions_floor_spawned":[2,11,16,19,20,21,31,35],"seed_played":"1918468985230358448","killed_by":"Maw","ascension_level":0,"is_trial":false}