{"gold_per_floor":[119,139,214,233,408,427,427,18,66,66,66,86,120,134,134,236,236,248,6,6,105,122,122,132,161,188,200,200,216,234,234,234,234],"floor_reached":33,"playtime":1295,"items_purged":["Doubt"],"score":309,"play_id":"9cd8554b-3721-46b9-811b-bd8ae0c3dac4","local_time":"20180912160029","is_ascension_mode":true,"campfire_choices":[{"data":"Static Discharge","floor":7,"key":"SMITH"},{"data":"Loop","floor":11,"key":"SMITH"},{"data":"Defragment","floor":15,"key":"SMITH"},{"data":"Go for the Eyes","floor":23,"key":"SMITH"},{"data":"Conserve Battery","floor":28,"key":"SMITH"},{"floor":32,"key":"REST"}],"neow_cost":"NONE","seed_source_timestamp":68200558387808,"circlet_count":0,"master_deck":["Strike_B","Strike_B","Strike_B","Defend_B","Defend_B","Defend_B","Defend_B","Zap","Dualcast","Leap","Conserve Battery","Static Discharge+1","Go for the Eyes+1","Loop+1","Defragment+1","Ball Lightning+1","Streamline+1","Electrodynamics","Static Discharge+1","Streamline+1","Conserve Battery+1","Self Repair+1","Capacitor+1","Consume+1"],"relics":["Cracked Core","Molten Egg 2","PreservedInsect","Omamori","Cursed Key","Frozen Egg 2","Art of War","Pen Nib","Nilry\u0027s Codex"],"potions_floor_usage":[13,33,33],"damage_taken":[{"damage":0,"enemies":"Jaw Worm","floor":1,"turns":4},{"damage":1,"enemies":"2 Louse","floor":2,"turns":2},{"damage":0,"enemies":"Cultist","floor":4,"turns":4},{"damage":19,"enemies":"Lots of Slimes","floor":6,"turns":4},{"damage":1,"enemies":"Large Slime","floor":12,"turns":6},{"damage":22,"enemies":"Gremlin Nob","floor":13,"turns":4},{"damage":10,"enemies":"3 Louse","floor":14,"turns":3},{"damage":5,"enemies":"The Guardian","floor":16,"turns":7},{"damage":3,"enemies":"Chosen","floor":18,"turns":4},{"damage":15,"enemies":"3 Byrds","floor":22,"turns":3},{"damage":12,"enemies":"Cultist and Chosen","floor":24,"turns":4},{"damage":18,"enemies":"Gremlin Leader","floor":25,"turns":5},{"damage":11,"enemies":"Snecko","floor":27,"turns":4},{"damage":6,"enemies":"3 Cultists","floor":29,"turns":2},{"damage":11,"enemies":"Centurion and Healer","floor":30,"turns":5},{"damage":32,"enemies":"Collector","floor":33,"turns":2}],"seed_played":"6699269575699401813","potions_obtained":[{"floor":4,"key":"Fruit Juice"},{"floor":6,"key":"Strength Potion"},{"floor":12,"key":"FocusPotion"},{"floor":16,"key":"PowerPotion"},{"floor":25,"key":"SkillPotion"}],"is_trial":false,"path_per_floor":["M","M","?","M","?","M","R","$","T","$","R","M","E","M","R","B",null,"M","$","?","?","M","R","M","E","T","M","R","M","M","?","R"],"character_chosen":"DEFECT","items_purchased":["Loop","Molten Egg 2","Frozen Egg 2"],"campfire_rested":1,"item_purchase_floors":[8,8,19],"current_hp_per_floor":[75,74,63,63,63,44,44,44,44,44,44,43,26,16,16,11,80,77,77,77,77,62,62,50,32,32,31,31,25,24,8,32,0],"gold":234,"neow_bonus":"REMOVE_CARD","is_prod":false,"is_daily":false,"chose_seed":false,"campfire_upgraded":5,"win_rate":0,"timestamp":1536735629,"path_taken":["M","M","?","M","?","?","R","$","T","$","R","M","E","M","R","BOSS","M","$","?","?","M","R","M","E","T","?","R","M","M","?","R","BOSS"],"build_version":"2018-09-10","purchased_purges":1,"victory":false,"max_hp_per_floor":[75,75,75,75,75,75,75,75,75,75,75,75,80,80,80,80,80,80,80,80,80,80,80,80,80,80,80,80,80,80,80,80,80],"card_choices":[{"not_picked":["Blizzard","Streamline"],"picked":"Leap","floor":1},{"not_picked":["Aggregate","Rebound"],"picked":"Conserve Battery","floor":2},{"not_picked":["Reinforced Body","Coolheaded"],"picked":"Static Discharge","floor":4},{"not_picked":["Cold Snap","Steam"],"picked":"Go for the Eyes","floor":6},{"not_picked":["Barrage+1","Chill"],"picked":"Defragment","floor":12},{"not_picked":["Scrape+1","Rip and Tear+1"],"picked":"Ball Lightning+1","floor":13},{"not_picked":["Stack","Barrage+1"],"picked":"Streamline+1","floor":14},{"not_picked":["All For One+1","Reboot"],"picked":"Electrodynamics","floor":16},{"not_picked":["Barrage+1","Reprogram"],"picked":"Static Discharge","floor":18},{"not_picked":["Rebound+1","Compile Driver+1"],"picked":"Streamline+1","floor":22},{"not_picked":["Steam","Melter+1"],"picked":"Conserve Battery","floor":24},{"not_picked":["Stack+1","Meteor Strike+1"],"picked":"Self Repair+1","floor":25},{"not_picked":["Redo","Reprogram","Doom and Gloom+1"],"picked":"SKIP","floor":27},{"not_picked":["Hologram+1","Gash+1"],"picked":"Capacitor+1","floor":29},{"not_picked":["Capacitor+1","FTL+1"],"picked":"Consume+1","floor":30}],"player_experience":414460,"relics_obtained":[{"floor":9,"key":"PreservedInsect"},{"floor":13,"key":"Omamori"},{"floor":25,"key":"Art of War"},{"floor":26,"key":"Pen Nib"},{"floor":31,"key":"Nilry\u0027s Codex"}],"event_choices":[{"event_name":"World of Goop","player_choice":"Gather Gold","floor":3,"damage_taken":0},{"event_name":"Liars Game","player_choice":"agreed","floor":5,"damage_taken":0},{"event_name":"Upgrade Shrine","player_choice":"Upgraded","floor":20,"damage_taken":0},{"event_name":"Nest","player_choice":"Stole From Cult","floor":21,"damage_taken":0},{"event_name":"Cursed Tome","player_choice":"Obtained Book","floor":31,"damage_taken":0}],"is_beta":true,"boss_relics":[{"not_picked":["Eternal Feather","Coffee Dripper"],"picked":"Cursed Key"}],"items_purged_floors":[8],"is_endless":false,"potions_floor_spawned":[4,6,12,16,18,25,30],"killed_by":"Collector","ascension_level":3}