{"gold_per_floor":[111,128,128,53,66,66,78,78,78,108,108,126,126,26,26,124,124,136,11,110,110,125,125,54,110,110,120,139,151,151],"floor_reached":30,"playtime":1106,"items_purged":["Writhe","Regret","Strike_B"],"score":290,"play_id":"feb7d8ae-b60a-4ae3-9b57-25b52a3b13d0","local_time":"20181224214339","is_ascension_mode":false,"campfire_choices":[{"data":"Defragment","floor":6,"key":"SMITH"},{"data":"Zap","floor":8,"key":"SMITH"},{"floor":15,"key":"DIG"},{"floor":23,"key":"DIG"}],"neow_cost":"CURSE","seed_source_timestamp":621171239892044,"circlet_count":0,"master_deck":["Strike_B","Strike_B","Defend_B","Defend_B","Defend_B","Defend_B","Zap+1","Dualcast","Conserve Battery","Defragment+1","Ball Lightning","Core Surge","FTL","Go for the Eyes","Rainbow","Cold Snap","Capacitor+1","Defragment","Conserve Battery+1","Glacier","Conserve Battery","Recycle+1"],"relics":["Cracked Core","Thread and Needle","Odd Mushroom","Shovel","Mercury Hourglass","Nuclear Battery","Bottled Flame","Tiny Chest","Bottled Lightning"],"potions_floor_usage":[25,30],"damage_taken":[{"damage":0,"enemies":"Cultist","floor":1,"turns":4},{"damage":0,"enemies":"Jaw Worm","floor":2,"turns":4},{"damage":0,"enemies":"Small Slimes","floor":5,"turns":4},{"damage":5,"enemies":"2 Fungi Beasts","floor":7,"turns":3},{"damage":17,"enemies":"The Mushroom Lair","floor":10,"turns":3},{"damage":0,"enemies":"Blue Slaver","floor":12,"turns":3},{"damage":0,"enemies":"Slime Boss","floor":16,"turns":6},{"damage":0,"enemies":"Spheric Guardian","floor":18,"turns":2},{"damage":13,"enemies":"2 Thieves","floor":22,"turns":3},{"damage":33,"enemies":"Slavers","floor":25,"turns":6},{"damage":2,"enemies":"Centurion and Healer","floor":27,"turns":5},{"damage":0,"enemies":"Shelled Parasite and Fungi","floor":28,"turns":5},{"damage":6,"enemies":"Snake Plant","floor":29,"turns":5},{"damage":40,"enemies":"Book of Stabbing","floor":30,"turns":5}],"seed_played":"5872702153027764009","potions_obtained":[{"floor":1,"key":"FocusPotion"},{"floor":2,"key":"Regen Potion"},{"floor":12,"key":"Swift Potion"},{"floor":28,"key":"Strength Potion"}],"is_trial":false,"path_per_floor":["M","M","?","$","M","R","M","R","T","?","?","M","?","$","R","B",null,"M","$","?","?","M","R","$","E","T","M","M","M","E"],"character_chosen":"DEFECT","items_purchased":["Defragment"],"campfire_rested":0,"item_purchase_floors":[24],"current_hp_per_floor":[75,75,75,75,75,75,70,70,70,53,53,53,53,53,53,53,75,75,75,75,75,62,62,62,44,44,42,42,36,0],"gold":151,"neow_bonus":"ONE_RARE_RELIC","is_prod":false,"is_daily":false,"chose_seed":false,"campfire_upgraded":2,"win_rate":0,"timestamp":1545655419,"path_taken":["M","?","?","$","M","R","M","R","T","?","?","M","?","$","R","BOSS","M","$","?","?","?","R","?","E","T","M","M","M","E"],"build_version":"2018-12-20","purchased_purges":3,"victory":false,"max_hp_per_floor":[75,75,75,75,75,75,75,75,75,75,75,75,75,75,75,75,75,75,75,75,75,75,75,75,75,75,75,75,75,75],"card_choices":[{"not_picked":["Rebound","Leap"],"picked":"Conserve Battery","floor":1},{"not_picked":["Stack","Steam Power","Beam Cell"],"picked":"SKIP","floor":2},{"not_picked":["Barrage","Compile Driver"],"picked":"Ball Lightning","floor":5},{"not_picked":["Turbo","Steam"],"picked":"Core Surge","floor":7},{"not_picked":["Ball Lightning","Streamline"],"picked":"FTL","floor":10},{"not_picked":["Sweeping Beam","Undo"],"picked":"Go for the Eyes","floor":12},{"not_picked":["Reboot","Hyperbeam"],"picked":"Rainbow","floor":16},{"not_picked":["Redo","Turbo+1"],"picked":"Cold Snap","floor":18},{"not_picked":["Ball Lightning+1","Undo"],"picked":"Capacitor+1","floor":22},{"not_picked":["Barrage","Cold Snap"],"picked":"Conserve Battery+1","floor":25},{"not_picked":["Hello World","Barrage+1"],"picked":"Glacier","floor":27},{"not_picked":["Hologram+1","White Noise"],"picked":"Conserve Battery","floor":28},{"not_picked":["Cold Snap","Beam Cell"],"picked":"Recycle+1","floor":29}],"player_experience":679634,"relics_obtained":[{"floor":10,"key":"Odd Mushroom"},{"floor":15,"key":"Mercury Hourglass"},{"floor":23,"key":"Bottled Flame"},{"floor":25,"key":"Tiny Chest"},{"floor":26,"key":"Bottled Lightning"}],"event_choices":[{"damage_healed":0,"gold_gain":0,"cards_transformed":["Strike_B"],"player_choice":"Change","damage_taken":0,"max_hp_gain":0,"max_hp_loss":0,"event_name":"Living Wall","floor":3,"gold_loss":0,"cards_obtained":["Defragment"]},{"damage_healed":0,"gold_gain":0,"player_choice":"Fought Mushrooms","damage_taken":0,"max_hp_gain":0,"max_hp_loss":0,"event_name":"Mushrooms","floor":10,"gold_loss":0},{"damage_healed":0,"gold_gain":0,"player_choice":"Box","damage_taken":0,"relics_obtained":["Shovel"],"max_hp_gain":0,"max_hp_loss":0,"event_name":"Big Fish","floor":11,"gold_loss":0,"cards_obtained":["Regret"]},{"damage_healed":0,"gold_gain":0,"player_choice":"Ignored","damage_taken":0,"max_hp_gain":0,"max_hp_loss":0,"event_name":"Liars Game","floor":13,"gold_loss":0},{"damage_healed":0,"gold_gain":99,"player_choice":"Stole From Cult","damage_taken":0,"max_hp_gain":0,"max_hp_loss":0,"event_name":"Nest","floor":20,"gold_loss":0},{"damage_healed":0,"gold_gain":0,"player_choice":"0 cards matched","damage_taken":0,"max_hp_gain":0,"max_hp_loss":0,"event_name":"Match and Keep!","floor":21,"gold_loss":0,"cards_obtained":[]}],"is_beta":false,"boss_relics":[{"not_picked":["Busted Crown","Runic Dome"],"picked":"Nuclear Battery"}],"items_purged_floors":[4,14,19],"is_endless":false,"potions_floor_spawned":[1,2,12,22,28,29],"killed_by":"Book of Stabbing","ascension_level":0}