{"gold_per_floor":[10,10,10,34,34,67,43,81,81,81,81,31,31,54,54,182,182,197,212,212,212,226,262,262,300,347,381,42,65,81,101,101,224,224,244,46,64,83,83,118,118,151,151,165,165,0,21,46,46,46],"floor_reached":50,"playtime":3602,"items_purged":["Strike_B","Defend_B","Strike_B"],"score":779,"play_id":"1696938a-1827-46ad-bc94-fbd1594cf33e","local_time":"20181002214704","is_ascension_mode":true,"campfire_choices":[{"floor":13,"key":"REST"},{"floor":15,"key":"REST"},{"data":"Strike_B","floor":24,"key":"PURGE"},{"data":"1","floor":32,"key":"LIFT"},{"data":"2","floor":41,"key":"LIFT"},{"data":"3","floor":45,"key":"LIFT"},{"data":"Defend_B","floor":49,"key":"PURGE"}],"neow_cost":"NO_GOLD","seed_source_timestamp":1629833699666015,"circlet_count":0,"master_deck":["Strike_B","Defend_B","Zap","Dualcast","Meteor Strike","Melter","Sweeping Beam+1","Cold Snap","Conserve Battery","Compile Driver","Loop","All For One+1","Beam Cell+1","Compile Driver+1","Beam Cell+1","Melter+1","Ghostly","Ghostly","Ghostly","Ghostly","Ghostly","Beam Cell+1","Ball Lightning+1","Beam Cell+1","Cold Snap+1","Defragment+1","Chill+1","Hologram+1","Doom and Gloom+1","Meteor Strike+1","Ball Lightning+1","Double Energy","Storm+1","White Noise","Turbo+1"],"relics":["Cracked Core","Golden Idol","CultistMask","Matryoshka","Prayer Wheel","Smiling Mask","Bronze Scales","Strawberry","Molten Egg 2","Nuclear Battery","Nilry\u0027s Codex","Peace Pipe","Oddly Smooth Stone","Potion Belt","Shuriken","Girya","Inserter","Centennial Puzzle","Ancient Tea Set","Regal Pillow","FossilizedHelix","Red Mask"],"potions_floor_usage":[8,16,23,31,33,33,47,48,50,50,50],"damage_taken":[{"damage":1,"enemies":"Jaw Worm","floor":1,"turns":3},{"damage":0,"enemies":"Small Slimes","floor":4,"turns":2},{"damage":20,"enemies":"Gremlin Nob","floor":6,"turns":4},{"damage":29,"enemies":"Lagavulin","floor":8,"turns":6},{"damage":0,"enemies":"2 Louse","floor":14,"turns":2},{"damage":23,"enemies":"The Guardian","floor":16,"turns":11},{"damage":3,"enemies":"Shell Parasite","floor":18,"turns":3},{"damage":0,"enemies":"Spheric Guardian","floor":19,"turns":2},{"damage":0,"enemies":"Centurion and Healer","floor":22,"turns":5},{"damage":0,"enemies":"Gremlin Leader","floor":23,"turns":6},{"damage":2,"enemies":"Book of Stabbing","floor":25,"turns":4},{"damage":5,"enemies":"Gremlin Leader","floor":27,"turns":5},{"damage":1,"enemies":"Snake Plant","floor":29,"turns":3},{"damage":0,"enemies":"3 Cultists","floor":30,"turns":5},{"damage":6,"enemies":"Chosen and Byrds","floor":31,"turns":3},{"damage":0,"enemies":"Collector","floor":33,"turns":6},{"damage":0,"enemies":"3 Darklings","floor":35,"turns":4},{"damage":0,"enemies":"Orb Walker","floor":37,"turns":3},{"damage":0,"enemies":"Transient","floor":38,"turns":5},{"damage":0,"enemies":"Nemesis","floor":40,"turns":9},{"damage":18,"enemies":"2 Orb Walkers","floor":42,"turns":3},{"damage":6,"enemies":"Sphere and 2 Shapes","floor":44,"turns":2},{"damage":0,"enemies":"4 Shapes","floor":47,"turns":4},{"damage":0,"enemies":"3 Darklings","floor":48,"turns":4},{"damage":38,"enemies":"Awakened One","floor":50,"turns":11}],"seed_played":"-4268544579546977932","potions_obtained":[{"floor":1,"key":"Ancient Potion"},{"floor":4,"key":"Dexterity Potion"},{"floor":8,"key":"SkillPotion"},{"floor":22,"key":"SkillPotion"},{"floor":25,"key":"Strength Potion"},{"floor":27,"key":"Energy Potion"},{"floor":29,"key":"Weak Potion"},{"floor":37,"key":"LiquidBronze"},{"floor":39,"key":"GamblersBrew"},{"floor":39,"key":"Weak Potion"},{"floor":39,"key":"Regen Potion"},{"floor":42,"key":"Swift Potion"},{"floor":48,"key":"GamblersBrew"}],"is_trial":false,"path_per_floor":["M","?","?","M","?","E","$","E","T","?","T","$","R","M","R","B",null,"M","M","?","?","M","E","R","E","T","E","$","M","M","M","R","B",null,"M","$","M","M","?","E","R","E","T","M","R","?","M","M","R"],"character_chosen":"DEFECT","items_purchased":["Conserve Battery","Girya","Centennial Puzzle"],"campfire_rested":2,"item_purchase_floors":[7,28,36],"current_hp_per_floor":[74,56,56,56,56,36,36,7,7,7,14,14,38,38,62,39,82,79,79,63,41,41,41,41,39,39,34,34,33,33,27,27,27,41,41,41,41,41,41,41,41,30,30,24,24,24,36,36,36,0],"gold":46,"neow_bonus":"THREE_RARE_CARDS","is_prod":false,"is_daily":false,"chose_seed":false,"campfire_upgraded":0,"win_rate":0,"timestamp":1538531224,"path_taken":["M","?","?","M","?","E","?","E","T","?","?","$","R","M","R","BOSS","M","M","?","?","?","E","R","E","T","E","$","M","M","M","R","BOSS","M","$","M","M","?","E","R","E","T","?","R","?","M","M","R","BOSS"],"build_version":"2018-09-27","purchased_purges":3,"victory":false,"max_hp_per_floor":[75,75,75,75,75,75,75,75,75,75,82,82,82,82,82,82,82,82,82,82,41,41,41,41,41,41,41,41,41,41,41,41,41,41,41,41,41,41,41,41,41,41,41,41,41,41,41,41,41,41],"card_choices":[{"not_picked":["Biased Cognition","Reboot"],"picked":"Meteor Strike","floor":0},{"not_picked":["Blizzard","Reinforced Body"],"picked":"Melter","floor":1},{"not_picked":["Conserve Battery","Hologram"],"picked":"Sweeping Beam","floor":4},{"not_picked":["Darkness","Beam Cell"],"picked":"Cold Snap","floor":6},{"not_picked":["Multi-Cast","Barrage"],"picked":"Compile Driver","floor":8},{"not_picked":["Leap","Heatsinks"],"picked":"Loop","floor":14},{"not_picked":["Hologram","Beam Cell+1","Steam"],"picked":"SKIP","floor":14},{"not_picked":["Amplify","Multi-Cast"],"picked":"All For One+1","floor":16},{"not_picked":["Reinforced Body","Capacitor"],"picked":"Beam Cell+1","floor":18},{"not_picked":["Go for the Eyes+1","Steam+1"],"picked":"Compile Driver+1","floor":18},{"not_picked":["Go for the Eyes+1","Sweeping Beam+1"],"picked":"Beam Cell+1","floor":19},{"not_picked":["Reinforced Body","Steam Power+1"],"picked":"Melter+1","floor":19},{"not_picked":["Skim","Cold Snap+1"],"picked":"Beam Cell+1","floor":22},{"not_picked":["Hologram","Steam"],"picked":"Ball Lightning+1","floor":22},{"not_picked":["Conserve Battery","Darkness","Undo"],"picked":"SKIP","floor":23},{"not_picked":["Genetic Algorithm","Leap"],"picked":"Beam Cell+1","floor":25},{"not_picked":["Buffer","Redo"],"picked":"Cold Snap+1","floor":27},{"not_picked":["Rebound+1","Barrage+1"],"picked":"Defragment+1","floor":29},{"not_picked":["Lockon+1","Barrage+1","Rebound+1"],"picked":"SKIP","floor":29},{"not_picked":["Gash+1","Tempest","Turbo+1"],"picked":"SKIP","floor":30},{"not_picked":["Turbo","Rebound+1","BootSequence"],"picked":"SKIP","floor":30},{"not_picked":["Tempest","Reprogram"],"picked":"Chill+1","floor":31},{"not_picked":["Coolheaded","Steam Power","Heatsinks"],"picked":"SKIP","floor":31},{"not_picked":["Reprogram+1","Stack+1"],"picked":"Hologram+1","floor":35},{"not_picked":["Loop","Beam Cell+1","Cold Snap+1"],"picked":"SKIP","floor":35},{"not_picked":["Stack+1","Hologram"],"picked":"Doom and Gloom+1","floor":37},{"not_picked":["Streamline+1","Compile Driver+1"],"picked":"Meteor Strike+1","floor":37},{"not_picked":["Loop","Coolheaded"],"picked":"Ball Lightning+1","floor":38},{"not_picked":["Sweeping Beam+1","Cold Snap+1","Beam Cell+1"],"picked":"SKIP","floor":38},{"not_picked":["Chaos","Redo"],"picked":"Double Energy","floor":40},{"not_picked":["Rebound+1","Genetic Algorithm+1"],"picked":"Storm+1","floor":42},{"not_picked":["Coolheaded+1","Hologram","Blizzard+1"],"picked":"SKIP","floor":44},{"not_picked":["Steam Power","Reboot","Barrage+1"],"picked":"SKIP","floor":44},{"not_picked":["Hologram","Streamline+1","Tempest+1"],"picked":"SKIP","floor":47},{"not_picked":["Turbo","Go for the Eyes+1","Streamline+1"],"picked":"SKIP","floor":47},{"not_picked":["Consume","Go for the Eyes+1"],"picked":"White Noise","floor":48},{"not_picked":["Rebound+1","Hologram"],"picked":"Turbo+1","floor":48}],"player_experience":155366,"relics_obtained":[{"floor":6,"key":"Matryoshka"},{"floor":8,"key":"Prayer Wheel"},{"floor":9,"key":"Smiling Mask"},{"floor":9,"key":"Bronze Scales"},{"floor":11,"key":"Strawberry"},{"floor":11,"key":"Molten Egg 2"},{"floor":20,"key":"Nilry\u0027s Codex"},{"floor":23,"key":"Peace Pipe"},{"floor":25,"key":"Oddly Smooth Stone"},{"floor":26,"key":"Potion Belt"},{"floor":27,"key":"Shuriken"},{"floor":40,"key":"Ancient Tea Set"},{"floor":42,"key":"Regal Pillow"},{"floor":43,"key":"FossilizedHelix"}],"event_choices":[{"event_name":"Golden Idol","player_choice":"Take Damage","floor":2,"damage_taken":0},{"event_name":"Living Wall","player_choice":"Forget","floor":3,"damage_taken":0},{"event_name":"FaceTrader","player_choice":"Trade","floor":5,"damage_taken":0},{"event_name":"Upgrade Shrine","player_choice":"Upgraded","floor":10,"damage_taken":0},{"event_name":"Cursed Tome","player_choice":"Obtained Book","floor":20,"damage_taken":0},{"event_name":"Ghosts","player_choice":"Became a Ghost","floor":21,"damage_taken":0},{"event_name":"The Lab","player_choice":"Got Potions","floor":39,"damage_taken":0},{"event_name":"Tomb of Lord Red Mask","player_choice":"Paid","floor":46,"damage_taken":0}],"is_beta":false,"boss_relics":[{"not_picked":["FrozenCore","Runic Dome"],"picked":"Nuclear Battery"},{"not_picked":["Velvet Choker","Runic Pyramid"],"picked":"Inserter"}],"items_purged_floors":[12,28,36],"is_endless":false,"potions_floor_spawned":[1,4,8,22,25,27,29,37,42,44,48],"killed_by":"Awakened One","ascension_level":1}