{"gold_per_floor":[111,5,25,36,36,36,10,25,25,25,25,50,50,61,61,61],"floor_reached":16,"playtime":1189,"items_purged":[],"score":100,"play_id":"09ebab20-aa5d-4b6c-82b5-9288d7b5dcab","local_time":"20190102014800","is_ascension_mode":false,"campfire_choices":[{"data":"Anger","floor":6,"key":"SMITH"},{"data":"Combust","floor":11,"key":"SMITH"},{"data":"Juggernaut","floor":15,"key":"SMITH"}],"neow_cost":"NONE","seed_source_timestamp":927930071668829,"circlet_count":0,"master_deck":["Strike_R","Strike_R","Strike_R","Strike_R","Strike_R","Defend_R","Defend_R","Defend_R","Combust+1","Rage","Sever Soul","Anger+1","Flex","Warcry","Metallicize","Uppercut","Iron Wave","Juggernaut+1"],"relics":["Burning Blood","Calipers","Peace Pipe"],"potions_floor_usage":[],"damage_taken":[{"damage":6,"enemies":"Cultist","floor":1,"turns":4},{"damage":1,"enemies":"Small Slimes","floor":3,"turns":4},{"damage":1,"enemies":"2 Louse","floor":4,"turns":2},{"damage":18,"enemies":"Red Slaver","floor":8,"turns":4},{"damage":24,"enemies":"Lagavulin","floor":12,"turns":6},{"damage":11,"enemies":"Large Slime","floor":14,"turns":5},{"damage":38,"enemies":"The Guardian","floor":16,"turns":5}],"seed_played":"8908919854007103217","potions_obtained":[{"floor":1,"key":"AttackPotion"},{"floor":12,"key":"FearPotion"}],"is_trial":false,"path_per_floor":["M","$","M","M","?","R","$","M","T","?","R","E","?","M","R","B"],"character_chosen":"IRONCLAD","items_purchased":["Rage","Sever Soul","Warcry"],"campfire_rested":0,"item_purchase_floors":[2,2,7],"current_hp_per_floor":[80,80,80,80,80,80,80,68,68,61,61,43,43,38,38,0],"gold":61,"neow_bonus":"TRANSFORM_CARD","is_prod":false,"is_daily":false,"chose_seed":false,"campfire_upgraded":3,"win_rate":0.0,"timestamp":1546411680,"path_taken":["M","$","?","M","?","R","$","M","T","?","R","E","?","M","R","BOSS"],"build_version":"2018-12-20","purchased_purges":0,"victory":false,"max_hp_per_floor":[80,80,80,80,80,80,80,80,80,80,80,80,80,80,80,80],"card_choices":[{"not_picked":["Uppercut","Clash"],"picked":"Combust","floor":1},{"not_picked":["Armaments","Fire Breathing"],"picked":"Anger","floor":3},{"not_picked":["Body Slam","Shrug It Off"],"picked":"Flex","floor":4},{"not_picked":["Thunderclap","Body Slam"],"picked":"Metallicize","floor":8},{"not_picked":["True Grit","Warcry"],"picked":"Uppercut","floor":12},{"not_picked":["Entrench","Flex"],"picked":"Juggernaut","floor":14}],"player_experience":5707,"relics_obtained":[{"floor":9,"key":"Calipers"},{"floor":12,"key":"Peace Pipe"}],"event_choices":[{"damage_healed":0,"gold_gain":0,"player_choice":"Leave","damage_taken":0,"max_hp_gain":0,"max_hp_loss":0,"event_name":"The Cleric","floor":5,"gold_loss":0},{"cards_removed":["Defend_R"],"damage_healed":0,"gold_gain":0,"player_choice":"Card Removal","damage_taken":7,"max_hp_gain":0,"max_hp_loss":0,"event_name":"Golden Wing","floor":10,"gold_loss":0},{"cards_removed":["Second Wind"],"damage_healed":0,"gold_gain":0,"player_choice":"Took Card","damage_taken":0,"max_hp_gain":0,"max_hp_loss":0,"event_name":"NoteForYourself","floor":13,"gold_loss":0,"cards_obtained":["Iron Wave"]}],"is_beta":false,"boss_relics":[],"items_purged_floors":[],"is_endless":false,"potions_floor_spawned":[1,12],"killed_by":"The Guardian","ascension_level":0}