{"gold_per_floor":[119,119,119,119,139,139,89,121,195,205,216,227,243,132,132,235,235,247,267,39,69,86,106,106,139,163,192,192,192,92,110,110,213,213,232,232,245,260,260,260,279,279,302,321,332,184,184,201,201,201],"floor_reached":51,"playtime":3222,"items_purged":["Strike_B","Writhe","Defend_B"],"score":816,"play_id":"0cd5682f-b480-4f70-93ed-079c98423f08","local_time":"20180801141300","is_ascension_mode":false,"campfire_choices":[{"data":"Dualcast","floor":6,"key":"SMITH"},{"floor":15,"key":"REST"},{"data":"Consume","floor":24,"key":"SMITH"},{"data":"Buffer","floor":28,"key":"SMITH"},{"data":"Capacitor","floor":32,"key":"SMITH"},{"floor":40,"key":"REST"},{"data":"Seek","floor":47,"key":"SMITH"},{"data":"Barrage","floor":49,"key":"SMITH"}],"neow_cost":"TEN_PERCENT_HP_LOSS","seed_source_timestamp":2616936347923,"circlet_count":0,"master_deck":["Strike_B+1","Defend_B+1","Defend_B","Zap","Dualcast+1","Stack","Sweeping Beam","All For One","Ball Lightning","Ball Lightning","Steam","Go for the Eyes","Consume+1","Buffer+1","Steam","Sunder+1","FTL","Go for the Eyes","Capacitor+1","Coolheaded+1","Double Energy+1","Creative AI","Coolheaded+1","Thunder Strike","Redo+1","Beam Cell","Coolheaded+1","Ball Lightning+1","Blizzard+1","Gash","Seek+1","Steam","Barrage+1"],"relics":["FrozenCore","Ice Cream","Art of War","Anchor","Question Card","Runic Capacitor","Tiny Chest","Mummified Hand","Orichalcum","Thread and Needle","Sozu","Ornamental Fan","StoneCalendar","Happy Flower"],"potions_floor_usage":[50,50,50],"damage_taken":[{"damage":0,"enemies":"2 Louse","floor":1,"turns":2},{"damage":1,"enemies":"Jaw Worm","floor":5,"turns":3},{"damage":18,"enemies":"Lagavulin","floor":8,"turns":5},{"damage":0,"enemies":"Small Slimes","floor":10,"turns":2},{"damage":4,"enemies":"Blue Slaver","floor":11,"turns":3},{"damage":0,"enemies":"Large Slime","floor":12,"turns":3},{"damage":0,"enemies":"2 Fungi Beasts","floor":13,"turns":2},{"damage":9,"enemies":"Slime Boss","floor":16,"turns":6},{"damage":0,"enemies":"Chosen","floor":18,"turns":5},{"damage":5,"enemies":"Shell Parasite","floor":19,"turns":5},{"damage":0,"enemies":"Snake Plant","floor":22,"turns":5},{"damage":0,"enemies":"Cultist and Chosen","floor":23,"turns":5},{"damage":0,"enemies":"Book of Stabbing","floor":25,"turns":7},{"damage":0,"enemies":"Gremlin Leader","floor":27,"turns":9},{"damage":0,"enemies":"Sentry and Sphere","floor":31,"turns":4},{"damage":0,"enemies":"Collector","floor":33,"turns":10},{"damage":0,"enemies":"Orb Walker","floor":35,"turns":5},{"damage":0,"enemies":"3 Shapes","floor":37,"turns":4},{"damage":20,"enemies":"Sphere and 2 Shapes","floor":38,"turns":6},{"damage":0,"enemies":"Transient","floor":41,"turns":5},{"damage":0,"floor":42,"turns":6},{"damage":0,"enemies":"4 Shapes","floor":44,"turns":5},{"damage":0,"enemies":"Spire Growth","floor":45,"turns":5},{"damage":0,"enemies":"3 Darklings","floor":48,"turns":4},{"damage":0,"enemies":"Time Eater","floor":50,"turns":8}],"seed_played":"-8850472746702157894","potions_obtained":[{"floor":8,"key":"FocusPotion"},{"floor":10,"key":"SteroidPotion"},{"floor":12,"key":"PowerPotion"},{"floor":13,"key":"PowerPotion"}],"is_trial":false,"path_per_floor":["M","?","?","?","M","R","?","E","T","M","M","M","M","$","R","B",null,"M","M","$","?","M","M","R","E","T","E","R","?","$","M","R","B",null,"M","?","M","M","T","R","M","?","T","M","M","$","R","M","R","B"],"character_chosen":"DEFECT","items_purchased":["Consume","FTL","Runic Capacitor","Steam"],"campfire_rested":2,"item_purchase_floors":[14,20,20,46],"current_hp_per_floor":[68,61,54,40,39,39,39,21,21,21,17,17,17,17,37,28,68,68,63,63,63,63,63,63,63,63,63,63,63,63,63,63,63,68,68,68,68,48,48,68,68,68,68,68,68,68,68,68,68,68],"gold":201,"neow_bonus":"ONE_RARE_RELIC","is_prod":false,"is_daily":false,"chose_seed":false,"campfire_upgraded":6,"win_rate":0,"timestamp":1533100380,"path_taken":["M","?","?","?","M","R","?","E","T","M","?","M","M","$","R","BOSS","M","M","$","?","M","M","R","E","T","E","R","?","$","M","R","BOSS","M","?","?","?","?","R","M","?","T","?","M","?","R","M","R","BOSS"],"build_version":"2018-07-30","purchased_purges":3,"victory":true,"max_hp_per_floor":[68,68,68,68,68,68,68,68,68,68,68,68,68,68,68,68,68,68,68,68,68,68,68,68,68,68,68,68,68,68,68,68,68,68,68,68,68,68,68,68,68,68,68,68,68,68,68,68,68,68],"card_choices":[{"not_picked":["Chaos","Undo"],"picked":"Stack","floor":1},{"not_picked":["Leap","Fusion"],"picked":"Sweeping Beam","floor":5},{"not_picked":["Beam Cell","Double Energy"],"picked":"All For One","floor":8},{"not_picked":["White Noise","Stack","Barrage"],"picked":"Ball Lightning","floor":10},{"not_picked":["Cold Snap","Sweeping Beam","Compile Driver"],"picked":"Ball Lightning","floor":11},{"not_picked":["Chaos","Sweeping Beam","Scrape"],"picked":"Steam","floor":12},{"not_picked":["Blizzard","Hologram","Leap"],"picked":"Go for the Eyes","floor":13},{"not_picked":["Rainbow","Reboot","Amplify"],"picked":"Buffer","floor":16},{"not_picked":["Lockon+1","Glacier","Force Field"],"picked":"Steam","floor":18},{"not_picked":["Rebound","Storm+1","Auto Shields"],"picked":"Sunder+1","floor":19},{"not_picked":["Force Field+1","Hologram+1","Ball Lightning"],"picked":"Go for the Eyes","floor":22},{"not_picked":["Streamline+1","Turbo","Steam+1"],"picked":"Capacitor","floor":23},{"not_picked":["Leap","Reinforced Body","Storm"],"picked":"Coolheaded+1","floor":25},{"not_picked":["Redo","Steam","Doom and Gloom"],"picked":"Double Energy+1","floor":27},{"not_picked":["Sweeping Beam","Fusion+1","Turbo"],"picked":"Coolheaded+1","floor":31},{"not_picked":["Biased Cognition","Multi-Cast","Core Surge"],"picked":"Thunder Strike","floor":33},{"not_picked":["Steam","Cold Snap+1","Coolheaded+1"],"picked":"Redo+1","floor":35},{"not_picked":["Machine Learning","Go for the Eyes","Reprogram"],"picked":"Beam Cell","floor":37},{"not_picked":["Storm+1","Compile Driver","Turbo+1"],"picked":"Coolheaded+1","floor":38},{"not_picked":["Rebound","Force Field+1","Reprogram"],"picked":"Ball Lightning+1","floor":41},{"not_picked":["Cold Snap+1","All For One","Beam Cell"],"picked":"Blizzard+1","floor":42},{"not_picked":["Sunder","Go for the Eyes+1","Stack+1"],"picked":"Gash","floor":44},{"not_picked":["Leap","FTL","Melter"],"picked":"Seek","floor":45},{"not_picked":["Doom and Gloom+1","Cold Snap+1","Self Repair+1"],"picked":"Barrage","floor":48}],"player_experience":320077,"relics_obtained":[{"floor":8,"key":"Anchor"},{"floor":9,"key":"Question Card"},{"floor":25,"key":"Mummified Hand"},{"floor":26,"key":"Orichalcum"},{"floor":27,"key":"Thread and Needle"},{"floor":39,"key":"Ornamental Fan"},{"floor":42,"key":"StoneCalendar"},{"floor":43,"key":"Happy Flower"}],"event_choices":[{"event_name":"Scrap Ooze","player_choice":"success","floor":2,"damage_taken":7},{"event_name":"Golden Wing","player_choice":"Card Removal","floor":3,"damage_taken":0},{"event_name":"Shining Light","player_choice":"Entered Light","floor":4,"damage_taken":0},{"event_name":"The Cleric","player_choice":"Card Removal","floor":7,"damage_taken":0},{"event_name":"The Mausoleum","player_choice":"Yes","floor":21,"damage_taken":0},{"event_name":"The Library","player_choice":"Read","floor":29,"damage_taken":0},{"event_name":"Falling","player_choice":"Removed Skill","floor":36,"damage_taken":0},{"event_name":"MindBloom","player_choice":"Fight","floor":42,"damage_taken":0}],"is_beta":true,"boss_relics":[{"not_picked":["Nuclear Battery","Tiny House"],"picked":"FrozenCore"},{"not_picked":["Calling Bell","White Beast Statue"],"picked":"Sozu"}],"items_purged_floors":[14,30,46],"is_endless":false,"potions_floor_spawned":[8,10,12,13,22,25,31,33,37,42,45],"ascension_level":0}