{"gold_per_floor":[109,109,120,134,150,179,23,23,75,75,89,264,291,291,291,390,390,401,53,53,65,76,76,108,108],"floor_reached":25,"playtime":1543,"items_purged":[],"score":256,"play_id":"06dd5307-5d4e-43d7-a1c5-77a9db18ea97","local_time":"20190120172334","is_ascension_mode":false,"campfire_choices":[{"data":"Corpse Explosion","floor":10,"key":"SMITH"},{"floor":15,"key":"REST"},{"data":"Blade Dance","floor":23,"key":"SMITH"}],"neow_cost":"NONE","seed_source_timestamp":1591272476854045,"circlet_count":0,"master_deck":["Defend_G","Defend_G","Defend_G","Defend_G","Defend_G","Strike_G","Strike_G","Strike_G","Strike_G","Survivor","Neutralize","Accuracy","Quick Slash","Poisoned Stab","Dash","Reflex","Dagger Throw","Corpse Explosion+1","Blade Dance+1","Doubt","Infinite Blades","Storm of Steel","Heel Hook"],"relics":["Ring of the Snake","Strawberry","Pear","Pen Nib","Vajra","Pocketwatch","Busted Crown","Chemical X","Snake Skull","Centennial Puzzle","Bottled Flame"],"potions_floor_usage":[16,16,16,16,24,25,25],"damage_taken":[{"damage":5,"enemies":"Small Slimes","floor":1,"turns":5},{"damage":0,"enemies":"Cultist","floor":3,"turns":4},{"damage":1,"enemies":"2 Louse","floor":4,"turns":4},{"damage":0,"enemies":"Looter","floor":5,"turns":3},{"damage":36,"enemies":"Gremlin Nob","floor":6,"turns":6},{"damage":4,"enemies":"Exordium Wildlife","floor":11,"turns":2},{"damage":21,"enemies":"Lagavulin","floor":13,"turns":6},{"damage":32,"enemies":"The Guardian","floor":16,"turns":9},{"damage":10,"enemies":"3 Byrds","floor":18,"turns":3},{"damage":12,"enemies":"2 Thieves","floor":21,"turns":2},{"damage":14,"enemies":"Centurion and Healer","floor":22,"turns":4},{"damage":44,"enemies":"Slavers","floor":24,"turns":3},{"damage":11,"enemies":"Snecko","floor":25,"turns":2}],"seed_played":"8575904333768850495","potions_obtained":[{"floor":3,"key":"Energy Potion"},{"floor":4,"key":"Block Potion"},{"floor":6,"key":"SpeedPotion"},{"floor":11,"key":"EntropicBrew"},{"floor":21,"key":"PowerPotion"},{"floor":22,"key":"LiquidBronze"}],"is_trial":false,"path_per_floor":["M","?","M","M","M","E","$","?","T","R","M","?","E","T","R","B",null,"M","$","?","M","M","R","E","M"],"character_chosen":"THE_SILENT","items_purchased":["Corpse Explosion","Chemical X","Snake Skull"],"campfire_rested":1,"item_purchase_floors":[7,19,19],"current_hp_per_floor":[72,72,72,71,71,45,45,38,38,38,34,34,13,13,39,7,87,77,77,77,65,51,51,7,0],"gold":108,"neow_bonus":"RANDOM_COMMON_RELIC","is_prod":false,"is_daily":false,"chose_seed":false,"campfire_upgraded":2,"win_rate":0.0,"timestamp":1548001414,"path_taken":["M","?","M","M","M","E","?","?","T","R","M","?","E","?","R","BOSS","M","$","?","M","M","R","E","?"],"build_version":"2019-01-17v2","purchased_purges":0,"victory":false,"max_hp_per_floor":[77,77,77,77,77,87,87,87,87,87,87,87,87,87,87,87,87,87,87,87,87,87,87,87,87],"card_choices":[{"not_picked":["Backflip","Flechettes"],"picked":"Accuracy","floor":1},{"not_picked":["Dodge and Roll","Escape Plan"],"picked":"Poisoned Stab","floor":3},{"not_picked":["Deadly Poison","Slice"],"picked":"Dash","floor":4},{"not_picked":["Cloak And Dagger","Slice"],"picked":"Reflex","floor":5},{"not_picked":["Masterful Stab","Backflip"],"picked":"Dagger Throw","floor":6},{"not_picked":["All Out Attack","Acrobatics"],"picked":"Blade Dance","floor":11},{"not_picked":["Acrobatics","Skewer"],"picked":"Infinite Blades","floor":13},{"not_picked":["Grand Finale","Envenom"],"picked":"Storm of Steel","floor":16},{"not_picked":["Dagger Spray"],"picked":"SKIP","floor":18},{"not_picked":[],"picked":"Heel Hook","floor":21},{"not_picked":["Eviscerate"],"picked":"SKIP","floor":22},{"not_picked":["Slice"],"picked":"SKIP","floor":24}],"player_experience":210107,"relics_obtained":[{"floor":6,"key":"Pear"},{"floor":9,"key":"Pen Nib"},{"floor":13,"key":"Vajra"},{"floor":14,"key":"Pocketwatch"},{"floor":24,"key":"Bottled Flame"}],"event_choices":[{"damage_healed":0,"gold_gain":0,"player_choice":"1 cards matched","damage_taken":0,"max_hp_gain":0,"max_hp_loss":0,"event_name":"Match and Keep!","floor":2,"gold_loss":0,"cards_obtained":["Quick Slash"]},{"cards_removed":["Strike_G"],"damage_healed":0,"gold_gain":0,"player_choice":"Card Removal","damage_taken":7,"max_hp_gain":0,"max_hp_loss":0,"event_name":"Golden Wing","floor":8,"gold_loss":0},{"damage_healed":0,"gold_gain":175,"player_choice":"AGREE","damage_taken":0,"max_hp_gain":0,"max_hp_loss":0,"event_name":"Liars Game","floor":12,"gold_loss":0,"cards_obtained":["Doubt"]},{"damage_healed":0,"gold_gain":0,"player_choice":"Gave Potion","damage_taken":0,"relics_obtained":["Centennial Puzzle"],"max_hp_gain":0,"max_hp_loss":0,"event_name":"WeMeetAgain","floor":20,"gold_loss":0}],"is_beta":false,"boss_relics":[{"not_picked":["Philosopher\u0027s Stone","Tiny House"],"picked":"Busted Crown"}],"items_purged_floors":[],"is_endless":false,"potions_floor_spawned":[3,4,6,11,21,22],"killed_by":"Snecko","ascension_level":0}