{"gold_per_floor":[367,317,23,43,143,143,176,191,191,191,191,204,204,218,218,218],"floor_reached":16,"playtime":2032,"items_purged":[],"score":135,"play_id":"c6772a29-f8d5-424c-a586-8917f4493524","local_time":"20181106085030","is_ascension_mode":true,"campfire_choices":[{"floor":6,"key":"REST"},{"floor":10,"key":"REST"},{"data":"Loop","floor":13,"key":"SMITH"},{"floor":15,"key":"REST"}],"neow_cost":"PERCENT_DAMAGE","seed_source_timestamp":2362146857387287,"circlet_count":0,"master_deck":["Strike_B","Strike_B","Strike_B","Defend_B","Defend_B","Defend_B","Defend_B","Zap","Dualcast","Capacitor","Conserve Battery+1","Genetic Algorithm+1","Loop+1","Stack+1"],"relics":["Cracked Core","Toxic Egg 2","Bottled Tornado","Bronze Scales"],"potions_floor_usage":[7,14],"damage_taken":[{"damage":4,"enemies":"2 Louse","floor":1,"turns":3},{"damage":0,"enemies":"Cultist","floor":4,"turns":3},{"damage":38,"enemies":"Lagavulin","floor":7,"turns":8},{"damage":0,"enemies":"Small Slimes","floor":8,"turns":3},{"damage":6,"enemies":"2 Fungi Beasts","floor":12,"turns":3},{"damage":19,"enemies":"Exordium Wildlife","floor":14,"turns":4},{"damage":49,"enemies":"Hexaghost","floor":16,"turns":12}],"seed_played":"4284973161467238896","potions_obtained":[{"floor":4,"key":"Energy Potion"},{"floor":8,"key":"Poison Potion"},{"floor":14,"key":"Ancient Potion"}],"is_trial":false,"path_per_floor":["M","?","$","M","?","R","E","M","T","R","?","M","R","M","R","B"],"character_chosen":"DEFECT","items_purchased":["Toxic Egg 2","Conserve Battery+1"],"campfire_rested":3,"item_purchase_floors":[3,3],"current_hp_per_floor":[46,46,46,46,46,68,30,30,30,52,52,46,46,27,49,0],"gold":218,"neow_bonus":"TWO_FIFTY_GOLD","is_prod":false,"is_daily":false,"chose_seed":false,"campfire_upgraded":1,"win_rate":0,"timestamp":1541512230,"path_taken":["M","?","$","M","?","R","E","?","T","R","?","M","R","M","R","BOSS"],"build_version":"2018-11-01","purchased_purges":0,"victory":false,"max_hp_per_floor":[75,75,75,75,75,75,75,75,75,75,75,75,75,75,75,75],"card_choices":[{"not_picked":["Barrage","Reprogram"],"picked":"Capacitor","floor":1},{"not_picked":["Rebound","Hologram+1"],"picked":"Genetic Algorithm+1","floor":4},{"not_picked":["Static Discharge","Blizzard"],"picked":"Loop","floor":7},{"not_picked":["Force Field+1","Storm"],"picked":"Stack+1","floor":8},{"not_picked":["Hello World","Steam+1","Redo+1"],"picked":"SKIP","floor":12},{"not_picked":["Hello World","Beam Cell","Barrage"],"picked":"SKIP","floor":14}],"player_experience":474599,"relics_obtained":[{"floor":7,"key":"Bottled Tornado"},{"floor":9,"key":"Bronze Scales"}],"event_choices":[{"cards_removed":["Strike_B"],"damage_healed":0,"gold_gain":0,"player_choice":"Card Removal","damage_taken":0,"max_hp_gain":0,"max_hp_loss":0,"event_name":"The Cleric","floor":2,"gold_loss":50},{"damage_healed":0,"gold_gain":100,"player_choice":"Gold","damage_taken":0,"max_hp_gain":0,"max_hp_loss":0,"event_name":"Wheel of Change","floor":5,"gold_loss":0},{"damage_healed":0,"gold_gain":0,"player_choice":"Ignored","damage_taken":0,"max_hp_gain":0,"max_hp_loss":0,"event_name":"Liars Game","floor":11,"gold_loss":0}],"is_beta":false,"boss_relics":[],"items_purged_floors":[],"is_endless":false,"potions_floor_spawned":[4,8,14],"killed_by":"Hexaghost","ascension_level":7}