{"gold_per_floor":[111,122,122,122,134,166,166,166,166,176,176,326,23,34,34,109,109,119,119,131,147,147,147,176,176,257,257,288,313,325,2,2,2],"floor_reached":33,"playtime":2491,"items_purged":["Doubt"],"score":616,"play_id":"31cfddb1-cd73-4caa-8e21-c4f0e889762b","local_time":"20190109210856","is_ascension_mode":true,"campfire_choices":[{"floor":7,"key":"REST"},{"data":"Flechettes","floor":11,"key":"SMITH"},{"data":"Catalyst","floor":15,"key":"SMITH"},{"floor":23,"key":"REST"},{"data":"Crippling Poison","floor":25,"key":"SMITH"},{"floor":32,"key":"REST"}],"neow_cost":"NONE","seed_source_timestamp":43303946402100,"circlet_count":0,"master_deck":["AscendersBane","Defend_G+1","Defend_G","Defend_G","Defend_G","Defend_G","Strike_G","Strike_G","Strike_G","Strike_G","Strike_G","Survivor","Neutralize+1","Backflip","Backstab","Flechettes+1","Underhanded Strike+1","Crippling Poison+1","Catalyst+1","Skewer+1","Dagger Spray+1","Glass Knife+1","Cloak And Dagger","Flechettes+1","Choke+1","Cloak And Dagger","Backflip","After Image+1","PiercingWail"],"relics":["Snecko Eye","Molten Egg 2","Bag of Marbles","WristBlade","Frozen Egg 2","Singing Bowl","Nilry\u0027s Codex","Red Mask","Letter Opener","Ninja Scroll"],"potions_floor_usage":[6,28,29,33,33],"damage_taken":[{"damage":0,"enemies":"2 Louse","floor":1,"turns":4},{"damage":0,"enemies":"Jaw Worm","floor":2,"turns":5},{"damage":2,"enemies":"Small Slimes","floor":5,"turns":4},{"damage":40,"enemies":"Lagavulin","floor":6,"turns":8},{"damage":0,"enemies":"3 Louse","floor":10,"turns":2},{"damage":0,"enemies":"2 Fungi Beasts","floor":14,"turns":2},{"damage":10,"enemies":"The Guardian","floor":16,"turns":9},{"damage":0,"enemies":"3 Byrds","floor":18,"turns":3},{"damage":0,"enemies":"Chosen","floor":20,"turns":2},{"damage":14,"enemies":"Snake Plant","floor":21,"turns":3},{"damage":0,"enemies":"Gremlin Leader","floor":24,"turns":4},{"damage":6,"enemies":"Masked Bandits","floor":28,"turns":3},{"damage":7,"enemies":"Slavers","floor":29,"turns":3},{"damage":0,"enemies":"Centurion and Healer","floor":30,"turns":3},{"damage":51,"enemies":"Automaton","floor":33,"turns":10}],"seed_played":"-5403389098378365643","potions_obtained":[{"floor":2,"key":"GamblersBrew"},{"floor":5,"key":"Swift Potion"},{"floor":16,"key":"Fire Potion"},{"floor":19,"key":"Dexterity Potion"},{"floor":29,"key":"SkillPotion"},{"floor":30,"key":"Energy Potion"}],"is_trial":false,"path_per_floor":["M","M","?","?","M","E","R","?","T","M","R","?","$","M","R","B",null,"M","?","M","M","?","R","E","R","T","?","?","E","M","$","R","B"],"character_chosen":"THE_SILENT","items_purchased":["Catalyst","Skewer+1","Block Potion","Ninja Scroll","PiercingWail"],"campfire_rested":3,"item_purchase_floors":[13,13,13,31,31],"current_hp_per_floor":[59,59,64,43,41,1,22,22,22,22,22,22,22,22,22,12,56,56,56,56,42,42,63,63,63,63,42,36,29,29,29,50,0],"gold":2,"neow_bonus":"BOSS_RELIC","is_prod":false,"is_daily":false,"chose_seed":false,"campfire_upgraded":3,"win_rate":0,"timestamp":1547086136,"path_taken":["M","M","?","?","M","E","R","?","T","M","R","?","$","M","R","BOSS","M","?","?","M","?","R","E","R","T","?","?","E","M","$","R","BOSS"],"build_version":"2018-12-20","purchased_purges":1,"victory":false,"max_hp_per_floor":[66,66,71,71,71,71,71,71,71,71,71,71,71,71,71,71,71,71,71,71,71,71,71,71,71,71,71,71,71,71,71,71,71],"card_choices":[{"not_picked":["Quick Slash","PiercingWail"],"picked":"Backflip","floor":1},{"not_picked":["Accuracy","Blade Dance"],"picked":"Backstab","floor":2},{"not_picked":["All Out Attack","Bane"],"picked":"Flechettes","floor":5},{"not_picked":["Poisoned Stab","Adrenaline"],"picked":"Underhanded Strike","floor":6},{"not_picked":["Backstab+1","Blade Dance"],"picked":"Crippling Poison","floor":10},{"not_picked":["Skewer+1","Sucker Punch+1"],"picked":"Dagger Spray+1","floor":14},{"not_picked":["Grand Finale+1","Venomology"],"picked":"Glass Knife+1","floor":16},{"not_picked":["Deflect+1","Terror"],"picked":"Cloak And Dagger","floor":18},{"not_picked":["Poisoned Stab+1","Tactician"],"picked":"Flechettes+1","floor":20},{"not_picked":["Reflex","Bane+1","Outmaneuver"],"picked":"SKIP","floor":21},{"not_picked":["Skewer+1","Bane+1"],"picked":"Choke+1","floor":24},{"not_picked":["Infinite Blades+1","Backstab+1"],"picked":"Cloak And Dagger","floor":28},{"not_picked":["Eviscerate+1","Quick Slash+1"],"picked":"Backflip","floor":29},{"not_picked":["Skewer+1","Leg Sweep"],"picked":"After Image+1","floor":30}],"player_experience":1877242,"relics_obtained":[{"floor":6,"key":"Molten Egg 2"},{"floor":9,"key":"Bag of Marbles"},{"floor":24,"key":"Frozen Egg 2"},{"floor":26,"key":"Singing Bowl"},{"floor":27,"key":"Nilry\u0027s Codex"},{"floor":28,"key":"Red Mask"},{"floor":29,"key":"Letter Opener"}],"event_choices":[{"damage_healed":0,"gold_gain":0,"player_choice":"Donut","damage_taken":0,"max_hp_gain":5,"max_hp_loss":0,"event_name":"Big Fish","floor":3,"gold_loss":0},{"damage_healed":0,"gold_gain":0,"player_choice":"Entered Light","damage_taken":21,"max_hp_gain":0,"max_hp_loss":0,"event_name":"Shining Light","floor":4,"gold_loss":0,"cards_upgraded":["Defend_G","Neutralize"]},{"damage_healed":0,"gold_gain":0,"player_choice":"Searched \u00270\u0027 times","damage_taken":0,"max_hp_gain":0,"max_hp_loss":0,"event_name":"Dead Adventurer","floor":8,"gold_loss":0},{"damage_healed":0,"gold_gain":150,"player_choice":"AGREE","damage_taken":0,"max_hp_gain":0,"max_hp_loss":0,"event_name":"Liars Game","floor":12,"gold_loss":0,"cards_obtained":["Doubt"]},{"damage_healed":0,"gold_gain":0,"player_choice":"Got Potions","damage_taken":0,"max_hp_gain":0,"max_hp_loss":0,"event_name":"Lab","floor":19,"gold_loss":0},{"damage_healed":0,"gold_gain":0,"player_choice":"Ignored","damage_taken":0,"max_hp_gain":0,"max_hp_loss":0,"event_name":"Ghosts","floor":22,"gold_loss":0},{"damage_healed":0,"gold_gain":0,"player_choice":"Obtained Book","damage_taken":21,"max_hp_gain":0,"max_hp_loss":0,"event_name":"Cursed Tome","floor":27,"gold_loss":0},{"damage_healed":0,"gold_gain":0,"player_choice":"Fought Bandits","damage_taken":0,"max_hp_gain":0,"max_hp_loss":0,"event_name":"Masked Bandits","floor":28,"gold_loss":0}],"is_beta":true,"boss_relics":[{"not_picked":["Calling Bell","Busted Crown"],"picked":"WristBlade"}],"items_purged_floors":[13],"is_endless":false,"potions_floor_spawned":[2,5,14,16,24,29,30],"killed_by":"Automaton","ascension_level":20}