{"gold_per_floor":[113,38,57,57,68,94,94,44,68,88,118,118,14,28,28,101,101,114,114,134,182,132,132,157,168,168,62,62],"floor_reached":28,"playtime":802,"items_purged":["Defend_B","Defend_B","Pain","Strike_B"],"score":443,"play_id":"d065168e-0d2f-4a24-8b72-c944f113936e","local_time":"20181230162151","is_ascension_mode":true,"campfire_choices":[{"data":"Blizzard","floor":7,"key":"SMITH"},{"floor":12,"key":"REST"},{"data":"Rebound","floor":15,"key":"SMITH"},{"data":"Chill","floor":23,"key":"SMITH"}],"neow_cost":"NONE","seed_source_timestamp":253915134670332,"circlet_count":0,"master_deck":["AscendersBane","Strike_B","Defend_B+1","Defend_B+1","Zap","Dualcast","Blizzard+1","Leap","Cold Snap","Ball Lightning","Cold Snap","Undo","Conserve Battery","Rebound+1","Reboot","Cold Snap","Chill+1","Hologram","Coolheaded","Compile Driver"],"relics":["Cracked Core","NeowsBlessing","Smiling Mask","Happy Flower","War Paint","Sozu","WarpedTongs","Strawberry","Bag of Marbles","Sundial"],"potions_floor_usage":[16,16,28],"damage_taken":[{"damage":0,"enemies":"Jaw Worm","floor":1,"turns":1},{"damage":0,"enemies":"2 Louse","floor":3,"turns":1},{"damage":0,"enemies":"Cultist","floor":5,"turns":1},{"damage":24,"enemies":"Lagavulin","floor":6,"turns":9},{"damage":11,"enemies":"Exordium Wildlife","floor":10,"turns":3},{"damage":15,"enemies":"3 Sentries","floor":11,"turns":7},{"damage":9,"enemies":"Lots of Slimes","floor":14,"turns":3},{"damage":23,"enemies":"The Guardian","floor":16,"turns":13},{"damage":3,"enemies":"Spheric Guardian","floor":18,"turns":4},{"damage":7,"enemies":"Chosen","floor":20,"turns":4},{"damage":14,"enemies":"Slavers","floor":24,"turns":5},{"damage":9,"enemies":"Snake Plant","floor":25,"turns":4},{"damage":29,"enemies":"Book of Stabbing","floor":28,"turns":4}],"seed_played":"-6721308449597017036","potions_obtained":[{"floor":3,"key":"Swift Potion"},{"floor":5,"key":"Weak Potion"},{"floor":16,"key":"Block Potion"}],"is_trial":false,"path_per_floor":["M","?","M","?","M","E","R","$","T","M","E","R","$","M","R","B",null,"M","?","M","T","$","R","E","M","T","$","E"],"character_chosen":"DEFECT","items_purchased":["Conserve Battery","Compile Driver"],"campfire_rested":1,"item_purchase_floors":[13,27],"current_hp_per_floor":[64,64,64,64,64,40,40,40,40,29,14,35,35,26,26,3,54,51,51,44,51,51,51,37,28,28,28,0],"gold":62,"neow_bonus":"THREE_ENEMY_KILL","is_prod":false,"is_daily":false,"chose_seed":false,"campfire_upgraded":3,"win_rate":0,"timestamp":1546204911,"path_taken":["M","?","M","?","M","E","R","$","T","?","E","R","$","M","R","BOSS","M","?","?","?","$","R","E","M","T","$","E"],"build_version":"2018-12-20","purchased_purges":4,"victory":false,"max_hp_per_floor":[71,71,71,71,71,71,71,71,71,71,71,71,71,71,71,71,71,71,71,71,78,78,78,78,78,78,78,78],"card_choices":[{"not_picked":["Ball Lightning","Steam"],"picked":"Blizzard","floor":1},{"not_picked":["Steam","Stack"],"picked":"Leap","floor":3},{"not_picked":["Steam","Ball Lightning"],"picked":"Cold Snap","floor":5},{"not_picked":["Consume","Static Discharge"],"picked":"Ball Lightning","floor":6},{"not_picked":["Auto Shields","Blizzard"],"picked":"Cold Snap","floor":10},{"not_picked":["Barrage","Ball Lightning"],"picked":"Undo","floor":11},{"not_picked":["Steam","Leap"],"picked":"Rebound","floor":14},{"not_picked":["Multi-Cast","Hyperbeam"],"picked":"Reboot","floor":16},{"not_picked":["Auto Shields","Redo"],"picked":"Cold Snap","floor":18},{"not_picked":["Cold Snap","Ball Lightning"],"picked":"Chill","floor":20},{"not_picked":["Auto Shields","Scrape"],"picked":"Hologram","floor":24},{"not_picked":["Lockon+1","Skim"],"picked":"Coolheaded","floor":25}],"player_experience":452640,"relics_obtained":[{"floor":6,"key":"Smiling Mask"},{"floor":9,"key":"Happy Flower"},{"floor":11,"key":"War Paint"},{"floor":21,"key":"Strawberry"},{"floor":24,"key":"Bag of Marbles"},{"floor":26,"key":"Sundial"}],"event_choices":[{"cards_removed":["Strike_B"],"damage_healed":0,"gold_gain":0,"player_choice":"Card Removal","damage_taken":0,"max_hp_gain":0,"max_hp_loss":0,"event_name":"The Cleric","floor":2,"gold_loss":75},{"cards_removed":["Strike_B"],"damage_healed":0,"gold_gain":0,"player_choice":"Offered Basic","damage_taken":0,"max_hp_gain":0,"max_hp_loss":0,"event_name":"Bonfire Elementals","floor":4,"gold_loss":0},{"damage_healed":0,"gold_gain":0,"player_choice":"Rummage","damage_taken":0,"relics_obtained":["WarpedTongs"],"max_hp_gain":0,"max_hp_loss":0,"event_name":"Accursed Blacksmith","floor":19,"gold_loss":0,"cards_obtained":["Pain"]}],"is_beta":false,"boss_relics":[{"not_picked":["Philosopher\u0027s Stone","Coffee Dripper"],"picked":"Sozu"}],"items_purged_floors":[8,13,22,27],"is_endless":false,"potions_floor_spawned":[3,5,10,16,20,24],"killed_by":"Book of Stabbing","ascension_level":16}