{"gold_per_floor":[114,114,214,226,117,147,164,189,265,282,282],"floor_reached":11,"playtime":318,"items_purged":["Strike_B"],"score":130,"play_id":"ae09abb9-6a09-42a8-b1cf-c369a0938a8d","local_time":"20181202211417","is_ascension_mode":true,"campfire_choices":[],"neow_cost":"NONE","seed_source_timestamp":173880847686053,"circlet_count":0,"master_deck":["Strike_B","Strike_B","Strike_B","Defend_B","Defend_B","Defend_B","Defend_B","Zap","Dualcast","Go for the Eyes","Scrape","Conserve Battery","Gash","Steam Power","Rebound"],"relics":["Cracked Core","NeowsBlessing","Ancient Tea Set","Bronze Scales","PreservedInsect","Cables","NlothsMask"],"potions_floor_usage":[],"damage_taken":[{"damage":0,"enemies":"Cultist","floor":1,"turns":1},{"damage":0,"enemies":"Small Slimes","floor":4,"turns":1},{"damage":0,"enemies":"3 Sentries","floor":6,"turns":1},{"damage":7,"enemies":"2 Louse","floor":7,"turns":2},{"damage":41,"enemies":"Lagavulin","floor":8,"turns":7},{"damage":10,"enemies":"Lots of Slimes","floor":10,"turns":3}],"seed_played":"-4533680607417093042","potions_obtained":[{"floor":4,"key":"Ancient Potion"},{"floor":6,"key":"SteroidPotion"},{"floor":7,"key":"Energy Potion"}],"is_trial":false,"path_per_floor":["M","T","?","M","$","E","M","E","T","M","?"],"character_chosen":"DEFECT","items_purchased":["Scrape"],"campfire_rested":0,"item_purchase_floors":[5],"current_hp_per_floor":[75,75,75,75,75,75,68,27,27,17,17],"gold":282,"neow_bonus":"THREE_ENEMY_KILL","is_prod":false,"is_daily":false,"chose_seed":false,"campfire_upgraded":0,"win_rate":0,"timestamp":1543803257,"path_taken":["M","?","?","?","$","E","M","E","T","M","?"],"build_version":"2018-11-15","purchased_purges":1,"victory":false,"max_hp_per_floor":[75,75,75,75,75,75,75,75,75,75,75],"card_choices":[{"not_picked":["Steam","Barrage"],"picked":"Go for the Eyes","floor":1},{"not_picked":["Recycle","Double Energy","Capacitor"],"picked":"SKIP","floor":4},{"not_picked":["White Noise","Redo"],"picked":"Conserve Battery","floor":6},{"not_picked":["Capacitor","Conserve Battery"],"picked":"Gash","floor":7},{"not_picked":["Hello World","Cold Snap"],"picked":"Steam Power","floor":8},{"not_picked":["Leap","Sweeping Beam"],"picked":"Rebound","floor":10}],"player_experience":247799,"relics_obtained":[{"floor":2,"key":"Ancient Tea Set"},{"floor":6,"key":"Bronze Scales"},{"floor":8,"key":"PreservedInsect"},{"floor":9,"key":"Cables"}],"event_choices":[{"damage_healed":0,"gold_gain":100,"player_choice":"Gold","damage_taken":0,"max_hp_gain":0,"max_hp_loss":0,"event_name":"Wheel of Change","floor":3,"gold_loss":0},{"damage_healed":0,"gold_gain":0,"player_choice":"Trade","damage_taken":0,"relics_obtained":["NlothsMask"],"max_hp_gain":0,"max_hp_loss":0,"event_name":"FaceTrader","floor":11,"gold_loss":0}],"is_beta":false,"boss_relics":[],"items_purged_floors":[5],"is_endless":false,"potions_floor_spawned":[4,6,7],"ascension_level":4}