{"path_per_floor":["M","?","?","M","?","E","R","M","T","R","$","?","M","M","R"],"character_chosen":"DEFECT","items_purchased":[],"gold_per_floor":[18,18,18,29,29,70,70,90,90,90,15,190,211,224,224,224],"floor_reached":16,"campfire_rested":1,"playtime":1012,"item_purchase_floors":[],"current_hp_per_floor":[74,74,74,75,57,19,19,18,18,18,18,18,19,21,43,0],"items_purged":["Strike_B"],"gold":224,"score":100,"play_id":"f618a540-1a40-4021-93a0-4f81d5727f7b","local_time":"20180530144302","is_prod":false,"is_daily":false,"chose_seed":false,"is_ascension_mode":false,"campfire_upgraded":2,"win_rate":0,"timestamp":1527658982,"campfire_choices":[{"data":"Fusion","floor":7,"key":"SMITH"},{"data":"Dualcast","floor":10,"key":"SMITH"},{"floor":15,"key":"REST"}],"path_taken":["M","?","?","M","?","E","R","M","T","R","$","?","?","M","R","BOSS"],"build_version":"2018-05-28","seed_source_timestamp":57482937809101,"purchased_purges":1,"victory":false,"master_deck":["Strike_B","Strike_B","Defend_B","Defend_B","Defend_B","Defend_B","Zap","Dualcast+1","Sweeping Beam","White Noise","Fusion+1","Coolheaded","Stack","Doubt","Aggregate","Rainbow"],"max_hp_per_floor":[75,75,75,75,75,75,75,75,75,75,75,75,75,75,75,75],"relics":["Cracked Core","Bird Faced Urn","Golden Idol","Orichalcum","Meat on the Bone"],"card_choices":[{"not_picked":["Leap","Stack"],"picked":"Sweeping Beam","floor":1},{"not_picked":["Beam Cell","Go for the Eyes"],"picked":"Fusion","floor":4},{"not_picked":["Sweeping Beam","Steam"],"picked":"Coolheaded","floor":6},{"not_picked":["Steam","Compile Driver"],"picked":"Stack","floor":8},{"not_picked":["Steam","Auto Shields"],"picked":"Aggregate","floor":13},{"not_picked":["Beam Cell","Barrage"],"picked":"Rainbow","floor":14}],"player_experience":201001,"potions_floor_usage":[14],"damage_taken":[{"damage":1,"enemies":"2 Louse","floor":1,"turns":2},{"damage":8,"enemies":"Jaw Worm","floor":4,"turns":3},{"damage":40,"enemies":"Lagavulin","floor":6,"turns":9},{"damage":3,"enemies":"Small Slimes","floor":8,"turns":3},{"damage":13,"enemies":"3 Louse","floor":13,"turns":5},{"damage":22,"enemies":"Exordium Wildlife","floor":14,"turns":6},{"damage":56,"enemies":"The Guardian","floor":16,"turns":12}],"relics_obtained":[{"floor":6,"key":"Orichalcum"},{"floor":9,"key":"Meat on the Bone"}],"event_choices":[{"event_name":"The Cleric","player_choice":"Leave","floor":2,"damage_taken":0},{"event_name":"Living Wall","player_choice":"Change","floor":3,"damage_taken":0},{"event_name":"Golden Idol","player_choice":"Take Damage","floor":5,"damage_taken":0},{"event_name":"Liars Game","player_choice":"agreed","floor":12,"damage_taken":0}],"boss_relics":[],"items_purged_floors":[11],"potions_floor_spawned":[13,14],"seed_played":"-1370823691262692720","killed_by":"The Guardian","ascension_level":0,"potions_obtained":[{"floor":13,"key":"AttackPotion"},{"floor":14,"key":"Energy Potion"}],"is_trial":false}