{"gold_per_floor":[117,137,148,165,1,34,46,46,70,70,18,34,34,64,76,88],"floor_reached":16,"playtime":768,"items_purged":[],"score":123,"play_id":"67b07e6f-93f8-4d82-8385-a1e9c3fb1ebf","local_time":"20190209100317","is_ascension_mode":true,"campfire_choices":[{"floor":8,"key":"REST"},{"data":"White Noise","floor":10,"key":"SMITH"},{"data":"Blind","floor":15,"key":"SMITH"}],"neow_cost":"NONE","seed_source_timestamp":128055486442649,"circlet_count":0,"master_deck":["Strike_B","Strike_B","Strike_B","Defend_B","Defend_B","Defend_B","Defend_B","Zap","Dualcast","White Noise+1","Capacitor","Blind+1","Capacitor","Coolheaded","Coolheaded","Coolheaded","FTL","Force Field","Self Repair"],"relics":["Cracked Core","Sundial","Anchor","MawBank"],"potions_floor_usage":[6,6,14,16,16],"damage_taken":[{"damage":0,"enemies":"Cultist","floor":1,"turns":3},{"damage":3,"enemies":"2 Louse","floor":2,"turns":2},{"damage":2,"enemies":"Jaw Worm","floor":3,"turns":3},{"damage":27,"enemies":"Large Slime","floor":4,"turns":7},{"damage":34,"enemies":"3 Sentries","floor":6,"turns":8},{"damage":6,"enemies":"Exordium Wildlife","floor":7,"turns":4},{"damage":3,"enemies":"2 Fungi Beasts","floor":12,"turns":3},{"damage":14,"enemies":"Lagavulin","floor":14,"turns":8},{"damage":32,"enemies":"Slime Boss","floor":16,"turns":8}],"seed_played":"1526754232037050823","potions_obtained":[{"floor":1,"key":"SteroidPotion"},{"floor":3,"key":"SteroidPotion"},{"floor":7,"key":"Regen Potion"},{"floor":12,"key":"EssenceOfSteel"},{"floor":14,"key":"SkillPotion"}],"is_trial":false,"path_per_floor":["M","M","M","M","$","E","M","R","T","R","$","M","?","E","R","B"],"character_chosen":"DEFECT","items_purchased":["Blind","Capacitor","Coolheaded"],"campfire_rested":1,"item_purchase_floors":[5,5,11],"current_hp_per_floor":[82,79,77,50,50,16,10,34,34,34,34,31,31,32,32,0],"gold":88,"neow_bonus":"TEN_PERCENT_HP_BONUS","is_prod":false,"is_daily":false,"chose_seed":false,"campfire_upgraded":2,"win_rate":0,"timestamp":1549735397,"path_taken":["M","M","M","M","$","E","M","R","T","R","?","M","?","E","R","BOSS"],"build_version":"2019-01-23","purchased_purges":0,"victory":false,"max_hp_per_floor":[82,82,82,82,82,82,82,82,82,82,82,82,82,82,82,82],"card_choices":[{"not_picked":["Double Energy","Barrage","Reprogram"],"picked":"SKIP","floor":1},{"not_picked":["Hologram","Coolheaded"],"picked":"White Noise","floor":2},{"not_picked":["Rebound","Redo"],"picked":"Capacitor","floor":3},{"not_picked":["Beam Cell","Recycle","Double Energy"],"picked":"SKIP","floor":4},{"not_picked":["Turbo","Blizzard"],"picked":"Coolheaded","floor":6},{"not_picked":["Fusion","Undo"],"picked":"Coolheaded","floor":7},{"not_picked":["Ball Lightning","Barrage"],"picked":"FTL","floor":12},{"not_picked":["Aggregate","BootSequence"],"picked":"Self Repair","floor":14}],"player_experience":319162,"relics_obtained":[{"floor":6,"key":"Sundial"},{"floor":9,"key":"Anchor"},{"floor":14,"key":"MawBank"}],"event_choices":[{"damage_healed":0,"gold_gain":0,"cards_transformed":["Strike_B"],"player_choice":"Change","damage_taken":0,"max_hp_gain":0,"max_hp_loss":0,"event_name":"Living Wall","floor":13,"gold_loss":0,"cards_obtained":["Force Field"]}],"is_beta":false,"boss_relics":[],"items_purged_floors":[],"is_endless":false,"potions_floor_spawned":[1,3,7,12,14],"killed_by":"Slime Boss","ascension_level":2}