{"gold_per_floor":[112,112,112,112,122,149,168,20,20,50,66,80,99,132,132,233,233,244,244,264,264,274,300,320,320,320,320,335,335,367,377,377,474,474,485,501,546,600,216,216,244,244,271,287,303,160,193,193,193,193],"floor_reached":51,"playtime":3527,"items_purged":["Defend_G","Burst"],"score":896,"play_id":"c12718cc-1424-45b0-8bae-719bceb06fcd","local_time":"20190109112228","is_ascension_mode":true,"campfire_choices":[{"floor":15,"key":"REST"},{"data":"Bullet Time","floor":27,"key":"SMITH"},{"floor":32,"key":"REST"},{"floor":40,"key":"REST"},{"data":"Accuracy","floor":42,"key":"SMITH"},{"floor":49,"key":"REST"}],"neow_cost":"NONE","seed_source_timestamp":44414129305849,"circlet_count":0,"master_deck":["Neutralize+1","Dagger Throw+1","Well Laid Plans","Blade Dance","Terror","Accuracy+1","Backstab","Blade Dance","Backflip","Backstab","Malaise","Expertise","Deflect","Venomology","Blur","Backstab","Predator+1","Infinite Blades","PiercingWail+1","Bullet Time+1","Noxious Fumes","Caltrops","Slice+1","Envenom","A Thousand Cuts","Infinite Blades","Blade Dance+1"],"relics":["Ring of the Snake","NeowsBlessing","Ornamental Fan","Regal Pillow","Dodecahedron","PreservedInsect","Pocketwatch","MutagenicStrength","Nloth\u0027s Gift","Ancient Tea Set","Oddly Smooth Stone","Boot","Busted Crown","Torii","Whetstone","HandDrill","Pantograph","Strawberry","Snake Skull","Bag of Preparation"],"potions_floor_usage":[11,13,20,22,23,24,28,31,31,33,33,33,35,37,41,41,45,45,47,50,50],"damage_taken":[{"damage":0,"enemies":"Cultist","floor":1,"turns":1},{"damage":0,"enemies":"Jaw Worm","floor":5,"turns":1},{"damage":0,"enemies":"3 Sentries","floor":6,"turns":1},{"damage":0,"enemies":"Small Slimes","floor":7,"turns":2},{"damage":20,"enemies":"Gremlin Nob","floor":10,"turns":4},{"damage":8,"enemies":"Gremlin Gang","floor":11,"turns":3},{"damage":0,"enemies":"Blue Slaver","floor":12,"turns":3},{"damage":0,"enemies":"Looter","floor":13,"turns":1},{"damage":18,"enemies":"Lagavulin","floor":14,"turns":3},{"damage":0,"enemies":"Slime Boss","floor":16,"turns":8},{"damage":3,"enemies":"Shell Parasite","floor":18,"turns":3},{"damage":13,"enemies":"2 Thieves","floor":20,"turns":3},{"damage":3,"enemies":"Snake Plant","floor":22,"turns":3},{"damage":2,"enemies":"Gremlin Leader","floor":23,"turns":5},{"damage":6,"enemies":"Shelled Parasite and Fungi","floor":24,"turns":3},{"damage":10,"enemies":"Snecko","floor":28,"turns":3},{"damage":5,"enemies":"Book of Stabbing","floor":30,"turns":4},{"damage":9,"enemies":"Centurion and Healer","floor":31,"turns":4},{"damage":60,"enemies":"Collector","floor":33,"turns":8},{"damage":6,"enemies":"3 Shapes","floor":35,"turns":5},{"damage":0,"enemies":"Orb Walker","floor":36,"turns":1},{"damage":48,"enemies":"2 Orb Walkers","floor":37,"turns":5},{"damage":13,"enemies":"Reptomancer","floor":41,"turns":5},{"damage":23,"enemies":"Writhing Mass","floor":44,"turns":5},{"damage":20,"enemies":"4 Shapes","floor":45,"turns":7},{"damage":9,"enemies":"Giant Head","floor":47,"turns":5},{"damage":59,"enemies":"Donu and Deca","floor":50,"turns":7}],"seed_played":"5268713377732455280","potions_obtained":[{"floor":10,"key":"Explosive Potion"},{"floor":11,"key":"Explosive Potion"},{"floor":12,"key":"Swift Potion"},{"floor":14,"key":"Weak Potion"},{"floor":16,"key":"Dexterity Potion"},{"floor":18,"key":"PowerPotion"},{"floor":23,"key":"AttackPotion"},{"floor":30,"key":"Regen Potion"},{"floor":31,"key":"FearPotion"},{"floor":36,"key":"Regen Potion"},{"floor":41,"key":"Ancient Potion"}],"is_trial":false,"path_per_floor":["M","T","?","?","M","E","M","$","T","E","M","M","M","E","R","B",null,"M","?","M","?","M","E","M","?","T","R","M","?","E","M","R","B",null,"M","M","?","T","$","R","E","R","T","M","M","$","E","?","R","B",null],"character_chosen":"THE_SILENT","items_purchased":["Accuracy","HandDrill","Infinite Blades","Snake Skull"],"campfire_rested":4,"item_purchase_floors":[8,39,39,46],"current_hp_per_floor":[70,70,70,70,70,70,70,70,70,50,42,42,42,24,60,60,70,67,67,54,54,60,58,52,52,52,52,42,42,37,37,70,10,70,64,64,28,28,28,64,51,51,58,35,15,15,6,6,44,10],"gold":193,"neow_bonus":"THREE_ENEMY_KILL","is_prod":false,"is_daily":false,"chose_seed":false,"campfire_upgraded":2,"win_rate":0,"timestamp":1547050948,"path_taken":["M","?","?","?","M","E","M","$","T","E","M","?","M","E","R","BOSS","M","?","M","?","?","E","M","?","T","R","M","?","E","?","R","BOSS","M","M","?","?","$","R","E","R","T","?","M","$","E","?","R","BOSS"],"build_version":"2019-01-03v4","purchased_purges":2,"victory":true,"max_hp_per_floor":[70,70,70,70,70,70,70,70,70,70,70,70,70,70,70,70,70,70,70,70,70,70,70,70,70,70,70,70,70,70,70,70,70,70,70,70,70,70,70,70,70,70,77,77,77,77,77,77,77,77],"card_choices":[{"not_picked":["Bane","All Out Attack"],"picked":"Dagger Throw","floor":1},{"not_picked":["Setup","Predator"],"picked":"Well Laid Plans","floor":5},{"not_picked":["Escape Plan","Underhanded Strike"],"picked":"Blade Dance","floor":6},{"not_picked":["Concentrate","Burst"],"picked":"Terror","floor":7},{"not_picked":["Skewer","Dodge and Roll"],"picked":"Backstab","floor":10},{"not_picked":["Quick Slash","Prepared"],"picked":"Blade Dance","floor":11},{"not_picked":["Heel Hook","Calculated Gamble"],"picked":"Backflip","floor":12},{"not_picked":["Dagger Spray","Bane"],"picked":"Backstab","floor":13},{"not_picked":["Escape Plan","Expertise","Grand Finale"],"picked":"SKIP","floor":14},{"not_picked":["Tools of the Trade","Adrenaline"],"picked":"Malaise","floor":16},{"not_picked":["Catalyst","Dagger Throw"],"picked":"Infinite Blades","floor":18},{"not_picked":["Crippling Poison","Acrobatics"],"picked":"PiercingWail+1","floor":20},{"not_picked":["Prepared","Blade Dance"],"picked":"Bullet Time","floor":22},{"not_picked":["Underhanded Strike","Reflex"],"picked":"Noxious Fumes","floor":23},{"not_picked":["Concentrate","Bouncing Flask+1"],"picked":"Caltrops","floor":24},{"not_picked":["Flechettes","Underhanded Strike"],"picked":"Slice+1","floor":28},{"not_picked":["Acrobatics+1","Blade Dance"],"picked":"Envenom","floor":30},{"not_picked":["Tactician+1","Quick Slash+1","Leg Sweep"],"picked":"SKIP","floor":31},{"not_picked":["Phantasmal Killer","Glass Knife"],"picked":"A Thousand Cuts","floor":33},{"not_picked":["Blade Dance"],"picked":"SKIP","floor":35},{"not_picked":["Burst"],"picked":"SKIP","floor":36},{"not_picked":["Malaise"],"picked":"SKIP","floor":41},{"not_picked":[],"picked":"Blade Dance+1","floor":44},{"not_picked":["Poisoned Stab"],"picked":"SKIP","floor":45},{"not_picked":["Tools of the Trade"],"picked":"SKIP","floor":47}],"player_experience":187343,"relics_obtained":[{"floor":2,"key":"Ornamental Fan"},{"floor":6,"key":"Regal Pillow"},{"floor":9,"key":"Dodecahedron"},{"floor":10,"key":"PreservedInsect"},{"floor":14,"key":"Pocketwatch"},{"floor":23,"key":"Ancient Tea Set"},{"floor":26,"key":"Oddly Smooth Stone"},{"floor":30,"key":"Boot"},{"floor":37,"key":"Torii"},{"floor":38,"key":"Whetstone"},{"floor":41,"key":"Pantograph"},{"floor":43,"key":"Strawberry"},{"floor":47,"key":"Bag of Preparation"}],"event_choices":[{"damage_healed":0,"gold_gain":0,"player_choice":"Grow","damage_taken":0,"max_hp_gain":0,"max_hp_loss":0,"event_name":"Living Wall","floor":3,"gold_loss":0,"cards_upgraded":["Dagger Throw"]},{"cards_removed":["Strike_G"],"damage_healed":0,"gold_gain":0,"player_choice":"Card Removal","damage_taken":0,"max_hp_gain":0,"max_hp_loss":0,"event_name":"Wheel of Change","floor":4,"gold_loss":0},{"damage_healed":0,"gold_gain":0,"player_choice":"Inject Mutagens","damage_taken":0,"relics_obtained":["MutagenicStrength"],"max_hp_gain":0,"max_hp_loss":0,"event_name":"Drug Dealer","floor":19,"gold_loss":0},{"damage_healed":0,"gold_gain":0,"player_choice":"Traded Relic","damage_taken":0,"relics_obtained":["Nloth\u0027s Gift"],"max_hp_gain":0,"max_hp_loss":0,"event_name":"N\u0027loth","floor":21,"relics_lost":["Pandora\u0027s Box"],"gold_loss":0},{"damage_healed":0,"gold_gain":0,"player_choice":"Ignored","damage_taken":0,"max_hp_gain":0,"max_hp_loss":0,"event_name":"Ghosts","floor":25,"gold_loss":0},{"cards_removed":["Concentrate"],"damage_healed":0,"gold_gain":0,"player_choice":"Purged","damage_taken":0,"max_hp_gain":0,"max_hp_loss":0,"event_name":"Purifier","floor":29,"gold_loss":0},{"damage_healed":0,"gold_gain":0,"player_choice":"Fight","damage_taken":0,"max_hp_gain":0,"max_hp_loss":0,"event_name":"Mysterious Sphere","floor":37,"gold_loss":0},{"cards_removed":["Survivor"],"damage_healed":0,"gold_gain":0,"player_choice":"Removed Skill","damage_taken":0,"max_hp_gain":0,"max_hp_loss":0,"event_name":"Falling","floor":48,"gold_loss":0}],"is_beta":false,"boss_relics":[{"not_picked":["Ring of the Serpent","White Beast Statue"],"picked":"Pandora\u0027s Box"},{"not_picked":["Black Star","Velvet Choker"],"picked":"Busted Crown"}],"items_purged_floors":[8,39],"is_endless":false,"potions_floor_spawned":[10,11,12,14,16,18,20,23,30,31,36,41,44],"ascension_level":2}