{"gold_per_floor":[119,70,90,104,104,104,139,14,14,74,74,89,99,99,99,204,204,219,234,62,73,73,73,93,93,93,93,25,25,25,35,35,140,140,153,0,0,16,31,31,31,31,78,78,78,93,93,124,124,124],"floor_reached":50,"playtime":2510,"items_purged":["Defend_B","Defend_B"],"score":574,"play_id":"693e9df8-8f0d-4ecd-a9bf-b6a453e3e61a","local_time":"20181012162405","is_ascension_mode":true,"campfire_choices":[{"data":"Go for the Eyes","floor":6,"key":"SMITH"},{"floor":15,"key":"REST"},{"data":"Fission","floor":23,"key":"SMITH"},{"data":"Zap","floor":25,"key":"SMITH"},{"data":"Double Energy","floor":27,"key":"SMITH"},{"floor":29,"key":"REST"},{"floor":32,"key":"REST"},{"floor":40,"key":"REST"},{"data":"Buffer","floor":44,"key":"SMITH"},{"data":"Static Discharge","floor":47,"key":"SMITH"},{"floor":49,"key":"REST"}],"neow_cost":"TEN_PERCENT_HP_LOSS","seed_source_timestamp":0,"circlet_count":0,"master_deck":["Strike_B","Strike_B+1","Defend_B","Zap+1","Dualcast","Double Energy+1","Go for the Eyes+1","Static Discharge+1","Ball Lightning","Genetic Algorithm","FTL+1","Sunder","Ball Lightning","Heatsinks","Hello World","Fission+1","Scrape+1","Static Discharge+1","FTL","Buffer+1","Redo+1","Beam Cell+1"],"special_seed":0,"relics":["Cracked Core","Du-Vu Doll","Ornamental Fan","Tiny Chest","Omamori","Nuclear Battery","Calipers","Eternal Feather","Whetstone","FossilizedHelix","Strawberry","Turnip"],"potions_floor_usage":[7,16,24,37,39,46,46,46,50],"damage_taken":[{"damage":2,"enemies":"Jaw Worm","floor":1,"turns":4},{"damage":7,"enemies":"Small Slimes","floor":3,"turns":3},{"damage":1,"enemies":"Cultist","floor":4,"turns":3},{"damage":18,"enemies":"Gremlin Nob","floor":7,"turns":4},{"damage":25,"enemies":"Lagavulin","floor":10,"turns":5},{"damage":0,"enemies":"Looter","floor":12,"turns":2},{"damage":9,"enemies":"Blue Slaver","floor":13,"turns":2},{"damage":7,"enemies":"Slime Boss","floor":16,"turns":7},{"damage":6,"enemies":"Spheric Guardian","floor":18,"turns":3},{"damage":0,"enemies":"Chosen","floor":19,"turns":3},{"damage":25,"enemies":"Snake Plant","floor":21,"turns":4},{"damage":15,"enemies":"Centurion and Healer","floor":24,"turns":5},{"damage":0,"enemies":"Sentry and Sphere","floor":31,"turns":3},{"damage":59,"enemies":"Collector","floor":33,"turns":7},{"damage":13,"enemies":"Orb Walker","floor":35,"turns":4},{"damage":0,"enemies":"Mind Bloom Boss Battle","floor":37,"turns":3},{"damage":27,"enemies":"3 Darklings","floor":38,"turns":4},{"damage":6,"enemies":"Maw","floor":39,"turns":7},{"damage":0,"enemies":"Transient","floor":46,"turns":5},{"damage":40,"enemies":"2 Orb Walkers","floor":48,"turns":5},{"damage":100,"enemies":"Awakened One","floor":50,"turns":8}],"seed_played":"4590415550292853289","potions_obtained":[{"floor":4,"key":"Weak Potion"},{"floor":13,"key":"SkillPotion"},{"floor":21,"key":"Swift Potion"},{"floor":33,"key":"Explosive Potion"},{"floor":38,"key":"Swift Potion"},{"floor":41,"key":"SkillPotion"},{"floor":41,"key":"AttackPotion"},{"floor":41,"key":"Block Potion"},{"floor":48,"key":"SkillPotion"}],"is_trial":false,"path_per_floor":["M","$","M","M","?","R","E","$","T","E","?","M","M","T","R","B",null,"M","M","$","M","?","R","M","R","T","R","$","R","?","M","R","B",null,"M","$","?","M","M","R","?","$","T","R","$","M","R","E","R"],"character_chosen":"DEFECT","items_purchased":["Ball Lightning","Ball Lightning","Scrape","FTL","Whetstone"],"campfire_rested":5,"item_purchase_floors":[2,8,20,28,36],"current_hp_per_floor":[66,66,59,58,51,51,33,33,33,8,30,30,21,21,41,34,68,62,62,62,37,37,37,22,22,22,22,22,42,42,42,62,3,68,55,55,55,28,22,54,54,54,61,73,73,73,75,35,69,0],"gold":124,"neow_bonus":"TRANSFORM_TWO_CARDS","is_prod":false,"is_daily":false,"chose_seed":false,"campfire_upgraded":6,"win_rate":0,"timestamp":1539375845,"path_taken":["M","$","M","M","?","R","E","$","T","E","?","M","M","?","R","BOSS","M","M","$","M","?","R","M","R","T","R","$","R","?","?","R","BOSS","M","$","?","?","M","R","?","$","T","R","?","M","R","E","R","BOSS"],"build_version":"2018-10-11","purchased_purges":2,"victory":false,"max_hp_per_floor":[68,68,68,68,68,68,68,68,68,68,68,68,68,68,68,68,68,68,68,68,68,68,68,68,68,68,68,68,68,68,68,68,68,68,68,68,68,68,68,68,68,68,75,75,75,75,75,75,75,75],"card_choices":[{"not_picked":["Barrage","Melter"],"picked":"Static Discharge","floor":1},{"not_picked":["Leap","Redo"],"picked":"Genetic Algorithm","floor":3},{"not_picked":["Turbo","Streamline"],"picked":"FTL","floor":4},{"not_picked":["Coolheaded","Loop"],"picked":"Sunder","floor":7},{"not_picked":["Beam Cell","Darkness"],"picked":"Heatsinks","floor":10},{"not_picked":["Gash","Coolheaded","Stack"],"picked":"SKIP","floor":12},{"not_picked":["Cold Snap","Sunder"],"picked":"Hello World","floor":13},{"not_picked":["Reboot","Creative AI"],"picked":"Fission","floor":16},{"not_picked":["Aggregate","Leap","Barrage+1"],"picked":"SKIP","floor":18},{"not_picked":["Leap","Redo","Turbo"],"picked":"SKIP","floor":19},{"not_picked":["Steam","Streamline"],"picked":"Static Discharge+1","floor":21},{"not_picked":["Conserve Battery","Steam","Cold Snap"],"picked":"SKIP","floor":24},{"not_picked":["Doom and Gloom","Skim+1","Rebound"],"picked":"SKIP","floor":31},{"not_picked":["Rainbow","Seek"],"picked":"Buffer","floor":33},{"not_picked":["Steam Power","Ball Lightning","Hologram"],"picked":"SKIP","floor":35},{"not_picked":["Loop+1","Gash"],"picked":"Redo+1","floor":37},{"not_picked":["Skim+1","Steam Power"],"picked":"Beam Cell+1","floor":38},{"not_picked":["Barrage+1","Hologram+1","Steam"],"picked":"SKIP","floor":39},{"not_picked":["Steam","Genetic Algorithm","Ball Lightning+1"],"picked":"SKIP","floor":46},{"not_picked":["Ball Lightning","Hello World+1","Stack"],"picked":"SKIP","floor":48}],"player_experience":277767,"relics_obtained":[{"floor":7,"key":"Du-Vu Doll"},{"floor":9,"key":"Ornamental Fan"},{"floor":10,"key":"Tiny Chest"},{"floor":14,"key":"Omamori"},{"floor":26,"key":"Calipers"},{"floor":37,"key":"FossilizedHelix"},{"floor":43,"key":"Strawberry"},{"floor":48,"key":"Turnip"}],"event_choices":[{"event_name":"Golden Wing","player_choice":"Card Removal","floor":5,"damage_taken":0},{"event_name":"Big Fish","player_choice":"Banana","floor":11,"damage_taken":0},{"event_name":"Beggar","player_choice":"Ignored","floor":22,"damage_taken":0},{"event_name":"Accursed Blacksmith","player_choice":"Forge","floor":30,"damage_taken":0},{"event_name":"MindBloom","player_choice":"Fight","floor":37,"damage_taken":0},{"event_name":"The Lab","player_choice":"Got Potions","floor":41,"damage_taken":0}],"is_beta":false,"boss_relics":[{"not_picked":["Calling Bell","Tiny House"],"picked":"Nuclear Battery"},{"not_picked":["Busted Crown","Snecko Eye"],"picked":"Eternal Feather"}],"items_purged_floors":[8,20],"is_endless":false,"potions_floor_spawned":[4,13,21,33,38,48],"killed_by":"Awakened One","ascension_level":4}