{"gold_per_floor":[209,56,72,72,86,119,129,129,177,188,188,188],"floor_reached":12,"playtime":201,"items_purged":[],"score":80,"play_id":"633086d0-4a7d-49b2-9421-04fe2e6876e3","local_time":"20190205123949","is_ascension_mode":false,"campfire_choices":[{"data":"Armaments","floor":8,"key":"SMITH"},{"floor":11,"key":"REST"}],"neow_cost":"NONE","seed_source_timestamp":45134251052607,"circlet_count":0,"master_deck":["Strike_R","Strike_R","Strike_R","Strike_R","Strike_R","Defend_R","Defend_R","Defend_R","Defend_R","Bash","Clothesline","Inflame","Armaments+1","Fire Breathing","Cleave"],"relics":["Burning Blood","Lantern","Ornamental Fan","Blood Vial","Potion Belt"],"potions_floor_usage":[7],"damage_taken":[{"damage":14,"enemies":"2 Louse","floor":1,"turns":3},{"damage":0,"enemies":"Small Slimes","floor":3,"turns":3},{"damage":4,"enemies":"Cultist","floor":5,"turns":3},{"damage":55,"enemies":"Gremlin Nob","floor":6,"turns":7},{"damage":0,"enemies":"Blue Slaver","floor":7,"turns":2},{"damage":29,"enemies":"Exordium Thugs","floor":10,"turns":5},{"damage":0,"enemies":"3 Sentries","floor":12,"turns":1}],"seed_played":"-7208515575491577003","potions_obtained":[{"floor":6,"key":"Fire Potion"},{"floor":7,"key":"Ancient Potion"},{"floor":10,"key":"Block Potion"}],"is_trial":false,"path_per_floor":["M","$","M","?","M","E","M","R","T","M","R","E"],"character_chosen":"IRONCLAD","items_purchased":["Lantern"],"campfire_rested":1,"item_purchase_floors":[2],"current_hp_per_floor":[72,72,78,75,77,28,36,36,36,15,39,39],"gold":188,"neow_bonus":"HUNDRED_GOLD","is_prod":false,"is_daily":false,"chose_seed":false,"campfire_upgraded":1,"win_rate":0,"timestamp":1549388389,"path_taken":["M","$","M","?","M","E","M","R","T","M","R","E"],"build_version":"2019-01-23","purchased_purges":0,"victory":false,"max_hp_per_floor":[80,80,80,80,80,80,80,80,80,80,80,80],"card_choices":[{"not_picked":["Thunderclap","Sever Soul"],"picked":"Clothesline","floor":1},{"not_picked":["Headbutt","Feel No Pain"],"picked":"Inflame","floor":3},{"not_picked":["Shrug It Off","Anger"],"picked":"Armaments","floor":5},{"not_picked":["Corruption","Infernal Blade"],"picked":"Fire Breathing","floor":6},{"not_picked":["Sever Soul","Body Slam"],"picked":"Cleave","floor":7},{"not_picked":["Perfected Strike","Wild Strike","Fire Breathing"],"picked":"SKIP","floor":10}],"player_experience":452694,"relics_obtained":[{"floor":6,"key":"Blood Vial"},{"floor":9,"key":"Potion Belt"}],"event_choices":[{"damage_healed":0,"gold_gain":0,"player_choice":"Success","damage_taken":3,"relics_obtained":["Ornamental Fan"],"max_hp_gain":0,"max_hp_loss":0,"event_name":"Scrap Ooze","floor":4,"gold_loss":0}],"is_beta":false,"boss_relics":[],"items_purged_floors":[],"is_endless":false,"potions_floor_spawned":[6,7,10],"killed_by":"3 Sentries","ascension_level":0}