{"path_per_floor":["M","M","M","?","M","E","R","M","T","T","?","E","M","$","R","B",null,"M","?","$","M","M","E","?"],"character_chosen":"THE_SILENT","items_purchased":["Infinite Blades","Apotheosis"],"gold_per_floor":[112,132,144,124,142,175,175,190,190,190,190,221,241,166,166,264,264,277,277,3,17,28,53,53,53],"floor_reached":25,"campfire_rested":0,"playtime":3637,"current_hp_per_floor":[67,62,62,62,62,41,41,40,40,40,40,38,38,38,38,3,70,69,69,69,55,55,7,7,0],"items_purged":["Strike_G"],"gold":53,"score":233,"play_id":"11096d0e-255d-4c53-9816-2e12ef4ebab0","local_time":"20180414103829","is_prod":false,"is_daily":false,"chose_seed":false,"is_ascension_mode":false,"campfire_upgraded":2,"timestamp":1523669909,"path_taken":["M","M","?","?","M","E","R","M","T","?","?","E","?","?","R","BOSS","M","?","$","M","M","E","?","M"],"build_version":"2018-04-12","seed_source_timestamp":263214245790671,"purchased_purges":2,"victory":false,"master_deck":["Defend_G","Defend_G","Defend_G","Defend_G","Defend_G","Strike_G","Strike_G","Survivor","Neutralize","Cloak And Dagger+1","Dodge and Roll","Blur","Night Terror","Acrobatics","Bullet Time+1","Flying Knee","Outmaneuver+1","Die Die Die","Prepared+1","Infinite Blades","Apotheosis","Glass Knife+1"],"max_hp_per_floor":[70,70,70,70,70,70,70,70,70,70,70,70,70,70,70,70,70,70,70,70,70,70,70,70,70],"relics":["Ring of the Snake","Happy Flower","Du-Vu Doll","Bottled Flame","Paper Crane","Cursed Key","Molten Egg 2"],"card_choices":[{"not_picked":["Flying Knee","Poisoned Stab"],"picked":"Cloak And Dagger","floor":1},{"not_picked":["Quick Slash","Deflect"],"picked":"Dodge and Roll","floor":2},{"not_picked":["Malaise","Footwork"],"picked":"Blur","floor":3},{"not_picked":["Backstab","Slice"],"picked":"Night Terror","floor":5},{"not_picked":["Deadly Poison","Eviscerate"],"picked":"Acrobatics","floor":6},{"not_picked":["Flying Knee","Quick Slash"],"picked":"Bullet Time","floor":8},{"not_picked":["Dodge and Roll","Dagger Spray"],"picked":"Flying Knee","floor":12},{"not_picked":["Quick Slash","Caltrops"],"picked":"Outmaneuver","floor":13},{"not_picked":["A Thousand Cuts","Unload"],"picked":"Die Die Die","floor":16},{"not_picked":["Riddle With Holes","Deadly Poison"],"picked":"Prepared","floor":18}],"player_experience":38576,"potions_floor_usage":[6,12,16,16,23,23,23],"damage_taken":[{"damage":3,"enemies":"Cultist","floor":1,"turns":6},{"damage":5,"enemies":"Jaw Worm","floor":2,"turns":9},{"damage":0,"enemies":"Small Slimes","floor":3,"turns":3},{"damage":0,"enemies":"Blue Slaver","floor":5,"turns":7},{"damage":21,"enemies":"Gremlin Nob","floor":6,"turns":5},{"damage":1,"enemies":"3 Louse","floor":8,"turns":7},{"damage":2,"enemies":"3 Sentries","floor":12,"turns":9},{"damage":0,"enemies":"Lots of Slimes","floor":13,"turns":6},{"damage":35,"enemies":"Slime Boss","floor":16,"turns":26},{"damage":1,"enemies":"Shell Parasite","floor":18,"turns":8},{"damage":14,"enemies":"3 Byrds","floor":21,"turns":7},{"damage":0,"enemies":"Cultist and Chosen","floor":22,"turns":4},{"damage":63,"enemies":"Gremlin Leader","floor":23,"turns":9},{"damage":8,"enemies":"Snake Plant","floor":25,"turns":3}],"event_choices":[{"event_name":"The Woman in Blue","player_choice":"Bought 1 Potion","floor":4,"damage_taken":0},{"event_name":"The Lab","player_choice":"Got Potions","floor":11,"damage_taken":0},{"event_name":"Upgrade Shrine","player_choice":"Upgraded","floor":19,"damage_taken":0},{"event_name":"Transmorgrifier","player_choice":"Transform","floor":24,"damage_taken":0}],"boss_relics":[{"not_picked":["Black Star","Tiny House"],"picked":"Cursed Key"}],"potions_floor_spawned":[5,6,8,13,16,18,21,23],"seed_played":"-285062954437284297","killed_by":"Snake Plant","ascension_level":0,"is_trial":false}