{"gold_per_floor":[110,11,26,26,42,68,68,87,167,179,208,219,219,38,38,135,135,150,162,173,173,173,207,207,235,258,277,277,288,288,213,213,310,310,323,323],"floor_reached":36,"playtime":3405,"items_purged":["Strike_B","Strike_B"],"score":461,"play_id":"9f84b0b7-1a56-4344-81a0-e4250dbdad52","local_time":"20190206191731","is_ascension_mode":true,"campfire_choices":[{"data":"Hologram","floor":7.0,"key":"SMITH"},{"data":"Chaos","floor":13.0,"key":"SMITH"},{"data":"Defragment","floor":15.0,"key":"SMITH"},{"floor":24.0,"key":"REST"},{"floor":28.0,"key":"REST"},{"floor":32.0,"key":"REST"}],"neow_cost":"NONE","seed_source_timestamp":0,"circlet_count":0,"master_deck":["Defend_B","Defend_B","Defend_B","Zap+1","Dualcast","Seek","Hologram+1","Chaos+1","Tempest","Sweeping Beam","Glacier","Compile Driver","Leap","Stack","Defragment+1","Seek","Leap","Double Energy","Creative AI","Beam Cell+1","Barrage"],"special_seed":0,"relics":["Cracked Core","StoneCalendar","Dodecahedron","Anchor","Empty Cage","Meat on the Bone","Gambling Chip","Centennial Puzzle","Dream Catcher","Fusion Hammer"],"potions_floor_usage":[35],"damage_taken":[{"damage":0.0,"enemies":"Small Slimes","floor":1.0,"turns":3.0},{"damage":0.0,"enemies":"Cultist","floor":3.0,"turns":4.0},{"damage":1.0,"enemies":"Jaw Worm","floor":5.0,"turns":3.0},{"damage":8.0,"enemies":"Gremlin Nob","floor":6.0,"turns":3.0},{"damage":2.0,"enemies":"Blue Slaver","floor":8.0,"turns":4.0},{"damage":0.0,"enemies":"2 Fungi Beasts","floor":10.0,"turns":4.0},{"damage":0.0,"enemies":"Lagavulin","floor":11.0,"turns":6.0},{"damage":0.0,"enemies":"Looter","floor":12.0,"turns":2.0},{"damage":6.0,"enemies":"Hexaghost","floor":16.0,"turns":8.0},{"damage":0.0,"enemies":"2 Thieves","floor":18.0,"turns":3.0},{"damage":0.0,"enemies":"3 Byrds","floor":19.0,"turns":5.0},{"damage":22.0,"enemies":"Shelled Parasite and Fungi","floor":20.0,"turns":7.0},{"damage":30.0,"enemies":"Book of Stabbing","floor":23.0,"turns":8.0},{"damage":39.0,"enemies":"Slavers","floor":25.0,"turns":7.0},{"damage":6.0,"enemies":"Centurion and Healer","floor":27.0,"turns":7.0},{"damage":4.0,"enemies":"Snecko","floor":29.0,"turns":6.0},{"damage":57,"enemies":"Automaton","floor":33,"turns":14},{"damage":0,"enemies":"3 Darklings","floor":35,"turns":6},{"damage":87,"enemies":"2 Orb Walkers","floor":36,"turns":6}],"seed_played":"-5739643196468444767","potions_obtained":[{"floor":3.0,"key":"FocusPotion"},{"floor":10.0,"key":"Block Potion"},{"floor":11.0,"key":"Explosive Potion"},{"floor":12.0,"key":"Weak Potion"},{"floor":19.0,"key":"AttackPotion"},{"floor":27.0,"key":"SkillPotion"},{"floor":29.0,"key":"Swift Potion"},{"floor":33,"key":"SpeedPotion"}],"is_trial":false,"path_per_floor":["M","$","M","?","M","E","R","M","T","M","E","M","R","$","R","B",null,"M","M","M","$","?","E","R","E","T","M","R","M","?","?","R","B",null,"M","?"],"character_chosen":"DEFECT","items_purchased":["Hologram","Defragment"],"campfire_rested":3,"item_purchase_floors":[2,14],"current_hp_per_floor":[75,75,75,75,74,66,66,64,64,64,64,64,64,64,64,58,75,75,75,53,53,53,35,57,30,30,36,58,54,40,40,64,19,80,80,0],"gold":323,"neow_bonus":"ONE_RANDOM_RARE_CARD","is_prod":false,"is_daily":false,"chose_seed":false,"campfire_upgraded":3,"win_rate":0,"timestamp":1549516651,"path_taken":["M","$","M","?","M","E","R","M","T","M","E","M","R","$","R","BOSS","M","?","M","$","?","E","R","E","T","M","R","M","?","?","R","BOSS","M","?"],"build_version":"2019-01-23","purchased_purges":2,"victory":false,"max_hp_per_floor":[75,75,75,75,75,75,75,75,75,75,75,75,75,75,75,75,75,75,75,75,75,75,75,75,75,75,75,75,75,80,80,80,80,80,80,80],"card_choices":[{"not_picked":["Redo","Barrage","Stack"],"picked":"SKIP","floor":1.0},{"not_picked":["Undo","Scrape"],"picked":"Chaos","floor":3.0},{"not_picked":["Conserve Battery","Go for the Eyes"],"picked":"Tempest","floor":5.0},{"not_picked":["Cold Snap","Hologram"],"picked":"Sweeping Beam","floor":6.0},{"not_picked":["Coolheaded","Multi-Cast"],"picked":"Glacier","floor":8.0},{"not_picked":["Steam","FTL"],"picked":"Compile Driver","floor":10.0},{"not_picked":["Tempest","Force Field"],"picked":"Leap","floor":11.0},{"not_picked":["Turbo","Go for the Eyes"],"picked":"Stack","floor":12.0},{"not_picked":["Reboot","Meteor Strike"],"picked":"Seek","floor":16.0},{"not_picked":["Darkness","Rebound"],"picked":"Leap","floor":18.0},{"not_picked":["Compile Driver","Barrage","Heatsinks+1"],"picked":"SKIP","floor":19.0},{"not_picked":["Stack","Sweeping Beam"],"picked":"Double Energy","floor":20.0},{"not_picked":["Redo","Melter"],"picked":"Creative AI","floor":23.0},{"not_picked":["BootSequence","Rebound"],"picked":"Beam Cell+1","floor":25.0},{"not_picked":["Go for the Eyes","Melter","Barrage"],"picked":"SKIP","floor":27.0},{"not_picked":["Streamline","Compile Driver","Scrape"],"picked":"SKIP","floor":29.0},{"not_picked":["Redo","Compile Driver"],"picked":"Barrage","floor":32.0},{"not_picked":["Hologram","Chaos","Heatsinks+1"],"picked":"SKIP","floor":35}],"player_experience":117702,"relics_obtained":[{"floor":6.0,"key":"StoneCalendar"},{"floor":9.0,"key":"Dodecahedron"},{"floor":11.0,"key":"Anchor"},{"floor":23.0,"key":"Gambling Chip"},{"floor":25.0,"key":"Centennial Puzzle"},{"floor":26.0,"key":"Dream Catcher"}],"event_choices":[{"damage_healed":0.0,"max_hp_gain":0.0,"max_hp_loss":0.0,"gold_gain":0.0,"event_name":"Accursed Blacksmith","player_choice":"Forge","floor":4.0,"gold_loss":0.0,"damage_taken":0.0,"cards_upgraded":["Zap"]},{"damage_healed":0.0,"max_hp_gain":0.0,"max_hp_loss":0.0,"gold_gain":0.0,"event_name":"The Mausoleum","player_choice":"Opened","floor":22.0,"gold_loss":0.0,"damage_taken":0.0,"relics_obtained":["Meat on the Bone"]},{"damage_healed":0.0,"max_hp_gain":5.0,"max_hp_loss":0.0,"gold_gain":0.0,"event_name":"Forgotten Altar","player_choice":"Shed Blood","floor":30.0,"gold_loss":0.0,"damage_taken":19.0},{"cards_removed":["Defend_B"],"damage_healed":0.0,"max_hp_gain":0.0,"max_hp_loss":0.0,"gold_gain":0.0,"event_name":"Beggar","player_choice":"Gave Gold","floor":31.0,"gold_loss":75.0,"damage_taken":0.0},{"damage_healed":0,"gold_gain":0,"player_choice":"Fight","damage_taken":0,"max_hp_gain":0,"max_hp_loss":0,"event_name":"Mysterious Sphere","floor":36,"gold_loss":0}],"is_beta":false,"boss_relics":[{"not_picked":["White Beast Statue","Astrolabe"],"picked":"Empty Cage"},{"not_picked":["Black Star","Runic Dome"],"picked":"Fusion Hammer"}],"items_purged_floors":[2,14],"is_endless":false,"potions_floor_spawned":[3,10,11,12,19,27,29,33],"killed_by":"2 Orb Walkers","ascension_level":1}