{"path_per_floor":["M","$","?","?","M","E","R","T","T","R","M","R","$","E","R","B",null,"M","?","?","M","M","R","E","R","T"],"character_chosen":"DEFECT","items_purchased":["Defragment","Defragment"],"gold_per_floor":[113,32,32,32,46,75,75,75,99,99,114,114,42,67,67,165,165,177,102,102,114,130,130,158,158,211,211],"floor_reached":27,"campfire_rested":2,"playtime":996,"item_purchase_floors":[2,13],"current_hp_per_floor":[72,72,72,72,71,41,41,41,41,41,41,41,41,18,40,20,75,70,70,70,70,41,41,19,43,43,0],"items_purged":[],"gold":211,"score":249,"play_id":"ddf28576-7162-4bda-ae2e-b28c8c27e79a","local_time":"20180528213047","is_prod":false,"is_daily":false,"chose_seed":false,"is_ascension_mode":true,"campfire_upgraded":4,"win_rate":0,"timestamp":1527510647,"campfire_choices":[{"data":"Loop","floor":7,"key":"SMITH"},{"data":"Defragment","floor":10,"key":"SMITH"},{"data":"Zap","floor":12,"key":"SMITH"},{"floor":15,"key":"REST"},{"data":"Static Discharge","floor":23,"key":"SMITH"},{"floor":25,"key":"REST"}],"path_taken":["M","$","?","?","M","E","R","?","T","R","?","R","?","E","R","BOSS","M","?","?","M","?","R","E","R","T","E"],"build_version":"2018-05-27","seed_source_timestamp":18481108791517,"purchased_purges":0,"victory":false,"master_deck":["Strike_B","Strike_B+1","Strike_B","Strike_B+1","Defend_B","Defend_B","Defend_B","Defend_B","Zap+1","Dualcast","Ball Lightning","Defragment+1","Loop+1","White Noise","Defragment","Biased Cognition","Biased Cognition","Static Discharge+1","Turbo","Steam"],"max_hp_per_floor":[75,75,75,75,75,75,75,75,75,75,75,75,75,75,75,75,75,80,80,80,80,80,80,80,80,80,80],"relics":["Cracked Core","Potion Belt","Letter Opener","Whetstone","Bronze Scales","Nuclear Battery","Shuriken","Tiny Chest"],"card_choices":[{"not_picked":["Steam","Rip and Tear"],"picked":"Ball Lightning","floor":1},{"not_picked":["Stack","Coolheaded","Sweeping Beam"],"picked":"SKIP","floor":5},{"not_picked":["Barrage","Hologram","Stack"],"picked":"SKIP","floor":6},{"not_picked":["Steam","Recycle"],"picked":"White Noise","floor":11},{"not_picked":["Ball Lightning","Conserve Battery"],"picked":"Biased Cognition","floor":14},{"not_picked":["Seek","All For One"],"picked":"Biased Cognition","floor":16},{"not_picked":["Redo","Ball Lightning"],"picked":"Static Discharge","floor":18},{"not_picked":["Barrage","Rebound","Compile Driver"],"picked":"SKIP","floor":21},{"not_picked":["Darkness","Ball Lightning"],"picked":"Turbo","floor":22},{"not_picked":["Capacitor","Fission"],"picked":"Steam","floor":24}],"player_experience":182155,"potions_floor_usage":[6,18,21,24,24],"damage_taken":[{"damage":3,"enemies":"Jaw Worm","floor":1,"turns":3},{"damage":1,"enemies":"Cultist","floor":5,"turns":3},{"damage":30,"enemies":"Gremlin Nob","floor":6,"turns":4},{"damage":0,"enemies":"Small Slimes","floor":11,"turns":3},{"damage":23,"enemies":"Lagavulin","floor":14,"turns":4},{"damage":20,"enemies":"Hexaghost","floor":16,"turns":5},{"damage":10,"enemies":"Chosen","floor":18,"turns":3},{"damage":0,"enemies":"Spheric Guardian","floor":21,"turns":3},{"damage":29,"enemies":"Centurion and Healer","floor":22,"turns":3},{"damage":22,"enemies":"Book of Stabbing","floor":24,"turns":3},{"damage":44,"enemies":"Slavers","floor":27,"turns":2}],"relics_obtained":[{"floor":6,"key":"Potion Belt"},{"floor":8,"key":"Letter Opener"},{"floor":9,"key":"Whetstone"},{"floor":14,"key":"Bronze Scales"},{"floor":24,"key":"Shuriken"},{"floor":26,"key":"Tiny Chest"}],"event_choices":[{"event_name":"Match and Keep!","player_choice":"2 cards matched","floor":3,"damage_taken":0},{"event_name":"The Cleric","player_choice":"Leave","floor":4,"damage_taken":0},{"event_name":"Beggar","player_choice":"Gave Gold","floor":19,"damage_taken":0},{"event_name":"Drug Dealer","player_choice":"Ignored","floor":20,"damage_taken":0}],"boss_relics":[{"not_picked":["Tiny House","Orrery"],"picked":"Nuclear Battery"}],"items_purged_floors":[],"potions_floor_spawned":[5,14,16,18,22],"seed_played":"8521739886552853172","killed_by":"Slavers","ascension_level":1,"potions_obtained":[{"floor":5,"key":"PowerPotion"},{"floor":14,"key":"Weak Potion"},{"floor":16,"key":"Fruit Juice"},{"floor":18,"key":"Explosive Potion"},{"floor":22,"key":"LiquidBronze"}],"is_trial":false}