{"gold_per_floor":[366,79,96,112,131,159,159,334,334,87,105,91,71,91,91,91],"floor_reached":16,"playtime":931,"items_purged":["Decay","Doubt"],"score":104,"play_id":"9c75b3a9-66c7-4304-83f7-32e4420aefd1","local_time":"20190205151805","is_ascension_mode":false,"campfire_choices":[{"data":"Zap","floor":7,"key":"SMITH"},{"data":"Streamline","floor":15,"key":"SMITH"}],"neow_cost":"CURSE","seed_source_timestamp":2386019563568234,"circlet_count":0,"master_deck":["Strike_B","Strike_B","Strike_B","Strike_B","Defend_B","Defend_B","Defend_B","Defend_B","Zap+1","Dualcast","Streamline+1","Conserve Battery","Hologram","Coolheaded","Biased Cognition","Self Repair","Glacier"],"relics":["Cracked Core","Ancient Tea Set","Question Card","Frozen Egg 2","Centennial Puzzle"],"potions_floor_usage":[6,6,16,16],"damage_taken":[{"damage":2,"enemies":"2 Louse","floor":1,"turns":3},{"damage":2,"enemies":"Jaw Worm","floor":3,"turns":4},{"damage":0,"enemies":"Cultist","floor":4,"turns":3},{"damage":0,"enemies":"Red Slaver","floor":5,"turns":4},{"damage":7,"enemies":"3 Sentries","floor":6,"turns":7},{"damage":0,"enemies":"3 Louse","floor":11,"turns":5},{"damage":4,"enemies":"Exordium Thugs","floor":12,"turns":4},{"damage":0,"enemies":"2 Fungi Beasts","floor":14,"turns":4},{"damage":83,"enemies":"Hexaghost","floor":16,"turns":15}],"seed_played":"4941217025449236025","potions_obtained":[{"floor":1,"key":"Poison Potion"},{"floor":3,"key":"Block Potion"},{"floor":6,"key":"PowerPotion"},{"floor":12,"key":"Dexterity Potion"}],"is_trial":false,"path_per_floor":["M","$","M","M","M","E","R","?","T","$","M","M","?","M","R","B"],"character_chosen":"DEFECT","items_purchased":["Ancient Tea Set","Conserve Battery","Hologram","Centennial Puzzle"],"campfire_rested":0,"item_purchase_floors":[2,2,2,10],"current_hp_per_floor":[73,73,71,71,71,71,71,71,71,71,75,75,75,75,75,0],"gold":91,"neow_bonus":"TWO_FIFTY_GOLD","is_prod":false,"is_daily":false,"chose_seed":false,"campfire_upgraded":2,"win_rate":0.0,"timestamp":1549415885,"path_taken":["M","$","M","M","M","E","R","?","T","$","M","M","?","?","R","BOSS"],"build_version":"2019-01-23","purchased_purges":2,"victory":false,"max_hp_per_floor":[75,75,75,75,75,75,75,75,75,75,75,75,75,75,75,75],"card_choices":[{"not_picked":["Steam Power","Rebound"],"picked":"Streamline","floor":1},{"not_picked":["Streamline","Beam Cell"],"picked":"Coolheaded","floor":3},{"not_picked":["Rip and Tear","Turbo"],"picked":"Biased Cognition","floor":4},{"not_picked":["Storm","Hologram"],"picked":"Self Repair","floor":5},{"not_picked":["Ball Lightning","Aggregate"],"picked":"Glacier","floor":6},{"not_picked":["Barrage","Rip and Tear","Fusion","Chaos"],"picked":"SKIP","floor":11},{"not_picked":["Chaos","Compile Driver","Turbo","Conserve Battery"],"picked":"SKIP","floor":12},{"not_picked":["Undo","Cold Snap","Rip and Tear","Redo"],"picked":"SKIP","floor":14}],"player_experience":97320,"relics_obtained":[{"floor":6,"key":"Question Card"},{"floor":9,"key":"Frozen Egg 2"}],"event_choices":[{"damage_healed":0,"gold_gain":175,"player_choice":"AGREE","damage_taken":0,"max_hp_gain":0,"max_hp_loss":0,"event_name":"Liars Game","floor":8,"gold_loss":0,"cards_obtained":["Doubt"]},{"damage_healed":0,"gold_gain":0,"player_choice":"Bought 1 Potion","damage_taken":0,"max_hp_gain":0,"max_hp_loss":0,"event_name":"The Woman in Blue","floor":13,"gold_loss":0}],"is_beta":false,"boss_relics":[],"items_purged_floors":[2,10],"is_endless":false,"potions_floor_spawned":[1,3,6,12],"killed_by":"Hexaghost","ascension_level":0}