{"gold_per_floor":[110,129,11,86,86,149,149,182,253,269,280,280,44,57,57,157,157,176,186,285,210,223,223,256,256,256,256],"floor_reached":27,"playtime":960,"items_purged":[],"score":241,"play_id":"3ac662e4-b384-4aae-aaf6-5b86d54745fa","local_time":"20190203195639","is_ascension_mode":false,"campfire_choices":[{"floor":7,"key":"REST"},{"floor":12,"key":"REST"},{"data":"Carnage","floor":15,"key":"SMITH"},{"floor":23,"key":"REST"},{"floor":25,"key":"REST"}],"neow_cost":"NONE","seed_source_timestamp":2229904802099879,"circlet_count":0,"master_deck":["Strike_R","Strike_R","Strike_R","Strike_R","Strike_R","Defend_R","Defend_R","Defend_R","Defend_R","Exhume","True Grit","Whirlwind+1","Disarm","Intimidate","Carnage+1","Inflame","Reckless Charge","Thunderclap","Ghostly Armor","Pummel","Bloodletting"],"relics":["Burning Blood","Tiny Chest","PreservedInsect","Blue Candle","Chemical X","White Beast Statue","Bottled Flame","Gremlin Horn"],"potions_floor_usage":[8,16,22,24,24,27],"damage_taken":[{"damage":6,"enemies":"2 Louse","floor":1,"turns":3},{"damage":0,"enemies":"Small Slimes","floor":2,"turns":3},{"damage":41,"enemies":"Lagavulin","floor":6,"turns":11},{"damage":34,"enemies":"Gremlin Nob","floor":8,"turns":5},{"damage":1,"enemies":"Cultist","floor":10,"turns":3},{"damage":0,"enemies":"Gremlin Gang","floor":11,"turns":1},{"damage":0,"enemies":"Looter","floor":14,"turns":2},{"damage":29,"enemies":"Hexaghost","floor":16,"turns":7},{"damage":27,"enemies":"Spheric Guardian","floor":18,"turns":5},{"damage":37,"enemies":"Chosen","floor":19,"turns":7},{"damage":18,"enemies":"Snake Plant","floor":22,"turns":4},{"damage":33,"enemies":"Book of Stabbing","floor":24,"turns":6},{"damage":45,"enemies":"Snecko","floor":27,"turns":7}],"seed_played":"8013172358105651865","potions_obtained":[{"floor":1,"key":"PowerPotion"},{"floor":11,"key":"SneckoOil"},{"floor":14,"key":"Poison Potion"},{"floor":18,"key":"Swift Potion"},{"floor":19,"key":"Block Potion"},{"floor":22,"key":"SpeedPotion"},{"floor":24,"key":"Swift Potion"}],"is_trial":false,"path_per_floor":["M","M","$","?","?","E","R","E","T","M","M","R","$","M","R","B",null,"M","M","?","?","M","R","E","R","T","M"],"character_chosen":"IRONCLAD","items_purchased":["Disarm","Intimidate","Chemical X","Ghostly Armor"],"campfire_rested":4,"item_purchase_floors":[3,3,13,13],"current_hp_per_floor":[80,80,80,69,69,34,58,30,30,35,41,65,65,71,71,48,80,59,28,28,28,16,40,13,37,37,0],"gold":256,"neow_bonus":"ONE_RANDOM_RARE_CARD","is_prod":false,"is_daily":false,"chose_seed":false,"campfire_upgraded":1,"win_rate":0.0,"timestamp":1549259799,"path_taken":["M","M","$","?","?","E","R","E","T","M","M","R","$","M","R","BOSS","M","M","?","?","M","R","E","R","T","M"],"build_version":"2019-01-23","purchased_purges":0,"victory":false,"max_hp_per_floor":[80,80,80,80,80,80,80,80,80,80,80,80,80,80,80,80,80,80,80,80,80,80,80,80,80,80,80],"card_choices":[{"not_picked":["Entrench","Heavy Blade"],"picked":"True Grit","floor":1},{"not_picked":["Dropkick","Disarm"],"picked":"Whirlwind","floor":2},{"not_picked":["Headbutt","Body Slam"],"picked":"Carnage","floor":6},{"not_picked":["Bloodletting","Ghostly Armor"],"picked":"Inflame","floor":8},{"not_picked":["Barricade","Shrug It Off"],"picked":"Reckless Charge","floor":10},{"not_picked":["Anger","Warcry"],"picked":"Thunderclap","floor":11},{"not_picked":["Heavy Blade","Burning Pact"],"picked":"Pummel","floor":14},{"not_picked":["Disarm","Cleave","Flame Barrier"],"picked":"SKIP","floor":18},{"not_picked":["Thunderclap","Power Through","Clash"],"picked":"SKIP","floor":19},{"not_picked":["Heavy Blade","Sword Boomerang","Hemokinesis"],"picked":"SKIP","floor":22},{"not_picked":["Sever Soul","Body Slam+1"],"picked":"Bloodletting","floor":24}],"player_experience":74456,"relics_obtained":[{"floor":6,"key":"Tiny Chest"},{"floor":8,"key":"PreservedInsect"},{"floor":9,"key":"Blue Candle"},{"floor":24,"key":"Bottled Flame"},{"floor":26,"key":"Gremlin Horn"}],"event_choices":[{"damage_healed":0,"gold_gain":75,"player_choice":"Gather Gold","damage_taken":11,"max_hp_gain":0,"max_hp_loss":0,"event_name":"World of Goop","floor":4,"gold_loss":0},{"damage_healed":0,"gold_gain":0,"player_choice":"Grow","damage_taken":0,"max_hp_gain":0,"max_hp_loss":0,"event_name":"Living Wall","floor":5,"gold_loss":0,"cards_upgraded":["Whirlwind"]},{"damage_healed":0,"gold_gain":99,"player_choice":"Stole From Cult","damage_taken":0,"max_hp_gain":0,"max_hp_loss":0,"event_name":"Nest","floor":20,"gold_loss":0},{"cards_removed":["Bash"],"damage_healed":0,"gold_gain":0,"player_choice":"Gave Gold","damage_taken":0,"max_hp_gain":0,"max_hp_loss":0,"event_name":"Beggar","floor":21,"gold_loss":75}],"is_beta":false,"boss_relics":[{"not_picked":["Runic Cube","Ectoplasm"],"picked":"White Beast Statue"}],"items_purged_floors":[],"is_endless":false,"potions_floor_spawned":[1,11,14,18,19,22,24],"killed_by":"Snecko","ascension_level":0}