{"gold_per_floor":[115,125,135,153,153,186,202,202,226,176,196,196],"floor_reached":12,"playtime":421,"items_purged":[],"score":90,"play_id":"eda7406f-e96a-4f06-842f-732dc518f3d6","local_time":"20181119205703","is_ascension_mode":true,"campfire_choices":[{"data":"Ball Lightning","floor":8,"key":"SMITH"}],"neow_cost":"NONE","seed_source_timestamp":449532943398510,"circlet_count":0,"master_deck":["Strike_B","Strike_B","Strike_B","Defend_B","Defend_B","Defend_B","Defend_B","Zap","Dualcast","Conserve Battery","Ball Lightning","Redo","Genetic Algorithm","Ball Lightning+1","Hologram","Compile Driver"],"relics":["Cracked Core","NeowsBlessing","Centennial Puzzle","Orichalcum"],"potions_floor_usage":[],"damage_taken":[{"damage":0,"enemies":"Cultist","floor":1,"turns":1},{"damage":0,"enemies":"Jaw Worm","floor":2,"turns":1},{"damage":0,"enemies":"Small Slimes","floor":3,"turns":1},{"damage":10,"enemies":"Looter","floor":4,"turns":3},{"damage":19,"enemies":"Lagavulin","floor":6,"turns":7},{"damage":19,"enemies":"2 Fungi Beasts","floor":7,"turns":3},{"damage":11,"enemies":"3 Louse","floor":11,"turns":3},{"damage":21,"enemies":"3 Sentries","floor":12,"turns":3}],"seed_played":"-5873310592784667299","potions_obtained":[{"floor":1,"key":"LiquidBronze"},{"floor":7,"key":"Block Potion"},{"floor":11,"key":"AttackPotion"}],"is_trial":false,"path_per_floor":["M","M","M","M","?","E","M","R","T","?","M","E"],"character_chosen":"DEFECT","items_purchased":[],"campfire_rested":0,"item_purchase_floors":[],"current_hp_per_floor":[75,75,75,65,70,51,32,32,32,32,21,0],"gold":196,"neow_bonus":"THREE_ENEMY_KILL","is_prod":false,"is_daily":false,"chose_seed":false,"campfire_upgraded":1,"win_rate":0,"timestamp":1542679023,"path_taken":["M","M","?","?","?","E","M","R","T","?","M","E"],"build_version":"2018-11-15","purchased_purges":0,"victory":false,"max_hp_per_floor":[75,75,75,75,80,80,80,80,80,80,80,80],"card_choices":[{"not_picked":["Aggregate","Turbo"],"picked":"Conserve Battery","floor":1},{"not_picked":["Cold Snap","Seek"],"picked":"Ball Lightning","floor":2},{"not_picked":["FTL","Auto Shields"],"picked":"Redo","floor":3},{"not_picked":["Beam Cell","Force Field"],"picked":"Genetic Algorithm","floor":4},{"not_picked":["Steam","Turbo"],"picked":"Ball Lightning","floor":6},{"not_picked":["Barrage","Sweeping Beam"],"picked":"Hologram","floor":7},{"not_picked":["Leap","Steam"],"picked":"Compile Driver","floor":11}],"player_experience":169990,"relics_obtained":[{"floor":6,"key":"Centennial Puzzle"},{"floor":9,"key":"Orichalcum"}],"event_choices":[{"damage_healed":0,"gold_gain":0,"player_choice":"Donut","damage_taken":0,"max_hp_gain":5,"max_hp_loss":0,"event_name":"Big Fish","floor":5,"gold_loss":0},{"cards_removed":["Strike_B"],"damage_healed":0,"gold_gain":0,"player_choice":"Card Removal","damage_taken":0,"max_hp_gain":0,"max_hp_loss":0,"event_name":"The Cleric","floor":10,"gold_loss":50}],"is_beta":false,"boss_relics":[],"items_purged_floors":[],"is_endless":false,"potions_floor_spawned":[1,7,11],"killed_by":"3 Sentries","ascension_level":2}