{"gold_per_floor":[16,16,16,16,34,62,62,79,79,96,96,112,112,123,123,224,224,240,67,80,94,94,94,123,123,150,150,20,20,119,133,133,231,231,249,269,269,281,292,292,292,292,373,392,392,14,33,44,44,44,44,44,13,45,45],"floor_reached":55,"playtime":2611,"items_purged":["Defend_B","Strike_B"],"score":694,"play_id":"3d35fb7d-4ec8-4e1b-b8a2-8fab21033a2d","local_time":"20181124223506","is_ascension_mode":false,"campfire_choices":[{"floor":7,"key":"RECALL"},{"data":"Zap","floor":11,"key":"SMITH"},{"data":"Consume","floor":13,"key":"SMITH"},{"floor":15,"key":"REST"},{"data":"Defragment","floor":23,"key":"SMITH"},{"data":"Defragment","floor":25,"key":"SMITH"},{"data":"Creative AI","floor":29,"key":"SMITH"},{"floor":32,"key":"REST"},{"data":"Thunder Strike","floor":40,"key":"SMITH"},{"floor":42,"key":"REST"},{"data":"Conserve Battery","floor":45,"key":"SMITH"},{"floor":49,"key":"REST"},{"data":"Conserve Battery","floor":52,"key":"SMITH"}],"neow_cost":"NO_GOLD","seed_source_timestamp":521973645421506,"circlet_count":0,"master_deck":["Defend_B","Zap+1","Dualcast","Buffer+1","Coolheaded","Cold Snap","Glacier","Auto Shields","Gash","Consume+1","Chill","Creative AI+1","Hologram+1","Defragment+1","Defragment+1","Ball Lightning+1","White Noise","Electrodynamics","Conserve Battery+1","Thunder Strike+1","Capacitor+1","Core Surge+1","Steam+1","Conserve Battery+1","Tempest+1","Madness","Madness","Tempest+1","Gash","Conserve Battery","Defragment","Conserve Battery+1"],"relics":["Cracked Core","The Courier","PreservedInsect","Philosopher\u0027s Stone","Nilry\u0027s Codex","Singing Bowl","Potion Belt","Dead Branch","Astrolabe","Shuriken","Torii","Toxic Egg 2"],"potions_floor_usage":[47,50,55,55],"damage_taken":[{"damage":3,"enemies":"Small Slimes","floor":1,"turns":4},{"damage":1,"enemies":"2 Louse","floor":5,"turns":2},{"damage":47,"enemies":"Gremlin Nob","floor":6,"turns":8},{"damage":0,"enemies":"Cultist","floor":8,"turns":6},{"damage":5,"enemies":"2 Fungi Beasts","floor":10,"turns":5},{"damage":0,"enemies":"Exordium Thugs","floor":12,"turns":6},{"damage":2,"enemies":"Blue Slaver","floor":14,"turns":7},{"damage":3,"enemies":"Slime Boss","floor":16,"turns":32},{"damage":0,"enemies":"Shell Parasite","floor":18,"turns":10},{"damage":0,"enemies":"Spheric Guardian","floor":20,"turns":8},{"damage":8,"enemies":"Snake Plant","floor":21,"turns":5},{"damage":9,"enemies":"Slavers","floor":24,"turns":6},{"damage":14,"enemies":"Cultist and Chosen","floor":31,"turns":5},{"damage":5,"enemies":"Automaton","floor":33,"turns":15},{"damage":0,"enemies":"3 Shapes","floor":35,"turns":4},{"damage":16,"enemies":"Orb Walker","floor":36,"turns":3},{"damage":3,"enemies":"Maw","floor":38,"turns":8},{"damage":18,"enemies":"4 Shapes","floor":39,"turns":6},{"damage":0,"enemies":"Spire Growth","floor":44,"turns":6},{"damage":11,"enemies":"Jaw Worm Horde","floor":47,"turns":3},{"damage":38,"enemies":"Writhing Mass","floor":48,"turns":5},{"damage":31,"enemies":"Time Eater","floor":50,"turns":13},{"damage":59,"enemies":"Shield and Spear","floor":54,"turns":9},{"damage":32,"enemies":"The Heart","floor":55,"turns":5}],"seed_played":"6554516761142652346","potions_obtained":[{"floor":8,"key":"Fire Potion"},{"floor":16,"key":"SteroidPotion"},{"floor":21,"key":"Dexterity Potion"},{"floor":33,"key":"Energy Potion"},{"floor":36,"key":"Dexterity Potion"},{"floor":47,"key":"Explosive Potion"}],"is_trial":false,"path_per_floor":["M","?","?","$","M","E","R","M","T","M","R","M","R","M","R","B",null,"M","$","M","M","?","R","E","R","T","T","$","R","?","M","R","B",null,"M","M","?","M","M","R","?","R","T","M","R","$","M","M","R","B",null,"R","$","E","B"],"character_chosen":"DEFECT","items_purchased":["Defragment","Defragment","Electrodynamics","Conserve Battery","Torii","Gash","Conserve Battery","Defragment"],"campfire_rested":4,"item_purchase_floors":[19,19,28,28,46,46,46,53],"current_hp_per_floor":[72,65,65,65,64,17,17,17,17,12,12,12,12,10,32,29,75,75,75,75,67,51,51,44,44,44,44,44,44,44,32,55,50,79,81,65,65,62,46,46,36,60,60,60,60,60,51,15,41,10,87,87,87,28,0],"gold":45,"neow_bonus":"TRANSFORM_TWO_CARDS","is_prod":false,"is_daily":false,"chose_seed":false,"campfire_upgraded":8,"win_rate":0,"timestamp":1543066506,"path_taken":["M","?","?","$","M","E","R","M","T","M","R","?","R","M","R","BOSS","M","$","M","M","?","R","E","R","T","?","$","R","?","M","R","BOSS","M","M","?","M","M","R","?","R","T","M","R","$","M","M","R","BOSS","R","$","E","BOSS"],"build_version":"2018-11-15","purchased_purges":2,"victory":false,"max_hp_per_floor":[75,75,75,75,75,75,75,75,75,75,75,75,75,75,75,75,75,75,75,75,75,75,75,77,77,77,77,77,77,77,79,79,79,79,81,81,81,81,83,83,83,83,83,83,83,83,85,87,87,87,87,87,87,87,87],"card_choices":[{"not_picked":["Turbo","Streamline"],"picked":"Cold Snap","floor":1},{"not_picked":["Redo","Rebound"],"picked":"Glacier","floor":5},{"not_picked":["Streamline","Rebound"],"picked":"Auto Shields","floor":6},{"not_picked":["Rebound","Compile Driver","Auto Shields"],"picked":"SKIP","floor":8},{"not_picked":["Steam","Darkness"],"picked":"Gash","floor":10},{"not_picked":["Self Repair","Steam"],"picked":"Consume","floor":12},{"not_picked":["Barrage","Coolheaded"],"picked":"Chill","floor":14},{"not_picked":["Thunder Strike","Meteor Strike"],"picked":"Creative AI","floor":16},{"not_picked":["Turbo","Compile Driver+1"],"picked":"Hologram+1","floor":18},{"not_picked":["Stack","Steam"],"picked":"Ball Lightning+1","floor":20},{"not_picked":["Compile Driver","Redo+1"],"picked":"White Noise","floor":21},{"not_picked":["Streamline","Amplify","Go for the Eyes"],"picked":"Singing Bowl","floor":24},{"not_picked":["Stack","Reprogram+1","Doom and Gloom"],"picked":"Singing Bowl","floor":31},{"not_picked":["Core Surge","Creative AI"],"picked":"Thunder Strike","floor":33},{"not_picked":["Turbo+1","Go for the Eyes","Coolheaded"],"picked":"Singing Bowl","floor":35},{"not_picked":["Steam+1","Undo"],"picked":"Conserve Battery","floor":36},{"not_picked":["Storm+1","Compile Driver"],"picked":"Tempest+1","floor":38},{"not_picked":["Leap+1","Scrape+1","Sweeping Beam+1"],"picked":"Singing Bowl","floor":39},{"not_picked":["Scrape","Sweeping Beam+1"],"picked":"Tempest+1","floor":44},{"not_picked":["Aggregate","Hello World+1","Go for the Eyes"],"picked":"Singing Bowl","floor":47},{"not_picked":["Double Energy","Chill+1","Steam+1"],"picked":"Singing Bowl","floor":48},{"not_picked":["Hologram","Barrage"],"picked":"Conserve Battery+1","floor":54}],"player_experience":597413,"relics_obtained":[{"floor":6,"key":"PreservedInsect"},{"floor":22,"key":"Nilry\u0027s Codex"},{"floor":24,"key":"Singing Bowl"},{"floor":26,"key":"Potion Belt"},{"floor":27,"key":"Dead Branch"},{"floor":43,"key":"Shuriken"},{"floor":54,"key":"Toxic Egg 2"}],"event_choices":[{"damage_healed":0,"gold_gain":0,"player_choice":"Success","damage_taken":7,"relics_obtained":["The Courier"],"max_hp_gain":0,"max_hp_loss":0,"event_name":"Scrap Ooze","floor":2,"gold_loss":0},{"damage_healed":0,"gold_gain":0,"player_choice":"Upgraded","damage_taken":0,"max_hp_gain":0,"max_hp_loss":0,"event_name":"Upgrade Shrine","floor":3,"gold_loss":0,"cards_upgraded":["Buffer"]},{"damage_healed":0,"gold_gain":0,"player_choice":"Obtained Book","damage_taken":16,"max_hp_gain":0,"max_hp_loss":0,"event_name":"Cursed Tome","floor":22,"gold_loss":0},{"damage_healed":0,"gold_gain":99,"player_choice":"Stole From Cult","damage_taken":0,"max_hp_gain":0,"max_hp_loss":0,"event_name":"Nest","floor":30,"gold_loss":0},{"damage_healed":0,"gold_gain":0,"player_choice":"Ignored","damage_taken":0,"max_hp_gain":0,"max_hp_loss":0,"event_name":"Tomb of Lord Red Mask","floor":37,"gold_loss":0},{"damage_healed":0,"gold_gain":0,"player_choice":"Embrace Madness","damage_taken":10,"max_hp_gain":0,"max_hp_loss":0,"event_name":"Winding Halls","floor":41,"gold_loss":0,"cards_obtained":["Madness","Madness"]}],"is_beta":false,"boss_relics":[{"not_picked":["Nuclear Battery","Snecko Eye"],"picked":"Philosopher\u0027s Stone"},{"not_picked":["Runic Dome","White Beast Statue"],"picked":"Astrolabe"}],"items_purged_floors":[19,46],"is_endless":false,"potions_floor_spawned":[8,16,21,24,33,36,39,47,48],"killed_by":"The Heart","ascension_level":0}