{"gold_per_floor":[144,189,234,279,204,204,249,294,319,409,35,35,35,92,92,392,392,437,31,76,124,124,214,214,304,304,349,26,26,0,45,45,345,345,390,435,117,162,219,219,69,114,189,234,234,279,369,414,414,414],"floor_reached":51,"playtime":4366,"items_purged":["Strike_R","Strike_G","Injury","Strike_B"],"score":744,"play_id":"714a2d6a-9040-4da7-a8bc-1f1b99192d29","local_time":"20181120051130","daily_mods":["Chimera","ControlledChaos","Midas"],"is_ascension_mode":false,"campfire_choices":[{"floor":6,"key":"REST"},{"floor":12,"key":"REST"},{"floor":15,"key":"REST"},{"floor":24,"key":"REST"},{"floor":32,"key":"REST"},{"floor":40,"key":"REST"},{"floor":45,"key":"REST"},{"floor":49,"key":"REST"}],"neow_cost":"","seed_source_timestamp":0,"circlet_count":0,"master_deck":["Bash","Survivor","Zap","Defend_R","Defend_G","Defend_B","Compile Driver","Consume+1","Leap","Capacitor","BootSequence","Cold Snap","Panache","Go for the Eyes","Seek","Ball Lightning+1","Apotheosis","Capacitor","Madness","Self Repair","Coolheaded","Defragment","Stack","Barrage","Go for the Eyes","Glacier+1","Machine Learning","Conserve Battery","Conserve Battery+1","Core Surge","Secret Technique","Recycle","Barrage+1","White Noise","Regret","Hologram+1","Electrodynamics","White Noise+1","Turbo+1","Turbo","Parasite","Loop+1"],"special_seed":17855,"relics":["Cracked Core","Frozen Eye","Regal Pillow","Pen Nib","Runic Capacitor","Odd Mushroom","Cursed Key","Red Mask","Dream Catcher","PreservedInsect","Dodecahedron","Question Card","Blood Vial","Runic Pyramid","Prayer Wheel","Bottled Tornado","Meat on the Bone"],"potions_floor_usage":[8,16,16,18,21,21,33,38,38,44,50,50,50],"damage_taken":[{"damage":9,"enemies":"2 Louse","floor":1,"turns":3},{"damage":0,"enemies":"Small Slimes","floor":2,"turns":3},{"damage":1,"enemies":"Jaw Worm","floor":3,"turns":3},{"damage":1,"enemies":"2 Fungi Beasts","floor":4,"turns":3},{"damage":5,"enemies":"Blue Slaver","floor":7,"turns":5},{"damage":14,"enemies":"Exordium Wildlife","floor":8,"turns":4},{"damage":32,"enemies":"3 Sentries","floor":10,"turns":5},{"damage":17,"enemies":"The Mushroom Lair","floor":14,"turns":4},{"damage":30,"enemies":"Hexaghost","floor":16,"turns":8},{"damage":0,"enemies":"Spheric Guardian","floor":18,"turns":6},{"damage":0,"enemies":"Chosen","floor":20,"turns":4},{"damage":3,"enemies":"Masked Bandits","floor":21,"turns":4},{"damage":22,"enemies":"Gremlin Leader","floor":23,"turns":4},{"damage":37,"enemies":"Slavers","floor":25,"turns":5},{"damage":3,"enemies":"Centurion and Healer","floor":27,"turns":5},{"damage":20,"enemies":"Snake Plant","floor":31,"turns":4},{"damage":7,"enemies":"Collector","floor":33,"turns":7},{"damage":15,"enemies":"3 Darklings","floor":35,"turns":4},{"damage":1,"enemies":"Orb Walker","floor":36,"turns":4},{"damage":13,"enemies":"3 Darklings","floor":38,"turns":5},{"damage":59,"enemies":"2 Orb Walkers","floor":39,"turns":5},{"damage":18,"enemies":"Sphere and 2 Shapes","floor":42,"turns":6},{"damage":6,"enemies":"Transient","floor":44,"turns":5},{"damage":7,"enemies":"Maw","floor":46,"turns":8},{"damage":0,"enemies":"Nemesis","floor":47,"turns":5},{"damage":21,"enemies":"Writhing Mass","floor":48,"turns":6},{"damage":41,"enemies":"Donu and Deca","floor":50,"turns":8}],"seed_played":"7186099057147900671","potions_obtained":[{"floor":1,"key":"Poison Potion"},{"floor":4,"key":"Swift Potion"},{"floor":7,"key":"Ancient Potion"},{"floor":8,"key":"SpeedPotion"},{"floor":16,"key":"SkillPotion"},{"floor":20,"key":"SkillPotion"},{"floor":21,"key":"SmokeBomb"},{"floor":27,"key":"Dexterity Potion"},{"floor":33,"key":"Weak Potion"},{"floor":35,"key":"Ancient Potion"},{"floor":36,"key":"Block Potion"},{"floor":42,"key":"Poison Potion"},{"floor":47,"key":"FearPotion"},{"floor":48,"key":"LiquidBronze"}],"is_trial":false,"path_per_floor":["M","M","M","M","$","R","M","M","T","E","$","R","?","?","R","B",null,"M","$","M","?","?","E","R","E","T","M","$","?","$","M","R","B",null,"M","M","$","M","?","R","$","M","T","M","R","M","E","M","R","B",null],"character_chosen":"DEFECT","items_purchased":["Panache","Runic Capacitor","Apotheosis","Capacitor","Madness","Stack","Blood Vial","Barrage","Core Surge","Secret Technique"],"campfire_rested":8,"item_purchase_floors":[11,11,19,19,19,28,28,30,37,37],"current_hp_per_floor":[66,66,65,64,64,75,70,56,56,24,24,61,61,44,75,45,75,75,75,75,72,72,50,75,45,45,52,52,38,38,30,69,64,80,75,80,80,74,27,66,66,57,57,63,80,80,80,69,80,61],"gold":414,"neow_bonus":"","is_prod":false,"is_daily":true,"chose_seed":false,"campfire_upgraded":0,"win_rate":0,"timestamp":1542708690,"path_taken":["M","M","M","M","$","R","M","M","T","E","$","R","?","?","R","BOSS","M","$","M","?","?","E","R","E","T","M","$","?","?","M","R","BOSS","M","M","$","M","?","R","$","M","T","M","R","M","E","M","R","BOSS"],"build_version":"2018-11-15","purchased_purges":4,"victory":true,"max_hp_per_floor":[75,75,75,75,75,75,75,75,75,75,75,75,75,75,75,75,75,75,75,75,75,75,75,75,75,75,75,75,80,80,80,80,80,80,80,80,80,80,80,80,80,80,80,80,80,80,80,80,80,80],"card_choices":[{"not_picked":["Storm","Rebound"],"picked":"Compile Driver","floor":1},{"not_picked":["Stack","Streamline"],"picked":"Consume","floor":2},{"not_picked":["Compile Driver","Blizzard"],"picked":"Leap","floor":3},{"not_picked":["Steam","Ball Lightning"],"picked":"Capacitor","floor":4},{"not_picked":["Stack","Aggregate"],"picked":"BootSequence","floor":7},{"not_picked":["Meteor Strike","Steam Power","Compile Driver"],"picked":"SKIP","floor":8},{"not_picked":["Auto Shields","Turbo"],"picked":"Cold Snap","floor":10},{"not_picked":["Scrape","Barrage"],"picked":"Go for the Eyes","floor":14},{"not_picked":["Core Surge","Biased Cognition"],"picked":"Seek","floor":16},{"not_picked":["Cold Snap","Steam"],"picked":"Ball Lightning+1","floor":18},{"not_picked":["Leap","Capacitor+1"],"picked":"Self Repair","floor":20},{"not_picked":["Sweeping Beam","Leap","Barrage"],"picked":"SKIP","floor":23},{"not_picked":["Darkness","Storm+1"],"picked":"Coolheaded","floor":25},{"not_picked":["Lockon","Machine Learning","Streamline"],"picked":"Defragment","floor":27},{"not_picked":["Barrage","Beam Cell","Hello World"],"picked":"Go for the Eyes","floor":31},{"not_picked":["Leap","Skim","Double Energy"],"picked":"Glacier+1","floor":32},{"not_picked":["Thunder Strike","Rainbow","Hyperbeam"],"picked":"Machine Learning","floor":33},{"not_picked":["Heatsinks","Storm+1","Rebound"],"picked":"Conserve Battery","floor":35},{"not_picked":["Steam Power+1","Barrage","Leap+1"],"picked":"Conserve Battery+1","floor":36},{"not_picked":["Ball Lightning+1","Recycle","Storm+1","Steam"],"picked":"SKIP","floor":38},{"not_picked":["All For One","Beam Cell","Barrage"],"picked":"Recycle","floor":39},{"not_picked":["Conserve Battery","Rip and Tear+1","Leap"],"picked":"Barrage+1","floor":40},{"not_picked":["Ball Lightning+1","Blizzard+1","Coolheaded"],"picked":"White Noise","floor":42},{"not_picked":["Sweeping Beam","Ball Lightning+1","Lockon","Gash"],"picked":"SKIP","floor":42},{"not_picked":["Gash","Cold Snap+1","Glacier"],"picked":"Hologram+1","floor":44},{"not_picked":["Sweeping Beam+1","Stack+1","Coolheaded+1"],"picked":"Electrodynamics","floor":44},{"not_picked":["Compile Driver+1","Double Energy","Redo"],"picked":"White Noise+1","floor":45},{"not_picked":["Gash","Streamline+1","Steam Power+1"],"picked":"Turbo+1","floor":46},{"not_picked":["Heatsinks+1","Redo+1","Coolheaded"],"picked":"Turbo","floor":46},{"not_picked":["Sweeping Beam+1","Rebound+1","Undo+1","Heatsinks"],"picked":"SKIP","floor":47},{"not_picked":["Genetic Algorithm+1","Hyperbeam","Streamline","Barrage+1"],"picked":"SKIP","floor":48},{"not_picked":["Cold Snap+1","Genetic Algorithm+1","Steam+1","Aggregate"],"picked":"SKIP","floor":48},{"not_picked":["Scrape","Reinforced Body+1","Cold Snap"],"picked":"Loop+1","floor":49}],"player_experience":556181,"relics_obtained":[{"floor":9,"key":"Regal Pillow"},{"floor":10,"key":"Pen Nib"},{"floor":14,"key":"Odd Mushroom"},{"floor":21,"key":"Red Mask"},{"floor":23,"key":"PreservedInsect"},{"floor":25,"key":"Dodecahedron"},{"floor":26,"key":"Question Card"},{"floor":39,"key":"Prayer Wheel"},{"floor":43,"key":"Bottled Tornado"},{"floor":47,"key":"Meat on the Bone"}],"event_choices":[{"damage_healed":0,"gold_gain":0,"player_choice":"Grow","damage_taken":0,"max_hp_gain":0,"max_hp_loss":0,"event_name":"Living Wall","floor":13,"gold_loss":0,"cards_upgraded":["Consume"]},{"damage_healed":0,"gold_gain":0,"player_choice":"Fought Mushrooms","damage_taken":0,"max_hp_gain":0,"max_hp_loss":0,"event_name":"Mushrooms","floor":14,"gold_loss":0},{"damage_healed":0,"gold_gain":0,"player_choice":"Fought Bandits","damage_taken":0,"max_hp_gain":0,"max_hp_loss":0,"event_name":"Masked Bandits","floor":21,"gold_loss":0},{"damage_healed":0,"gold_gain":0,"player_choice":"Opened","damage_taken":0,"relics_obtained":["Dream Catcher"],"max_hp_gain":0,"max_hp_loss":0,"event_name":"The Mausoleum","floor":22,"gold_loss":0},{"damage_healed":0,"gold_gain":0,"player_choice":"Shed Blood","damage_taken":19,"max_hp_gain":5,"max_hp_loss":0,"event_name":"Forgotten Altar","floor":29,"gold_loss":0},{"damage_healed":0,"gold_gain":0,"player_choice":"Fight","damage_taken":0,"max_hp_gain":0,"max_hp_loss":0,"event_name":"Mysterious Sphere","floor":39,"gold_loss":0}],"is_beta":false,"boss_relics":[{"not_picked":["FrozenCore","Philosopher\u0027s Stone"],"picked":"Cursed Key"},{"not_picked":["White Beast Statue","Pandora\u0027s Box"],"picked":"Runic Pyramid"}],"items_purged_floors":[5,19,28,41],"is_endless":false,"potions_floor_spawned":[1,4,7,8,16,20,21,27,33,35,36,42,47,48],"ascension_level":0}