{"gold_per_floor":[112,287,287,306,318,318,350,350,376,411,486,486],"floor_reached":12,"playtime":268,"items_purged":[],"score":108,"play_id":"f4c1c4e3-fa01-4e6f-8555-715c25b3c711","local_time":"20190122000448","is_ascension_mode":true,"campfire_choices":[{"data":"Inflame","floor":6,"key":"SMITH"}],"neow_cost":"NONE","seed_source_timestamp":1079392228861011,"circlet_count":0,"master_deck":["Strike_R","Strike_R","Strike_R","Strike_R+1","Strike_R","Defend_R","Defend_R+1","Defend_R","Defend_R","Bash","Metallicize+1","Doubt","Seeing Red","Inflame+1","True Grit","Dropkick"],"relics":["Burning Blood","NeowsBlessing","Anchor","Dream Catcher","Oddly Smooth Stone"],"potions_floor_usage":[7,7,10],"damage_taken":[{"damage":0,"enemies":"Cultist","floor":1,"turns":1},{"damage":0,"enemies":"Small Slimes","floor":4,"turns":1},{"damage":0,"enemies":"2 Louse","floor":5,"turns":1},{"damage":28,"enemies":"Gremlin Nob","floor":7,"turns":5},{"damage":19,"enemies":"Lagavulin","floor":10,"turns":5},{"damage":26,"enemies":"Large Slime","floor":12,"turns":8}],"seed_played":"3409951988534895605","potions_obtained":[{"floor":1,"key":"SpeedPotion"},{"floor":5,"key":"Swift Potion"},{"floor":7,"key":"SteroidPotion"}],"is_trial":false,"path_per_floor":["M","?","?","M","M","R","E","?","T","E","?","M"],"character_chosen":"IRONCLAD","items_purchased":[],"campfire_rested":0,"item_purchase_floors":[],"current_hp_per_floor":[80,80,80,80,80,80,58,42,42,29,21,0],"gold":486,"neow_bonus":"THREE_ENEMY_KILL","is_prod":false,"is_daily":false,"chose_seed":false,"campfire_upgraded":1,"win_rate":0,"timestamp":1548137088,"path_taken":["M","?","?","M","?","R","E","?","T","E","?","?"],"build_version":"2019-01-17v2","purchased_purges":0,"victory":false,"max_hp_per_floor":[80,80,80,80,80,80,80,80,80,80,80,80],"card_choices":[{"not_picked":["Armaments","Entrench"],"picked":"Metallicize","floor":1},{"not_picked":["Headbutt","Second Wind"],"picked":"Seeing Red","floor":4},{"not_picked":["Metallicize","Dual Wield"],"picked":"Inflame","floor":5},{"not_picked":["Second Wind","Havoc"],"picked":"True Grit","floor":7},{"not_picked":["Havoc","Bloodletting"],"picked":"Dropkick","floor":10}],"player_experience":295132,"relics_obtained":[{"floor":7,"key":"Anchor"},{"floor":9,"key":"Dream Catcher"},{"floor":10,"key":"Oddly Smooth Stone"}],"event_choices":[{"damage_healed":0,"gold_gain":175,"player_choice":"AGREE","damage_taken":0,"max_hp_gain":0,"max_hp_loss":0,"event_name":"Liars Game","floor":2,"gold_loss":0,"cards_obtained":["Doubt"]},{"damage_healed":0,"gold_gain":0,"player_choice":"Upgraded","damage_taken":0,"max_hp_gain":0,"max_hp_loss":0,"event_name":"Upgrade Shrine","floor":3,"gold_loss":0,"cards_upgraded":["Metallicize"]},{"damage_healed":0,"gold_gain":0,"player_choice":"Entered Light","damage_taken":16,"max_hp_gain":0,"max_hp_loss":0,"event_name":"Shining Light","floor":8,"gold_loss":0,"cards_upgraded":["Strike_R","Defend_R"]},{"damage_healed":0,"gold_gain":75,"player_choice":"Touch","damage_taken":8,"max_hp_gain":0,"max_hp_loss":0,"event_name":"FaceTrader","floor":11,"gold_loss":0}],"is_beta":false,"boss_relics":[],"items_purged_floors":[],"is_endless":false,"potions_floor_spawned":[1,5,7],"killed_by":"Large Slime","ascension_level":5}