{"gold_per_floor":[115,40,54,69,83,111,66,66,66,79,79,79],"floor_reached":12,"playtime":329,"items_purged":["Defend_B"],"score":80,"play_id":"59b24bf4-7ee9-44d4-946f-77b5e4169942","local_time":"20181118233952","is_ascension_mode":false,"campfire_choices":[],"neow_cost":"TEN_PERCENT_HP_LOSS","seed_source_timestamp":10110094595638,"circlet_count":0,"master_deck":["Strike_B","Strike_B","Defend_B","Defend_B","Zap","Dualcast","Coolheaded","Cold Snap","Go for the Eyes","Consume","Glacier"],"relics":["Cracked Core","Ancient Tea Set","Frozen Egg 2","Pantograph"],"potions_floor_usage":[5],"damage_taken":[{"damage":7,"enemies":"Small Slimes","floor":1,"turns":4},{"damage":0,"enemies":"Jaw Worm","floor":3,"turns":4},{"damage":0,"enemies":"2 Louse","floor":4,"turns":2},{"damage":7,"enemies":"Gremlin Gang","floor":5,"turns":3},{"damage":37,"enemies":"Gremlin Nob","floor":6,"turns":6},{"damage":0,"enemies":"Red Slaver","floor":10,"turns":5},{"damage":14,"enemies":"3 Louse","floor":12,"turns":1}],"seed_played":"6869018161091333088","potions_obtained":[{"floor":3,"key":"SteroidPotion"},{"floor":4,"key":"Explosive Potion"},{"floor":5,"key":"Ancient Potion"}],"is_trial":false,"path_per_floor":["M","$","M","M","M","E","?","T","T","M","?","M"],"character_chosen":"DEFECT","items_purchased":[],"campfire_rested":0,"item_purchase_floors":[],"current_hp_per_floor":[61,61,61,61,54,17,17,17,17,17,10,0],"gold":79,"neow_bonus":"REMOVE_TWO","is_prod":false,"is_daily":false,"chose_seed":false,"campfire_upgraded":0,"win_rate":0,"timestamp":1542551992,"path_taken":["M","$","M","M","M","E","?","?","T","M","?","M"],"build_version":"2018-11-15","purchased_purges":1,"victory":false,"max_hp_per_floor":[68,68,68,68,68,68,68,68,68,68,68,68],"card_choices":[{"not_picked":["Recycle","Leap"],"picked":"Coolheaded","floor":1},{"not_picked":["Redo","Lockon"],"picked":"Cold Snap","floor":3},{"not_picked":["Blizzard","Leap"],"picked":"Go for the Eyes","floor":4},{"not_picked":["Sweeping Beam","Reprogram","Streamline"],"picked":"SKIP","floor":5},{"not_picked":["Blizzard","Rebound"],"picked":"Consume","floor":6},{"not_picked":["Loop+1","Reinforced Body"],"picked":"Glacier","floor":10}],"player_experience":591211,"relics_obtained":[{"floor":6,"key":"Ancient Tea Set"},{"floor":8,"key":"Frozen Egg 2"},{"floor":9,"key":"Pantograph"}],"event_choices":[{"damage_healed":0,"gold_gain":0,"player_choice":"Left Gold","damage_taken":0,"max_hp_gain":0,"max_hp_loss":0,"event_name":"World of Goop","floor":7,"gold_loss":45},{"cards_removed":["Defend_B"],"damage_healed":0,"gold_gain":0,"player_choice":"Card Removal","damage_taken":7,"max_hp_gain":0,"max_hp_loss":0,"event_name":"Golden Wing","floor":11,"gold_loss":0}],"is_beta":false,"boss_relics":[],"items_purged_floors":[2],"is_endless":false,"potions_floor_spawned":[3,4,5],"killed_by":"3 Louse","ascension_level":0}