{"gold_per_floor":[119,135,147,147,166,166,196,196,267,302,302,333,350,362,362,362],"floor_reached":16,"playtime":2510,"items_purged":[],"score":112,"play_id":"a1d22bac-a55d-4f4f-a839-2a9754f0d7a3","local_time":"20190110120836","is_ascension_mode":false,"campfire_choices":[{"data":"Acrobatics","floor":6,"key":"SMITH"},{"floor":11,"key":"REST"},{"floor":15,"key":"REST"}],"neow_cost":"NONE","seed_source_timestamp":807339865583486,"circlet_count":0,"master_deck":["Defend_G","Defend_G","Defend_G","Defend_G","Defend_G","Strike_G","Strike_G","Strike_G","Strike_G","Strike_G","Survivor","Neutralize","Blind","Bouncing Flask","Choke","Acrobatics+1","Skewer","Parasite","Reflex","Dagger Throw","Quick Slash","Tactician"],"relics":["Ring of the Snake","Shuriken","Pen Nib","Vajra"],"potions_floor_usage":[16],"damage_taken":[{"damage":0,"enemies":"Jaw Worm","floor":1,"turns":7},{"damage":0,"enemies":"Small Slimes","floor":2,"turns":3},{"damage":0,"enemies":"2 Louse","floor":3,"turns":2},{"damage":23,"enemies":"Large Slime","floor":5,"turns":10},{"damage":45,"enemies":"Gremlin Nob","floor":10,"turns":5},{"damage":23,"enemies":"Lagavulin","floor":12,"turns":8},{"damage":0,"enemies":"Exordium Wildlife","floor":13,"turns":3},{"damage":0,"enemies":"3 Louse","floor":14,"turns":3},{"damage":45,"enemies":"Hexaghost","floor":16,"turns":12}],"seed_played":"2580033330448029906","potions_obtained":[{"floor":2,"key":"GhostInAJar"},{"floor":3,"key":"Regen Potion"},{"floor":12,"key":"Regen Potion"}],"is_trial":false,"path_per_floor":["M","M","M","$","M","R","?","?","T","E","R","E","M","M","R","B"],"character_chosen":"THE_SILENT","items_purchased":[],"campfire_rested":2,"item_purchase_floors":[],"current_hp_per_floor":[70,70,70,70,47,47,47,64,64,19,40,17,17,17,38,0],"gold":362,"neow_bonus":"RANDOM_COLORLESS","is_prod":false,"is_daily":false,"chose_seed":false,"campfire_upgraded":1,"win_rate":0.0,"timestamp":1547118516,"path_taken":["M","M","M","$","M","R","?","?","T","E","R","E","M","M","R","BOSS"],"build_version":"2019-01-03v4","purchased_purges":0,"victory":false,"max_hp_per_floor":[70,70,70,70,70,70,70,70,70,70,70,70,70,70,70,70],"card_choices":[{"not_picked":["Catalyst","Poisoned Stab"],"picked":"Bouncing Flask","floor":1},{"not_picked":["Bane","Flying Knee"],"picked":"Choke","floor":2},{"not_picked":["Choke","Deadly Poison"],"picked":"Acrobatics","floor":3},{"not_picked":["Choke","Masterful Stab"],"picked":"Skewer","floor":5},{"not_picked":["Blade Dance","Masterful Stab"],"picked":"Reflex","floor":10},{"not_picked":["Prepared","All Out Attack"],"picked":"Dagger Throw","floor":12},{"not_picked":["Underhanded Strike","Sucker Punch"],"picked":"Quick Slash","floor":13},{"not_picked":["Eviscerate","Flying Knee"],"picked":"Tactician","floor":14}],"player_experience":143020,"relics_obtained":[{"floor":9,"key":"Shuriken"},{"floor":10,"key":"Pen Nib"},{"floor":12,"key":"Vajra"}],"event_choices":[{"damage_healed":0,"gold_gain":30,"player_choice":"Searched \u00271\u0027 times","damage_taken":0,"max_hp_gain":0,"max_hp_loss":0,"event_name":"Dead Adventurer","floor":7,"gold_loss":0},{"damage_healed":17,"gold_gain":0,"player_choice":"Healed and dodged fight","damage_taken":0,"max_hp_gain":0,"max_hp_loss":0,"event_name":"Mushrooms","floor":8,"gold_loss":0,"cards_obtained":["Parasite"]}],"is_beta":false,"boss_relics":[],"items_purged_floors":[],"is_endless":false,"potions_floor_spawned":[2,3,12,13],"killed_by":"Hexaghost","ascension_level":0}