{"gold_per_floor":[110,127,127,60,21,54,73,92,115,140,140,140,150,150,150,246,246,260,270,270,284,304,304,333,351,375,393,166,200,200,214,214,311,311,329,346,346,111,111,125,160,178,178,178,231,231,265,275,275,275],"floor_reached":51,"playtime":3698,"items_purged":["Parasite","Defend_B"],"score":909,"play_id":"844a8182-0ff9-4cf1-b279-d244a09a9269","local_time":"20190103141530","is_ascension_mode":false,"campfire_choices":[{"floor":11,"key":"REST"},{"data":"Loop","floor":15,"key":"SMITH"},{"floor":23,"key":"REST"},{"floor":30,"key":"REST"},{"data":"Buffer","floor":32,"key":"SMITH"},{"data":"Echo Form","floor":44,"key":"SMITH"},{"floor":46,"key":"REST"},{"data":"Seek","floor":49,"key":"SMITH"}],"neow_cost":"NONE","seed_source_timestamp":747192716730298,"circlet_count":0,"master_deck":["Strike_B","Strike_B","Strike_B","Defend_B","Defend_B","Defend_B","Zap","Dualcast","Conserve Battery","Electrodynamics","Static Discharge","Cold Snap","Loop+1","Gash","Force Field","Rebound","Biased Cognition","Ball Lightning","Loop","Amplify","Stack+1","Stack+1","Beam Cell","Streamline+1","Buffer+1","Ball Lightning","Seek+1","Go for the Eyes+1","Echo Form+1","Loop+1","Redo+1","Heatsinks+1","Decay","Loop+1","Aggregate+1","Parasite","Melter"],"relics":["FrozenCore","NeowsBlessing","CultistMask","Lantern","Dream Catcher","Regal Pillow","Mercury Hourglass","Cursed Key","Unceasing Top","Happy Flower","Orichalcum","Mummified Hand","Letter Opener","Blood Vial","Calipers","Shuriken"],"potions_floor_usage":[16,18,21,21,24,33,33,50,50,50],"damage_taken":[{"damage":0,"enemies":"Small Slimes","floor":1,"turns":1},{"damage":0,"enemies":"Cultist","floor":2,"turns":1},{"damage":0,"enemies":"Gremlin Nob","floor":6,"turns":1},{"damage":1,"enemies":"2 Louse","floor":7,"turns":2},{"damage":7,"enemies":"Exordium Wildlife","floor":8,"turns":3},{"damage":13,"enemies":"3 Sentries","floor":10,"turns":3},{"damage":6,"enemies":"Lots of Slimes","floor":13,"turns":3},{"damage":0,"enemies":"Slime Boss","floor":16,"turns":4},{"damage":13,"enemies":"Shell Parasite","floor":18,"turns":3},{"damage":0,"enemies":"Chosen","floor":19,"turns":4},{"damage":0,"enemies":"Sentry and Sphere","floor":21,"turns":2},{"damage":9,"enemies":"Centurion and Healer","floor":22,"turns":3},{"damage":13,"enemies":"Gremlin Leader","floor":24,"turns":5},{"damage":0,"enemies":"Snecko","floor":25,"turns":4},{"damage":2,"enemies":"Snake Plant","floor":27,"turns":3},{"damage":13,"enemies":"Book of Stabbing","floor":29,"turns":5},{"damage":0,"enemies":"Sentry and Sphere","floor":31,"turns":3},{"damage":0,"enemies":"Collector","floor":33,"turns":6},{"damage":0,"enemies":"3 Shapes","floor":35,"turns":4},{"damage":0,"enemies":"Orb Walker","floor":36,"turns":4},{"damage":0,"enemies":"Sphere and 2 Shapes","floor":40,"turns":2},{"damage":0,"enemies":"Nemesis","floor":41,"turns":7},{"damage":16,"enemies":"Maw","floor":42,"turns":6},{"damage":0,"enemies":"2 Orb Walkers","floor":45,"turns":3},{"damage":4,"enemies":"Reptomancer","floor":47,"turns":6},{"damage":3,"enemies":"Writhing Mass","floor":48,"turns":4},{"damage":10,"enemies":"Donu and Deca","floor":50,"turns":6}],"seed_played":"3155933132297807410","potions_obtained":[{"floor":1,"key":"LiquidBronze"},{"floor":6,"key":"Weak Potion"},{"floor":7,"key":"GamblersBrew"},{"floor":8,"key":"Fire Potion"},{"floor":18,"key":"Explosive Potion"},{"floor":19,"key":"PowerPotion"},{"floor":25,"key":"Swift Potion"},{"floor":27,"key":"Energy Potion"},{"floor":31,"key":"SteroidPotion"},{"floor":40,"key":"AttackPotion"},{"floor":42,"key":"Strength Potion"},{"floor":45,"key":"Swift Potion"},{"floor":48,"key":"Explosive Potion"}],"is_trial":false,"path_per_floor":["M","M","?","$","$","E","M","M","T","E","R","T","M","?","R","B",null,"M","M","?","M","M","R","E","M","T","M","$","E","R","M","R","B",null,"M","M","?","$","?","M","E","M","T","R","?","R","E","M","R","B",null],"character_chosen":"DEFECT","items_purchased":["Electrodynamics","Static Discharge","Orichalcum","Echo Form"],"campfire_rested":4,"item_purchase_floors":[4,5,28,38],"current_hp_per_floor":[75,75,75,75,75,75,74,67,67,54,75,75,69,69,69,69,75,62,62,62,62,53,75,62,62,62,60,60,47,72,72,72,72,72,72,72,72,72,72,72,72,56,56,56,58,72,68,67,67,59],"gold":275,"neow_bonus":"THREE_ENEMY_KILL","is_prod":false,"is_daily":false,"chose_seed":false,"campfire_upgraded":4,"win_rate":0.0,"timestamp":1546542930,"path_taken":["M","M","?","?","$","E","M","?","T","E","R","?","?","?","R","BOSS","M","M","?","M","M","R","E","?","T","M","$","E","R","M","R","BOSS","M","M","?","$","?","M","E","?","T","R","?","R","E","M","R","BOSS"],"build_version":"2018-12-20","purchased_purges":2,"victory":true,"max_hp_per_floor":[75,75,75,75,75,75,75,75,75,75,75,75,75,75,75,75,75,75,75,75,75,75,75,75,75,75,75,72,72,72,72,72,72,72,72,72,72,72,72,72,72,72,72,72,72,72,72,72,72,72],"card_choices":[{"not_picked":["Cold Snap","Leap"],"picked":"Conserve Battery","floor":1},{"not_picked":["Conserve Battery","Redo"],"picked":"Coolheaded","floor":2},{"not_picked":["Reprogram","Leap"],"picked":"Cold Snap","floor":6},{"not_picked":["Gash","Stack"],"picked":"Loop","floor":7},{"not_picked":["Heatsinks","All For One"],"picked":"Gash","floor":8},{"not_picked":["Turbo","Hologram"],"picked":"Force Field","floor":10},{"not_picked":["Tempest","Turbo"],"picked":"Rebound","floor":13},{"not_picked":["Multi-Cast","Hyperbeam"],"picked":"Biased Cognition","floor":16},{"not_picked":["Turbo","Hologram+1"],"picked":"Ball Lightning","floor":18},{"not_picked":["Leap","Steam"],"picked":"Loop","floor":19},{"not_picked":["Darkness+1","Chill"],"picked":"Stack+1","floor":21},{"not_picked":["Barrage","Rip and Tear"],"picked":"Stack+1","floor":22},{"not_picked":["Skim","Compile Driver"],"picked":"Beam Cell","floor":23},{"not_picked":["Beam Cell","Steam"],"picked":"Streamline+1","floor":24},{"not_picked":["Stack","Redo","Rebound"],"picked":"SKIP","floor":25},{"not_picked":["Barrage+1","Cold Snap","Blizzard+1"],"picked":"SKIP","floor":27},{"not_picked":["Turbo","Blizzard","Go for the Eyes"],"picked":"SKIP","floor":29},{"not_picked":["Conserve Battery+1","Barrage"],"picked":"Buffer","floor":30},{"not_picked":["Genetic Algorithm","Sweeping Beam+1"],"picked":"Ball Lightning","floor":31},{"not_picked":["All For One","Multi-Cast"],"picked":"Seek","floor":33},{"not_picked":["Leap+1","Gash","Undo"],"picked":"SKIP","floor":35},{"not_picked":["Turbo","Compile Driver+1"],"picked":"Go for the Eyes+1","floor":36},{"not_picked":["Reinforced Body","Stack+1"],"picked":"Redo+1","floor":40},{"not_picked":["Fusion","Amplify","Rip and Tear+1"],"picked":"SKIP","floor":41},{"not_picked":["Leap+1","Undo+1"],"picked":"Heatsinks+1","floor":42},{"not_picked":["Hologram","Doom and Gloom+1"],"picked":"Loop+1","floor":46},{"not_picked":["Beam Cell+1","Undo+1"],"picked":"Aggregate+1","floor":47},{"not_picked":["Darkness+1","Rebound"],"picked":"Melter","floor":48}],"player_experience":131934,"relics_obtained":[{"floor":6,"key":"Lantern"},{"floor":9,"key":"Dream Catcher"},{"floor":10,"key":"Regal Pillow"},{"floor":12,"key":"Mercury Hourglass"},{"floor":24,"key":"Unceasing Top"},{"floor":26,"key":"Happy Flower"},{"floor":29,"key":"Mummified Hand"},{"floor":41,"key":"Letter Opener"},{"floor":43,"key":"Blood Vial"},{"floor":45,"key":"Calipers"},{"floor":47,"key":"Shuriken"}],"event_choices":[{"damage_healed":0,"gold_gain":0,"player_choice":"Trade","damage_taken":0,"relics_obtained":["CultistMask"],"max_hp_gain":0,"max_hp_loss":0,"event_name":"FaceTrader","floor":3,"gold_loss":0},{"damage_healed":0,"gold_gain":0,"player_choice":"Ignored","damage_taken":0,"max_hp_gain":0,"max_hp_loss":0,"event_name":"Liars Game","floor":14,"gold_loss":0},{"damage_healed":0,"gold_gain":0,"cards_transformed":["Coolheaded"],"player_choice":"Transformed","damage_taken":0,"max_hp_gain":0,"max_hp_loss":0,"event_name":"Transmorgrifier","floor":20,"gold_loss":0,"cards_obtained":["Amplify"]},{"cards_removed":["Strike_B"],"damage_healed":0,"gold_gain":0,"player_choice":"Removed Attack","damage_taken":0,"max_hp_gain":0,"max_hp_loss":0,"event_name":"Falling","floor":37,"gold_loss":0},{"damage_healed":0,"gold_gain":0,"player_choice":"Copied","damage_taken":0,"max_hp_gain":0,"max_hp_loss":0,"event_name":"Duplicator","floor":39,"gold_loss":0,"cards_obtained":["Loop"]},{"damage_healed":0,"gold_gain":0,"player_choice":"Fight","damage_taken":0,"max_hp_gain":0,"max_hp_loss":0,"event_name":"Mysterious Sphere","floor":45,"gold_loss":0}],"is_beta":false,"boss_relics":[{"not_picked":["Nuclear Battery","Runic Dome"],"picked":"Cursed Key"},{"not_picked":["Sozu","Philosopher\u0027s Stone"],"picked":"FrozenCore"}],"items_purged_floors":[28,38],"is_endless":false,"potions_floor_spawned":[1,6,7,8,18,19,25,27,31,40,42,45,48],"ascension_level":0}