{"gold_per_floor":[118,8,108,119,130,130,143,143,170,186,217,21,21,36,36,135,135,155,174,174,186,186],"floor_reached":22,"playtime":1165,"items_purged":["Strike_B"],"score":263,"play_id":"98d1e9cc-ea71-41e6-bd70-721507aee868","local_time":"20181110092729","is_ascension_mode":true,"campfire_choices":[{"floor":6,"key":"REST"},{"floor":15,"key":"REST"}],"neow_cost":"PERCENT_DAMAGE","seed_source_timestamp":2710846608159140,"circlet_count":0,"master_deck":["Strike_B","Defend_B","Defend_B","Zap","Dualcast","Go for the Eyes","Capacitor","Genetic Algorithm","Conserve Battery","Ball Lightning","Compile Driver","FTL","Defragment","Echo Form","Reprogram+1","Electrodynamics+1","Barrage+1","Glacier","Echo Form","Beam Cell+1"],"relics":["Cracked Core","PreservedInsect","Lantern","Sling","Astrolabe"],"potions_floor_usage":[7,16,16,18],"damage_taken":[{"damage":2,"enemies":"2 Louse","floor":1,"turns":2},{"damage":3,"enemies":"Cultist","floor":4,"turns":4},{"damage":8,"enemies":"Jaw Worm","floor":5,"turns":4},{"damage":14,"enemies":"Exordium Wildlife","floor":7,"turns":6},{"damage":2,"enemies":"Red Slaver","floor":10,"turns":3},{"damage":26,"enemies":"3 Sentries","floor":11,"turns":5},{"damage":6,"enemies":"2 Fungi Beasts","floor":14,"turns":3},{"damage":25,"enemies":"Hexaghost","floor":16,"turns":8},{"damage":38,"enemies":"3 Byrds","floor":18,"turns":5},{"damage":18,"enemies":"Shell Parasite","floor":19,"turns":4},{"damage":12,"enemies":"Chosen and Byrds","floor":21,"turns":5},{"damage":20,"enemies":"3 Cultists","floor":22,"turns":3}],"seed_played":"-3750161178082758106","potions_obtained":[{"floor":4,"key":"LiquidBronze"},{"floor":10,"key":"Strength Potion"},{"floor":11,"key":"PowerPotion"},{"floor":16,"key":"FearPotion"},{"floor":18,"key":"FairyPotion"}],"is_trial":false,"path_per_floor":["M","$","?","M","M","R","M","?","T","M","E","$","?","M","R","B",null,"M","M","?","M","M"],"character_chosen":"DEFECT","items_purchased":["Capacitor","Sling"],"campfire_rested":2,"item_purchase_floors":[2,12],"current_hp_per_floor":[62,62,62,59,51,77,63,56,56,54,28,28,28,22,48,23,73,35,17,17,5,0],"gold":186,"neow_bonus":"TWENTY_PERCENT_HP_BONUS","is_prod":false,"is_daily":false,"chose_seed":false,"campfire_upgraded":0,"win_rate":0,"timestamp":1541860049,"path_taken":["M","$","?","M","?","R","M","?","T","M","E","$","?","M","R","BOSS","M","M","?","M","?"],"build_version":"2018-11-08","purchased_purges":1,"victory":false,"max_hp_per_floor":[89,89,89,89,89,89,89,89,89,89,89,89,89,89,89,89,89,89,89,89,89,89],"card_choices":[{"not_picked":["Rebound","Gash"],"picked":"Go for the Eyes","floor":1},{"not_picked":["Coolheaded","Blizzard"],"picked":"Genetic Algorithm","floor":4},{"not_picked":["Cold Snap","Rebound"],"picked":"Conserve Battery","floor":5},{"not_picked":["Cold Snap","Turbo"],"picked":"Ball Lightning","floor":7},{"not_picked":["Rebound","Streamline"],"picked":"Compile Driver","floor":10},{"not_picked":["Melter","Lockon"],"picked":"FTL","floor":11},{"not_picked":["Go for the Eyes","Reinforced Body"],"picked":"Defragment","floor":14},{"not_picked":["Fission","Electrodynamics"],"picked":"Echo Form","floor":16},{"not_picked":["Rebound","Streamline","Gash"],"picked":"SKIP","floor":18},{"not_picked":["Melter","Rebound"],"picked":"Glacier","floor":19},{"not_picked":["Storm+1","Turbo"],"picked":"Beam Cell+1","floor":21}],"player_experience":493822,"relics_obtained":[{"floor":9,"key":"PreservedInsect"},{"floor":11,"key":"Lantern"}],"event_choices":[{"damage_healed":0,"gold_gain":100,"player_choice":"Pray","damage_taken":0,"max_hp_gain":0,"max_hp_loss":0,"event_name":"Golden Shrine","floor":3,"gold_loss":0},{"cards_removed":["Defend_B"],"damage_healed":0,"gold_gain":0,"player_choice":"Card Removal","damage_taken":7,"max_hp_gain":0,"max_hp_loss":0,"event_name":"Golden Wing","floor":8,"gold_loss":0},{"damage_healed":0,"gold_gain":0,"player_choice":"Searched \u00270\u0027 times","damage_taken":0,"max_hp_gain":0,"max_hp_loss":0,"event_name":"Dead Adventurer","floor":13,"gold_loss":0},{"damage_healed":0,"gold_gain":0,"player_choice":"Copied","damage_taken":0,"max_hp_gain":0,"max_hp_loss":0,"event_name":"Duplicator","floor":20,"gold_loss":0,"cards_obtained":["Echo Form"]}],"is_beta":false,"boss_relics":[{"not_picked":["White Beast Statue","Pandora\u0027s Box"],"picked":"Astrolabe"}],"items_purged_floors":[2],"is_endless":false,"potions_floor_spawned":[4,10,11,16,18],"killed_by":"3 Cultists","ascension_level":8}