{"gold_per_floor":[10,28,28,40,53,53,83,83,83,102,132,150,150,161,161,261,261,273,273,304,3,3,35,46,46,69,85,118,118,137,137,137,242,242,261,15,31,45,65,98,198,198,224,446,463,463,463,476,476,476,476,476,22,55,55],"floor_reached":55,"playtime":2234,"items_purged":[],"score":739,"play_id":"b238cb43-7425-474c-a61d-0b0349db8737","local_time":"20190205085854","is_ascension_mode":false,"campfire_choices":[{"data":"Inflame","floor":6,"key":"SMITH"},{"data":"Heavy Blade","floor":8,"key":"SMITH"},{"floor":13,"key":"RECALL"},{"data":"Bash","floor":15,"key":"SMITH"},{"floor":25,"key":"REST"},{"floor":29,"key":"REST"},{"floor":32,"key":"REST"},{"floor":42,"key":"REST"},{"floor":46,"key":"REST"},{"floor":49,"key":"REST"},{"floor":52,"key":"REST"}],"neow_cost":"NO_GOLD","seed_source_timestamp":433588485905584,"circlet_count":0,"master_deck":["Strike_R","Strike_R","Strike_R","Strike_R","Strike_R","Defend_R","Defend_R","Defend_R","Defend_R","Bash+1","Anger","Inflame+1","Iron Wave","Heavy Blade+1","Reaper","Blood for Blood","Shrug It Off","Cleave","Demon Form","Pommel Strike","Body Slam+1","Infernal Blade","Rampage","Shrug It Off","Double Tap","Spot Weakness","Limit Break","Shrug It Off","Metallicize+1","Battle Trance","Heavy Blade+1","Disarm"],"relics":["Burning Blood","Charon\u0027s Ashes","Mercury Hourglass","Prayer Wheel","Fusion Hammer","Red Mask","Regal Pillow","Happy Flower","Centennial Puzzle","Omamori","Thread and Needle","Pear","Lizard Tail","Mummified Hand","Oddly Smooth Stone","Magic Flower","Boot","Red Skull","Anchor","Art of War"],"potions_floor_usage":[7,7,16,33,33,38,40,40,40,45,50,54,55],"damage_taken":[{"damage":5,"enemies":"2 Louse","floor":1,"turns":4},{"damage":0,"enemies":"Small Slimes","floor":2,"turns":3},{"damage":1,"enemies":"Jaw Worm","floor":4,"turns":4},{"damage":16,"enemies":"Exordium Wildlife","floor":5,"turns":4},{"damage":32,"enemies":"Gremlin Nob","floor":7,"turns":4},{"damage":12,"enemies":"Gremlin Gang","floor":10,"turns":3},{"damage":6,"enemies":"Red Slaver","floor":12,"turns":3},{"damage":0,"enemies":"Exordium Thugs","floor":14,"turns":3},{"damage":12,"enemies":"Slime Boss","floor":16,"turns":8},{"damage":0,"enemies":"Chosen","floor":18,"turns":3},{"damage":10,"enemies":"Masked Bandits","floor":20,"turns":2},{"damage":40,"enemies":"Slavers","floor":23,"turns":4},{"damage":14,"enemies":"2 Thieves","floor":24,"turns":3},{"damage":10,"enemies":"Snecko","floor":27,"turns":3},{"damage":19,"enemies":"Gremlin Leader","floor":28,"turns":5},{"damage":12,"enemies":"Snake Plant","floor":30,"turns":3},{"damage":14,"enemies":"Champ","floor":33,"turns":7},{"damage":4,"enemies":"Orb Walker","floor":35,"turns":3},{"damage":0,"enemies":"3 Shapes","floor":37,"turns":4},{"damage":8,"enemies":"Spire Growth","floor":38,"turns":3},{"damage":0,"enemies":"4 Shapes","floor":39,"turns":5},{"damage":64,"enemies":"Nemesis","floor":40,"turns":7},{"damage":1,"enemies":"Mind Bloom Boss Battle","floor":41,"turns":5},{"damage":7,"enemies":"Maw","floor":45,"turns":7},{"damage":31,"enemies":"Spire Growth","floor":48,"turns":4},{"damage":59,"enemies":"Donu and Deca","floor":50,"turns":7},{"damage":37,"enemies":"Shield and Spear","floor":54,"turns":5},{"damage":133,"enemies":"The Heart","floor":55,"turns":6}],"seed_played":"8563397134408396875","potions_obtained":[{"floor":2,"key":"LiquidBronze"},{"floor":5,"key":"PowerPotion"},{"floor":10,"key":"EssenceOfSteel"},{"floor":23,"key":"Energy Potion"},{"floor":27,"key":"SpeedPotion"},{"floor":30,"key":"Fire Potion"},{"floor":33,"key":"LiquidBronze"},{"floor":35,"key":"Swift Potion"},{"floor":39,"key":"Fire Potion"},{"floor":40,"key":"Swift Potion"},{"floor":41,"key":"Block Potion"}],"is_trial":false,"path_per_floor":["M","M","$","M","M","R","E","R","T","M","?","M","R","M","R","B",null,"M","?","?","$","$","E","M","R","T","M","E","R","M","T","R","B",null,"M","$","M","M","M","E","?","R","T","?","M","R","?","M","R","B",null,"R","$","E","B"],"character_chosen":"IRONCLAD","items_purchased":["Regal Pillow","Happy Flower","Mummified Hand","Block Potion","FearPotion","Red Skull","Anchor","SpeedPotion"],"campfire_rested":7,"item_purchase_floors":[21,21,36,53,53,53,53,53],"current_hp_per_floor":[80,80,80,80,70,70,44,44,44,44,44,51,51,71,71,75,80,80,80,76,76,76,60,52,80,80,80,67,80,74,84,90,82,90,90,90,90,88,90,46,70,90,90,90,90,90,90,90,90,40,90,90,90,62,0],"gold":55,"neow_bonus":"ONE_RARE_RELIC","is_prod":false,"is_daily":false,"chose_seed":false,"campfire_upgraded":3,"win_rate":0,"timestamp":1549375134,"path_taken":["M","M","$","M","M","R","E","R","T","M","?","M","R","M","R","BOSS","M","?","?","?","$","E","?","R","T","M","E","R","M","?","R","BOSS","M","$","M","M","M","E","?","R","T","?","M","R","?","?","R","BOSS","R","$","E","BOSS"],"build_version":"2019-01-23","purchased_purges":0,"victory":false,"max_hp_per_floor":[80,80,80,80,80,80,80,80,80,80,80,80,80,80,80,80,80,80,80,80,80,80,80,80,80,80,80,80,80,80,90,90,90,90,90,90,90,90,90,90,90,90,90,90,90,90,90,90,90,90,90,90,90,90,90],"card_choices":[{"not_picked":["Flex","Carnage"],"picked":"Anger","floor":1},{"not_picked":["Uppercut","Havoc"],"picked":"Inflame","floor":2},{"not_picked":["Wild Strike","Whirlwind"],"picked":"Iron Wave","floor":4},{"not_picked":["Thunderclap","Feed"],"picked":"Heavy Blade","floor":5},{"not_picked":["Pummel","Pommel Strike"],"picked":"Reaper","floor":7},{"not_picked":["Entrench","Armaments"],"picked":"Blood for Blood","floor":10},{"not_picked":["Anger","Intimidate"],"picked":"Shrug It Off","floor":12},{"not_picked":["Flex","Intimidate","Second Wind"],"picked":"SKIP","floor":12},{"not_picked":["Bloodletting","True Grit"],"picked":"Cleave","floor":14},{"not_picked":["Reckless Charge","Flex","Searing Blow"],"picked":"SKIP","floor":14},{"not_picked":["Reckless Charge","Flex","Searing Blow"],"picked":"SKIP","floor":14},{"not_picked":["Impervious","Barricade"],"picked":"Demon Form","floor":16},{"not_picked":["Seeing Red","Perfected Strike"],"picked":"Pommel Strike","floor":18},{"not_picked":["Power Through","Twin Strike"],"picked":"Body Slam+1","floor":18},{"not_picked":["Sword Boomerang","Pommel Strike+1"],"picked":"Infernal Blade","floor":20},{"not_picked":["Inflame","Warcry","Combust"],"picked":"SKIP","floor":23},{"not_picked":["Brutality","Heavy Blade+1"],"picked":"Rampage","floor":24},{"not_picked":["Carnage","Whirlwind","Anger"],"picked":"SKIP","floor":24},{"not_picked":["Pommel Strike","Iron Wave+1"],"picked":"Shrug It Off","floor":27},{"not_picked":["Twin Strike","Sentinel","Uppercut"],"picked":"SKIP","floor":27},{"not_picked":["Seeing Red","Intimidate+1"],"picked":"Double Tap","floor":28},{"not_picked":["Intimidate","Body Slam"],"picked":"Spot Weakness","floor":30},{"not_picked":["Perfected Strike","Corruption","Reckless Charge+1"],"picked":"SKIP","floor":30},{"not_picked":["Brutality","Immolate"],"picked":"Limit Break","floor":33},{"not_picked":["Thunderclap","Cleave"],"picked":"Shrug It Off","floor":35},{"not_picked":["Entrench+1","True Grit"],"picked":"Metallicize+1","floor":35},{"not_picked":["True Grit+1","Perfected Strike+1","Warcry+1"],"picked":"SKIP","floor":37},{"not_picked":["Headbutt","Combust+1","Burning Pact"],"picked":"SKIP","floor":37},{"not_picked":["Warcry","Wild Strike"],"picked":"Battle Trance","floor":38},{"not_picked":["Headbutt+1","Perfected Strike+1","Twin Strike"],"picked":"SKIP","floor":38},{"not_picked":["Feed","Blood for Blood","Perfected Strike"],"picked":"SKIP","floor":39},{"not_picked":["Intimidate","Sword Boomerang","Feel No Pain+1"],"picked":"SKIP","floor":39},{"not_picked":["Carnage+1","Clothesline","Twin Strike+1"],"picked":"SKIP","floor":40},{"not_picked":["True Grit","Flex"],"picked":"Heavy Blade+1","floor":41},{"not_picked":["Wild Strike","Exhume","Iron Wave+1"],"picked":"SKIP","floor":45},{"not_picked":["Evolve+1","True Grit","Thunderclap"],"picked":"SKIP","floor":45},{"not_picked":["Shockwave","Wild Strike+1","Whirlwind"],"picked":"SKIP","floor":48},{"not_picked":["Hemokinesis","Spot Weakness","True Grit+1"],"picked":"SKIP","floor":48},{"not_picked":["Pommel Strike+1","Combust+1"],"picked":"Disarm","floor":54}],"player_experience":154257,"relics_obtained":[{"floor":7,"key":"Mercury Hourglass"},{"floor":20,"key":"Red Mask"},{"floor":23,"key":"Centennial Puzzle"},{"floor":26,"key":"Omamori"},{"floor":28,"key":"Thread and Needle"},{"floor":31,"key":"Pear"},{"floor":40,"key":"Oddly Smooth Stone"},{"floor":41,"key":"Magic Flower"},{"floor":43,"key":"Boot"},{"floor":54,"key":"Art of War"}],"event_choices":[{"damage_healed":0,"gold_gain":30,"player_choice":"Searched \u00272\u0027 times","damage_taken":0,"relics_obtained":["Prayer Wheel"],"max_hp_gain":0,"max_hp_loss":0,"event_name":"Dead Adventurer","floor":11,"gold_loss":0},{"damage_healed":0,"gold_gain":0,"player_choice":"Ignored","damage_taken":0,"max_hp_gain":0,"max_hp_loss":0,"event_name":"Ghosts","floor":19,"gold_loss":0},{"damage_healed":0,"gold_gain":0,"player_choice":"Fought Bandits","damage_taken":0,"max_hp_gain":0,"max_hp_loss":0,"event_name":"Masked Bandits","floor":20,"gold_loss":0},{"damage_healed":0,"gold_gain":0,"player_choice":"Fight","damage_taken":0,"max_hp_gain":0,"max_hp_loss":0,"event_name":"MindBloom","floor":41,"gold_loss":0},{"damage_healed":0,"gold_gain":222,"player_choice":"Wore Mask","damage_taken":0,"max_hp_gain":0,"max_hp_loss":0,"event_name":"Tomb of Lord Red Mask","floor":44,"gold_loss":0},{"damage_healed":0,"gold_gain":0,"player_choice":"Leave","damage_taken":0,"max_hp_gain":0,"max_hp_loss":0,"event_name":"FaceTrader","floor":47,"gold_loss":0}],"is_beta":false,"boss_relics":[{"not_picked":["Runic Pyramid","Snecko Eye"],"picked":"Fusion Hammer"},{"not_picked":["Empty Cage","Astrolabe"],"picked":"Lizard Tail"}],"items_purged_floors":[],"is_endless":false,"potions_floor_spawned":[2,5,10,23,27,30,33,35,39,40,41],"killed_by":"The Heart","ascension_level":0}