{"path_per_floor":["M","M","?","M","$","R","M","R","T","M","?","E","$","M","R","B",null,"M","?","M","?","$","E","$","?","T"],"character_chosen":"DEFECT","items_purchased":["Self Repair","Capacitor","White Noise"],"gold_per_floor":[118,128,128,139,64,64,75,75,102,121,121,151,51,61,61,162,162,174,89,104,104,66,391,177,177,200,200],"floor_reached":27,"campfire_rested":1,"playtime":1733,"item_purchase_floors":[22,24,24],"current_hp_per_floor":[73,73,73,67,67,67,59,59,59,40,33,22,22,20,42,9,75,46,46,38,38,38,27,27,27,27,0],"items_purged":["Strike_B","Strike_B","Strike_B"],"gold":200,"score":256,"play_id":"b634bc56-63c3-4bd5-b7f7-57d15c2831fe","local_time":"20180520005342","is_prod":false,"is_daily":false,"chose_seed":false,"is_ascension_mode":false,"campfire_upgraded":2,"timestamp":1526745222,"campfire_choices":[{"data":"Dualcast","floor":6,"key":"SMITH"},{"data":"Zap","floor":8,"key":"SMITH"},{"floor":15,"key":"REST"}],"path_taken":["M","M","?","M","$","R","M","R","T","M","?","E","$","M","R","BOSS","M","?","M","?","$","E","$","?","T","E"],"build_version":"2018-05-18","seed_source_timestamp":12252162022910,"purchased_purges":3,"victory":false,"master_deck":["Defend_B","Defend_B","Defend_B","Defend_B","Zap+1","Dualcast+1","Biased Cognition","Storm","Hello World","Capacitor","Skim","Capacitor","Amplify","Cold Snap","Capacitor","Machine Learning","Coolheaded","Capacitor","Self Repair","Barrage+1","Capacitor","White Noise+1"],"max_hp_per_floor":[75,75,75,75,75,75,75,75,75,75,75,75,75,75,75,75,75,75,75,75,75,75,89,89,89,89,89],"relics":["Cracked Core","Juzu Bracelet","Dream Catcher","Black Star","Gremlin Horn","Mango","Old Coin","Oddly Smooth Stone"],"card_choices":[{"not_picked":["Leap","Reprogram"],"picked":"Storm","floor":1},{"not_picked":["Storm","Blizzard"],"picked":"Hello World","floor":2},{"not_picked":["Sweeping Beam","Hologram"],"picked":"Capacitor","floor":4},{"not_picked":["Ball Lightning","Barrage"],"picked":"Skim","floor":7},{"not_picked":["Conserve Battery","Doom and Gloom"],"picked":"Capacitor","floor":10},{"not_picked":["Static Discharge","Beam Cell"],"picked":"Amplify","floor":12},{"not_picked":["Steam","Sweeping Beam"],"picked":"Cold Snap","floor":14},{"not_picked":["Beam Cell","Leap"],"picked":"Capacitor","floor":15},{"not_picked":["Reboot","Amplify"],"picked":"Machine Learning","floor":16},{"not_picked":["Leap","Scrape"],"picked":"Coolheaded","floor":18},{"not_picked":["Leap+1","Ball Lightning"],"picked":"Capacitor","floor":20},{"not_picked":["Hologram","Ball Lightning"],"picked":"Barrage+1","floor":23}],"player_experience":135802,"potions_floor_usage":[12,16,16,23,23,27],"damage_taken":[{"damage":2,"enemies":"Small Slimes","floor":1,"turns":2},{"damage":0,"enemies":"Cultist","floor":2,"turns":2},{"damage":6,"enemies":"Jaw Worm","floor":4,"turns":2},{"damage":8,"enemies":"Red Slaver","floor":7,"turns":3},{"damage":19,"enemies":"3 Louse","floor":10,"turns":3},{"damage":11,"enemies":"3 Sentries","floor":12,"turns":5},{"damage":2,"enemies":"Blue Slaver","floor":14,"turns":2},{"damage":40,"enemies":"The Guardian","floor":16,"turns":9},{"damage":29,"enemies":"Spheric Guardian","floor":18,"turns":6},{"damage":8,"enemies":"Shell Parasite","floor":20,"turns":5},{"damage":32,"enemies":"Slavers","floor":23,"turns":6},{"damage":45,"enemies":"Book of Stabbing","floor":27,"turns":3}],"relics_obtained":[{"floor":9,"key":"Juzu Bracelet"},{"floor":12,"key":"Dream Catcher"},{"floor":23,"key":"Mango"},{"floor":23,"key":"Old Coin"},{"floor":26,"key":"Oddly Smooth Stone"}],"event_choices":[{"event_name":"The Lab","player_choice":"Got Potions","floor":3,"damage_taken":0},{"event_name":"Golden Wing","player_choice":"Card Removal","floor":11,"damage_taken":0},{"event_name":"Addict","player_choice":"Obtained Relic","floor":19,"damage_taken":0},{"event_name":"Drug Dealer","player_choice":"Ignored","floor":21,"damage_taken":0},{"event_name":"Upgrade Shrine","player_choice":"Upgraded","floor":25,"damage_taken":0}],"boss_relics":[{"not_picked":["Runic Pyramid","White Beast Statue"],"picked":"Black Star"}],"items_purged_floors":[5,13,24],"potions_floor_spawned":[2,7,14,16,18,23],"seed_played":"1859388675430964737","killed_by":"Book of Stabbing","ascension_level":0,"potions_obtained":[{"floor":2,"key":"SteroidPotion"},{"floor":3,"key":"PowerPotion"},{"floor":3,"key":"Fire Potion"},{"floor":14,"key":"AttackPotion"},{"floor":16,"key":"FocusPotion"},{"floor":18,"key":"Weak Potion"},{"floor":23,"key":"Regen Potion"}],"is_trial":false}