{"gold_per_floor":[113,113,113,113,132,132,463,483,483,483,496,496,540,490,490,614,614,637,217,217,132,7,7,21,146,172,172,197,216,91,106,106,227,227,248,248,65,89,214,255,255,296,296,310,310,55,73,108,108,108,108,108,8,51,51],"floor_reached":55,"playtime":4156,"items_purged":["Defend_B","Defend_B","Strike_B"],"score":829,"play_id":"2e85aa57-3bf1-42ba-b205-ae4bf9c3f63a","local_time":"20181130080153","is_ascension_mode":true,"campfire_choices":[{"floor":6.0,"key":"REST"},{"data":"Go for the Eyes","floor":10.0,"key":"SMITH"},{"floor":15.0,"key":"REST"},{"floor":23.0,"key":"RECALL"},{"data":"Coolheaded","floor":27.0,"key":"SMITH"},{"floor":32.0,"key":"REST"},{"floor":41,"key":"REST"},{"floor":45,"key":"REST"},{"floor":49,"key":"REST"},{"floor":52,"key":"REST"}],"neow_cost":"NONE","seed_source_timestamp":0,"circlet_count":0,"master_deck":["Strike_B","Defend_B","Defend_B","Zap","Dualcast","Coolheaded+1","Rip and Tear","Go for the Eyes+1","Ball Lightning","Hologram","FTL","Echo Form","Self Repair","Dramatic Entrance","Ball Lightning","BootSequence","FTL+1","Conserve Battery+1","Core Surge","Ball Lightning+1","Apotheosis+1","Cold Snap+1","Conserve Battery+1","White Noise+1"],"special_seed":0,"relics":["Cracked Core","Boot","Golden Idol","Old Coin","Happy Flower","Runic Pyramid","Kunai","Turnip","Incense Burner","Toxic Egg 2","Bag of Preparation","Fusion Hammer","Gambling Chip","Matryoshka","Orichalcum","Dodecahedron","Shuriken","Runic Capacitor","Omamori","Meat on the Bone"],"potions_floor_usage":[42,50,50,54,55],"damage_taken":[{"damage":3.0,"enemies":"Jaw Worm","floor":1.0,"turns":3.0},{"damage":0.0,"enemies":"2 Louse","floor":5.0,"turns":2.0},{"damage":9.0,"enemies":"Gremlin Nob","floor":7.0,"turns":4.0},{"damage":0.0,"enemies":"Cultist","floor":8.0,"turns":2.0},{"damage":4.0,"enemies":"Blue Slaver","floor":11.0,"turns":3.0},{"damage":20.0,"enemies":"3 Sentries","floor":13.0,"turns":6.0},{"damage":33.0,"enemies":"The Guardian","floor":16.0,"turns":10.0},{"damage":6.0,"enemies":"Chosen","floor":18.0,"turns":4.0},{"damage":10.0,"enemies":"3 Byrds","floor":24.0,"turns":3.0},{"damage":0.0,"enemies":"Colosseum Slavers","floor":25.0,"turns":2.0},{"damage":46.0,"enemies":"Colosseum Nobs","floor":25.0,"turns":5.0},{"damage":0.0,"enemies":"Cultist and Chosen","floor":28.0,"turns":4.0},{"damage":0.0,"enemies":"Snecko","floor":29.0,"turns":5.0},{"damage":6.0,"enemies":"Centurion and Healer","floor":31.0,"turns":5.0},{"damage":35.0,"enemies":"Automaton","floor":33.0,"turns":7.0},{"damage":11.0,"enemies":"3 Darklings","floor":35.0,"turns":4.0},{"damage":5.0,"enemies":"3 Shapes","floor":38.0,"turns":3.0},{"damage":0.0,"enemies":"Mind Bloom Boss Battle","floor":39.0,"turns":6.0},{"damage":0.0,"enemies":"Giant Head","floor":40.0,"turns":7.0},{"damage":12,"enemies":"Nemesis","floor":42,"turns":5},{"damage":0,"enemies":"3 Darklings","floor":44,"turns":4},{"damage":0,"enemies":"4 Shapes","floor":47,"turns":3},{"damage":8,"enemies":"Reptomancer","floor":48,"turns":4},{"damage":21,"enemies":"Awakened One","floor":50,"turns":8},{"damage":36,"enemies":"Shield and Spear","floor":54,"turns":6},{"damage":51,"enemies":"The Heart","floor":55,"turns":5}],"seed_played":"-7550171547610603338","potions_obtained":[{"floor":5.0,"key":"SteroidPotion"},{"floor":8.0,"key":"Fruit Juice"},{"floor":11.0,"key":"GamblersBrew"},{"floor":16.0,"key":"Dexterity Potion"},{"floor":18.0,"key":"GamblersBrew"},{"floor":24.0,"key":"AttackPotion"},{"floor":29.0,"key":"Explosive Potion"},{"floor":39.0,"key":"SkillPotion"},{"floor":40.0,"key":"Strength Potion"},{"floor":44,"key":"Strength Potion"}],"is_trial":false,"path_per_floor":["M","?","?","?","M","R","E","M","T","R","M","?","E","?","R","B",null,"M","$","?","?","$","R","M","?","T","R","M","M","$","M","R","B",null,"M","?","$","M","?","E","R","E","T","M","R","$","M","E","R","B",null,"R","$","E","B"],"character_chosen":"DEFECT","items_purchased":["Dramatic Entrance","Kunai","Ball Lightning","Apotheosis+1","Runic Capacitor","Fire Potion","FearPotion","Block Potion"],"campfire_rested":7,"item_purchase_floors":[19,19,22,37,46,46,53,53],"current_hp_per_floor":[72,54,47,47,47,69,60,65,65,65,61,61,41,41,65,32,80,74,74,74,74,74,74,78,39,39,39,46,46,46,54,78,50,80,80,76,76,76,76,76,76,74,74,76,76,76,76,68,76,65,76,76,76,50,0],"gold":51,"neow_bonus":"RANDOM_COMMON_RELIC","is_prod":false,"is_daily":false,"chose_seed":false,"campfire_upgraded":2,"win_rate":0,"timestamp":1543582913,"path_taken":["M","?","?","?","M","R","E","M","T","R","?","?","E","?","R","BOSS","M","$","?","?","$","R","M","?","T","R","M","M","?","M","R","BOSS","M","?","$","M","?","E","R","E","T","M","R","$","M","E","R","BOSS","R","$","E","BOSS"],"build_version":"2018-11-15","purchased_purges":3,"victory":false,"max_hp_per_floor":[75,75,75,75,75,75,75,80,80,80,80,80,80,80,80,80,80,80,80,80,80,80,80,80,80,80,80,80,80,80,80,80,80,80,80,76,76,76,76,76,76,76,76,76,76,76,76,76,76,76,76,76,76,76,76],"card_choices":[{"not_picked":["Gash","Rebound"],"picked":"Coolheaded","floor":1.0},{"not_picked":["Loop","Turbo"],"picked":"Ball Lightning","floor":5.0},{"not_picked":["Reboot","Hello World","Steam"],"picked":"SKIP","floor":7.0},{"not_picked":["Redo","Reprogram","Static Discharge"],"picked":"SKIP","floor":8.0},{"not_picked":["Gash","Recycle"],"picked":"Hologram","floor":11.0},{"not_picked":["Go for the Eyes","Rebound"],"picked":"FTL","floor":13.0},{"not_picked":["Hyperbeam","Fission"],"picked":"Echo Form","floor":16.0},{"not_picked":["Hologram","Conserve Battery"],"picked":"Self Repair","floor":18.0},{"not_picked":["Turbo+1","Go for the Eyes"],"picked":"BootSequence","floor":24.0},{"not_picked":["Force Field","Compile Driver+1"],"picked":"FTL+1","floor":25.0},{"not_picked":["Sweeping Beam+1","Heatsinks","Leap+1"],"picked":"SKIP","floor":28.0},{"not_picked":["FTL","Turbo+1"],"picked":"Conserve Battery+1","floor":29.0},{"not_picked":["Blizzard","Force Field+1","Hologram+1"],"picked":"SKIP","floor":31.0},{"not_picked":["All For One","Meteor Strike"],"picked":"Core Surge","floor":33.0},{"not_picked":["Stack+1","Beam Cell+1"],"picked":"Ball Lightning+1","floor":35.0},{"not_picked":["Doom and Gloom","Compile Driver+1"],"picked":"Cold Snap+1","floor":38.0},{"not_picked":["Scrape","Redo+1"],"picked":"Conserve Battery+1","floor":39.0},{"not_picked":["Hello World","Conserve Battery+1","Reprogram+1"],"picked":"SKIP","floor":40.0},{"not_picked":["Barrage+1","Multi-Cast+1","Hologram+1"],"picked":"SKIP","floor":42},{"not_picked":["Go for the Eyes+1","Turbo+1","Barrage+1"],"picked":"SKIP","floor":44},{"not_picked":["Stack+1","Thunder Strike"],"picked":"White Noise+1","floor":47},{"not_picked":["Leap+1","Hyperbeam","Rebound+1"],"picked":"SKIP","floor":48},{"not_picked":["Leap+1","Streamline","Beam Cell+1"],"picked":"SKIP","floor":54}],"player_experience":655980,"relics_obtained":[{"floor":7.0,"key":"Old Coin"},{"floor":13.0,"key":"Happy Flower"},{"floor":25.0,"key":"Incense Burner"},{"floor":25.0,"key":"Toxic Egg 2"},{"floor":26.0,"key":"Bag of Preparation"},{"floor":39.0,"key":"Gambling Chip"},{"floor":40.0,"key":"Matryoshka"},{"floor":42,"key":"Orichalcum"},{"floor":43,"key":"Dodecahedron"},{"floor":43,"key":"Shuriken"},{"floor":48,"key":"Omamori"},{"floor":54,"key":"Meat on the Bone"}],"event_choices":[{"damage_healed":0.0,"max_hp_gain":0.0,"max_hp_loss":0.0,"gold_gain":0.0,"event_name":"Golden Idol","player_choice":"Take Damage","floor":2.0,"gold_loss":0.0,"damage_taken":18.0,"relics_obtained":["Golden Idol"]},{"cards_removed":["Strike_B"],"damage_healed":0.0,"max_hp_gain":0.0,"max_hp_loss":0.0,"gold_gain":0.0,"event_name":"Golden Wing","player_choice":"Card Removal","floor":3.0,"gold_loss":0.0,"damage_taken":7.0},{"damage_healed":0.0,"max_hp_gain":0.0,"max_hp_loss":0.0,"gold_gain":0.0,"event_name":"Match and Keep!","player_choice":"2 cards matched","floor":4.0,"gold_loss":0.0,"damage_taken":0.0,"cards_obtained":["Rip and Tear","Go for the Eyes"]},{"damage_healed":0.0,"max_hp_gain":0.0,"max_hp_loss":0.0,"gold_gain":0.0,"event_name":"Scrap Ooze","player_choice":"Fled","floor":12.0,"gold_loss":0.0,"damage_taken":0.0},{"cards_removed":["Strike_B"],"damage_healed":0.0,"max_hp_gain":0.0,"max_hp_loss":0.0,"gold_gain":0.0,"event_name":"The Cleric","player_choice":"Card Removal","floor":14.0,"gold_loss":50.0,"damage_taken":0.0},{"damage_healed":0.0,"max_hp_gain":0.0,"max_hp_loss":0.0,"gold_gain":0.0,"event_name":"Vampires","player_choice":"Ignored","floor":20.0,"gold_loss":0.0,"damage_taken":0.0},{"damage_healed":0.0,"max_hp_gain":0.0,"max_hp_loss":0.0,"gold_gain":0.0,"event_name":"Addict","player_choice":"Obtained Relic","floor":21.0,"gold_loss":85.0,"damage_taken":0.0,"relics_obtained":["Turnip"]},{"damage_healed":0.0,"max_hp_gain":0.0,"max_hp_loss":0.0,"gold_gain":0.0,"event_name":"Colosseum","player_choice":"Fight","floor":25.0,"gold_loss":0.0,"damage_taken":0.0},{"damage_healed":0.0,"max_hp_gain":0.0,"max_hp_loss":0.0,"gold_gain":0.0,"event_name":"Colosseum","player_choice":"Fought Nobs","floor":25.0,"gold_loss":0.0,"damage_taken":0.0},{"damage_healed":0.0,"max_hp_gain":0.0,"max_hp_loss":4.0,"gold_gain":0.0,"event_name":"Winding Halls","player_choice":"Max HP","floor":36.0,"gold_loss":0.0,"damage_taken":0.0},{"damage_healed":0.0,"max_hp_gain":0.0,"max_hp_loss":0.0,"gold_gain":0.0,"event_name":"MindBloom","player_choice":"Fight","floor":39.0,"gold_loss":0.0,"damage_taken":0.0}],"is_beta":false,"boss_relics":[{"not_picked":["Busted Crown","White Beast Statue"],"picked":"Runic Pyramid"},{"not_picked":["Coffee Dripper","Pandora\u0027s Box"],"picked":"Fusion Hammer"}],"items_purged_floors":[19,22,30],"is_endless":false,"potions_floor_spawned":[5,8,11,16,18,24,29,39,40,44,47],"killed_by":"The Heart","ascension_level":1}