{"gold_per_floor":[111,111,1,17,17,43,63,63,140,140,165,165,165,165,165,266,266,191,191,191,21,31,31,58,58,88,88,88,105,105,5,5,110,110,124,124,124,124,40,40,56,56,56,86,0,34,34,134,134,134,134,134,98,128,128],"floor_reached":55,"playtime":6799,"items_purged":["Strike_G","Writhe"],"score":980,"play_id":"fedd3b34-ea70-4c08-8c7d-07bfc7009cbb","local_time":"20190113185649","is_ascension_mode":true,"campfire_choices":[{"floor":8.0,"key":"REST"},{"data":"Footwork","floor":10.0,"key":"SMITH"},{"floor":15.0,"key":"RECALL"},{"data":"Apotheosis","floor":23.0,"key":"SMITH"},{"floor":25.0,"key":"REST"},{"data":"After Image","floor":28.0,"key":"SMITH"},{"floor":32.0,"key":"REST"},{"data":"Adrenaline","floor":40.0,"key":"SMITH"},{"floor":42.0,"key":"REST"},{"floor":49,"key":"REST"},{"data":"Backflip","floor":52,"key":"SMITH"}],"neow_cost":"NONE","seed_source_timestamp":0,"circlet_count":0,"master_deck":["Defend_G","Defend_G","Defend_G","Defend_G","Defend_G","Strike_G","Strike_G","Survivor","Neutralize","Caltrops","Caltrops","Footwork+1","Predator","Backstab","Cloak And Dagger","After Image+1","Cloak And Dagger","Apotheosis+1","Caltrops","Escape Plan","Parasite","Adrenaline+1","Crippling Poison+1","Accuracy","Calculated Gamble","Dagger Spray","Deadly Poison","Dash+1","Trip","Dramatic Entrance","Terror","Backflip+1","Leg Sweep","Decay","Accuracy+1","PiercingWail+1","Decay","Noxious Fumes","Catalyst"],"special_seed":0,"relics":["Sozu","Juzu Bracelet","Happy Flower","Matryoshka","Snake Skull","Cursed Key","Blue Candle","Tiny Chest","Regal Pillow","Centennial Puzzle","Mummified Hand","Orrery","Ninja Scroll","Potion Belt","Red Mask","Bottled Lightning","Prayer Wheel","Pear"],"potions_floor_usage":[],"damage_taken":[{"damage":2.0,"enemies":"2 Louse","floor":1.0,"turns":3.0},{"damage":0.0,"enemies":"Cultist","floor":4.0,"turns":4.0},{"damage":34.0,"enemies":"Gremlin Nob","floor":6.0,"turns":6.0},{"damage":0.0,"enemies":"Small Slimes","floor":7.0,"turns":4.0},{"damage":14.0,"enemies":"Lagavulin","floor":11.0,"turns":6.0},{"damage":36.0,"enemies":"Hexaghost","floor":16.0,"turns":10.0},{"damage":21.0,"enemies":"2 Thieves","floor":18.0,"turns":5.0},{"damage":0.0,"enemies":"3 Byrds","floor":22.0,"turns":3.0},{"damage":53.0,"enemies":"Gremlin Leader","floor":24.0,"turns":8.0},{"damage":3.0,"enemies":"Sentry and Sphere","floor":29.0,"turns":5.0},{"damage":25.0,"enemies":"Collector","floor":33.0,"turns":12.0},{"damage":2.0,"enemies":"3 Shapes","floor":35.0,"turns":3.0},{"damage":9.0,"enemies":"Orb Walker","floor":41.0,"turns":4.0},{"damage":22.0,"enemies":"Giant Head","floor":44.0,"turns":9.0},{"damage":10,"enemies":"Nemesis","floor":46,"turns":9},{"damage":3,"enemies":"Mind Bloom Boss Battle","floor":48,"turns":6},{"damage":11,"enemies":"Awakened One","floor":50,"turns":13},{"damage":47,"enemies":"Shield and Spear","floor":54,"turns":6},{"damage":69,"enemies":"The Heart","floor":55,"turns":3}],"seed_played":"3069954443741813284","potions_obtained":[],"is_trial":false,"path_per_floor":["M","?","$","M","?","E","M","R","T","R","E","?","?","?","R","B",null,"M","?","?","$","M","R","E","R","T","?","R","M","T","$","R","B",null,"M","?","?","?","$","R","M","R","T","E","?","E","?","?","R","B",null,"R","$","E","B"],"character_chosen":"THE_SILENT","items_purchased":["Caltrops","Apotheosis","Backflip","Leg Sweep","Noxious Fumes"],"campfire_rested":5,"item_purchase_floors":[3,21,39,39,53],"current_hp_per_floor":[61,61,61,61,66,32,32,54,54,54,40,58,51,51,51,15,60,39,39,72,72,72,72,19,40,40,64,64,61,61,61,72,47,66,64,64,59,59,59,59,50,72,72,50,50,40,40,37,72,61,69,69,69,32,0],"gold":128,"neow_bonus":"BOSS_RELIC","is_prod":false,"is_daily":false,"chose_seed":false,"campfire_upgraded":5,"win_rate":0,"timestamp":1547423809,"path_taken":["M","?","$","M","?","E","M","R","T","R","E","?","?","?","R","BOSS","M","?","?","$","M","R","E","R","T","?","R","M","?","$","R","BOSS","M","?","?","?","$","R","M","R","T","E","?","E","?","?","R","BOSS","R","$","E","BOSS"],"build_version":"2019-01-10","purchased_purges":2,"victory":false,"max_hp_per_floor":[70,70,70,70,75,75,75,75,75,75,75,75,75,75,75,75,75,75,72,72,72,72,72,72,72,72,72,72,72,72,72,72,72,72,72,72,72,72,72,72,72,72,72,72,72,72,72,72,72,72,72,72,72,82,82],"card_choices":[{"not_picked":["Deadly Poison","Flying Knee"],"picked":"Caltrops","floor":1.0},{"not_picked":["Dagger Spray","Endless Agony"],"picked":"Footwork","floor":4.0},{"not_picked":["Poisoned Stab","Caltrops"],"picked":"Predator","floor":6.0},{"not_picked":["Blade Dance","Terror"],"picked":"Backstab","floor":7.0},{"not_picked":["Poisoned Stab","Endless Agony"],"picked":"Cloak And Dagger","floor":11.0},{"not_picked":["Adrenaline","Wraith Form v2"],"picked":"After Image","floor":16.0},{"not_picked":["Calculated Gamble","Prepared+1"],"picked":"Cloak And Dagger","floor":18.0},{"not_picked":["Poisoned Stab","Wraith Form v2"],"picked":"Caltrops","floor":22.0},{"not_picked":["Prepared+1","Bane"],"picked":"Escape Plan","floor":24.0},{"not_picked":["Deflect","Dodge and Roll+1","All Out Attack+1"],"picked":"SKIP","floor":29.0},{"not_picked":["Burst","Unload"],"picked":"Adrenaline","floor":33.0},{"not_picked":["Venomology","Heel Hook"],"picked":"Crippling Poison+1","floor":34.0},{"not_picked":["Slice+1","Deadly Poison"],"picked":"Accuracy","floor":34.0},{"not_picked":["Deflect","Eviscerate"],"picked":"Calculated Gamble","floor":34.0},{"not_picked":["Prepared","Bane"],"picked":"Dagger Spray","floor":34.0},{"not_picked":["Tactician","Poisoned Stab"],"picked":"Deadly Poison","floor":34.0},{"not_picked":["All Out Attack","Glass Knife"],"picked":"Dash+1","floor":35.0},{"not_picked":["Sadistic Nature","Secret Weapon"],"picked":"Trip","floor":37.0},{"not_picked":["Enlightenment","Jack Of All Trades"],"picked":"Dramatic Entrance","floor":37.0},{"not_picked":["Dash","Tactician+1","Leg Sweep+1"],"picked":"SKIP","floor":41.0},{"not_picked":["Reflex","Quick Slash+1"],"picked":"Accuracy+1","floor":44},{"not_picked":["Terror+1","Dodge and Roll+1"],"picked":"PiercingWail+1","floor":46},{"not_picked":["Corpse Explosion","Infinite Blades"],"picked":"Catalyst","floor":54}],"player_experience":800694,"relics_obtained":[{"floor":2.0,"key":"Juzu Bracelet"},{"floor":6.0,"key":"Happy Flower"},{"floor":11.0,"key":"Matryoshka"},{"floor":24.0,"key":"Blue Candle"},{"floor":26.0,"key":"Tiny Chest"},{"floor":26.0,"key":"Regal Pillow"},{"floor":30.0,"key":"Centennial Puzzle"},{"floor":30.0,"key":"Mummified Hand"},{"floor":43.0,"key":"Ninja Scroll"},{"floor":44,"key":"Potion Belt"},{"floor":46,"key":"Bottled Lightning"},{"floor":48,"key":"Prayer Wheel"},{"floor":54,"key":"Pear"}],"event_choices":[{"damage_healed":0.0,"max_hp_gain":0.0,"max_hp_loss":0.0,"gold_gain":0.0,"event_name":"Wheel of Change","player_choice":"Relic","floor":2.0,"gold_loss":0.0,"damage_taken":0.0},{"damage_healed":0.0,"max_hp_gain":5.0,"max_hp_loss":0.0,"gold_gain":0.0,"event_name":"Big Fish","player_choice":"Donut","floor":5.0,"gold_loss":0.0,"damage_taken":0.0},{"damage_healed":18.0,"max_hp_gain":0.0,"max_hp_loss":0.0,"gold_gain":0.0,"event_name":"Mushrooms","player_choice":"Healed and dodged fight","floor":12.0,"gold_loss":0.0,"damage_taken":0.0,"cards_obtained":["Parasite"]},{"cards_removed":["Strike_G"],"damage_healed":0.0,"max_hp_gain":0.0,"max_hp_loss":0.0,"gold_gain":0.0,"event_name":"Golden Wing","player_choice":"Card Removal","floor":13.0,"gold_loss":0.0,"damage_taken":7.0},{"damage_healed":0.0,"max_hp_gain":0.0,"max_hp_loss":0.0,"gold_gain":0.0,"event_name":"Dead Adventurer","player_choice":"Searched \u00271\u0027 times","floor":14.0,"gold_loss":0.0,"damage_taken":0.0,"relics_obtained":["Snake Skull"]},{"cards_removed":["Parasite"],"damage_healed":0.0,"max_hp_gain":0.0,"max_hp_loss":0.0,"gold_gain":0.0,"event_name":"Back to Basics","player_choice":"Elegance","floor":19.0,"gold_loss":0.0,"damage_taken":0.0},{"damage_healed":33.0,"max_hp_gain":0.0,"max_hp_loss":0.0,"gold_gain":0.0,"event_name":"Wheel of Change","player_choice":"Full Heal","floor":20.0,"gold_loss":0.0,"damage_taken":0.0},{"damage_healed":24.0,"max_hp_gain":0.0,"max_hp_loss":0.0,"gold_gain":0.0,"event_name":"The Library","player_choice":"Heal","floor":27.0,"gold_loss":0.0,"damage_taken":0.0},{"damage_healed":0.0,"max_hp_gain":0.0,"max_hp_loss":0.0,"gold_gain":0.0,"event_name":"Mysterious Sphere","player_choice":"Ignored","floor":36.0,"gold_loss":0.0,"damage_taken":0.0},{"damage_healed":0.0,"max_hp_gain":0.0,"max_hp_loss":0.0,"gold_gain":0.0,"event_name":"SensoryStone","player_choice":"Memory 2","floor":37.0,"gold_loss":0.0,"damage_taken":5.0},{"damage_healed":0.0,"max_hp_gain":0.0,"max_hp_loss":0.0,"gold_gain":0.0,"cards_transformed":["Strike_G"],"event_name":"Transmorgrifier","player_choice":"Transformed","floor":38.0,"gold_loss":0.0,"damage_taken":0.0,"cards_obtained":["Terror"]},{"damage_healed":0,"gold_gain":0,"player_choice":"Paid","damage_taken":0,"relics_obtained":["Red Mask"],"max_hp_gain":0,"max_hp_loss":0,"event_name":"Tomb of Lord Red Mask","floor":45,"gold_loss":86},{"damage_healed":0,"gold_gain":0,"player_choice":"Cursed","damage_taken":0,"max_hp_gain":0,"max_hp_loss":0,"event_name":"Wheel of Change","floor":47,"gold_loss":0,"cards_obtained":["Decay"]},{"damage_healed":0,"gold_gain":0,"player_choice":"Fight","damage_taken":0,"max_hp_gain":0,"max_hp_loss":0,"event_name":"MindBloom","floor":48,"gold_loss":0}],"is_beta":false,"boss_relics":[{"not_picked":["Astrolabe","White Beast Statue"],"picked":"Cursed Key"},{"not_picked":["Philosopher\u0027s Stone","Snecko Eye"],"picked":"Orrery"}],"items_purged_floors":[3,31],"is_endless":false,"potions_floor_spawned":[1,16,22,29,35,48,54],"killed_by":"The Heart","ascension_level":7}