{"gold_per_floor":[111,111,111,130,144,171,182,201,201,201,39,39,55,55,55,55],"floor_reached":16,"playtime":803,"items_purged":[],"score":128,"play_id":"fd901b43-565b-4479-a04d-81230b7fb694","local_time":"20181028134545","is_ascension_mode":true,"campfire_choices":[{"floor":10,"key":"REST"},{"floor":15,"key":"REST"}],"neow_cost":"TEN_PERCENT_HP_LOSS","seed_source_timestamp":1599877707791456,"circlet_count":0,"master_deck":["Strike_B","Strike_B+1","Defend_B","Defend_B","Defend_B","Zap","Dualcast","Genetic Algorithm","Sweeping Beam+1","Self Repair","Loop","All For One","Core Surge","Sunder","Parasite"],"relics":["Cracked Core","Whetstone","Gambling Chip","Prayer Wheel"],"potions_floor_usage":[8,16],"damage_taken":[{"damage":12,"enemies":"Small Slimes","floor":1,"turns":2},{"damage":7,"enemies":"Jaw Worm","floor":4,"turns":2},{"damage":0,"enemies":"Cultist","floor":5,"turns":3},{"damage":28,"enemies":"Gremlin Nob","floor":6,"turns":4},{"damage":12,"enemies":"Looter","floor":7,"turns":3},{"damage":4,"enemies":"2 Fungi Beasts","floor":8,"turns":3},{"damage":8,"enemies":"3 Louse","floor":13,"turns":3},{"damage":72,"enemies":"Hexaghost","floor":16,"turns":10}],"seed_played":"-8936838460763470083","potions_obtained":[{"floor":4,"key":"GamblersBrew"},{"floor":6,"key":"Explosive Potion"},{"floor":13,"key":"Ancient Potion"}],"is_trial":false,"path_per_floor":["M","?","?","M","M","E","M","M","T","R","$","?","M","?","R"],"character_chosen":"DEFECT","items_purchased":["Core Surge"],"campfire_rested":2,"item_purchase_floors":[11],"current_hp_per_floor":[56,49,54,47,47,19,14,10,10,31,31,31,30,48,69,0],"gold":55,"neow_bonus":"REMOVE_TWO","is_prod":false,"is_daily":false,"chose_seed":false,"campfire_upgraded":0,"win_rate":0,"timestamp":1540748745,"path_taken":["M","?","?","M","M","E","M","?","T","R","$","?","M","?","R","BOSS"],"build_version":"2018-10-25v2","purchased_purges":0,"victory":false,"max_hp_per_floor":[68,68,73,73,73,73,73,73,73,73,73,73,73,73,73,73],"card_choices":[{"not_picked":["Barrage","Stack","Rebound"],"picked":"SKIP","floor":1},{"not_picked":["Gash","Hologram"],"picked":"Genetic Algorithm","floor":4},{"not_picked":["Heatsinks","Darkness"],"picked":"Sweeping Beam","floor":5},{"not_picked":["Chaos","Scrape"],"picked":"Self Repair","floor":6},{"not_picked":["Undo","Blizzard"],"picked":"Loop","floor":7},{"not_picked":["Static Discharge","Cold Snap"],"picked":"All For One","floor":8},{"not_picked":["Steam","Aggregate"],"picked":"Sunder","floor":13},{"not_picked":["Gash","Barrage","Reprogram"],"picked":"SKIP","floor":13}],"player_experience":409349,"relics_obtained":[{"floor":6,"key":"Whetstone"},{"floor":9,"key":"Gambling Chip"}],"event_choices":[{"cards_removed":["Strike_B"],"damage_healed":0,"gold_gain":0,"player_choice":"Card Removal","damage_taken":7,"max_hp_gain":0,"max_hp_loss":0,"event_name":"Golden Wing","floor":2,"gold_loss":0},{"damage_healed":0,"gold_gain":0,"player_choice":"Donut","damage_taken":0,"max_hp_gain":5,"max_hp_loss":0,"event_name":"Big Fish","floor":3,"gold_loss":0},{"damage_healed":0,"gold_gain":0,"player_choice":"Searched \u00271\u0027 times","damage_taken":0,"relics_obtained":["Prayer Wheel"],"max_hp_gain":0,"max_hp_loss":0,"event_name":"Dead Adventurer","floor":12,"gold_loss":0},{"damage_healed":18,"gold_gain":0,"player_choice":"Healed and dodged fight","damage_taken":0,"max_hp_gain":0,"max_hp_loss":0,"event_name":"Mushrooms","floor":14,"gold_loss":0,"cards_obtained":["Parasite"]}],"is_beta":false,"boss_relics":[],"items_purged_floors":[],"is_endless":false,"potions_floor_spawned":[4,6,13],"killed_by":"Hexaghost","ascension_level":5}