{"gold_per_floor":[112,122,197,208,219,219,236,236,236,236,267,281,281,128,128,229,229,247,280,205,223,239,273,289,305,354,354,354,366,66,76,76,172,172,185,185,267,280,502,527,527,572,596,250,265,265,65,79,79,79],"floor_reached":51,"playtime":6880,"items_purged":["Strike_G","Well Laid Plans","Strike_G"],"score":771,"play_id":"d3bc7543-6e21-49bd-8761-936fcaa89d0f","local_time":"20181022074453","is_ascension_mode":true,"campfire_choices":[{"data":"Neutralize","floor":6.0,"key":"SMITH"},{"floor":10.0,"key":"REST"},{"data":"Footwork","floor":13.0,"key":"SMITH"},{"data":"Bouncing Flask","floor":15.0,"key":"SMITH"},{"floor":27.0,"key":"REST"},{"floor":32,"key":"REST"},{"data":"Cloak And Dagger","floor":41,"key":"SMITH"},{"data":"Noxious Fumes","floor":46,"key":"SMITH"},{"floor":49,"key":"REST"}],"neow_cost":"NONE","seed_source_timestamp":0,"circlet_count":0,"master_deck":["Defend_G","Defend_G","Defend_G","Defend_G","Strike_G","Strike_G","Survivor","Neutralize+1","Cloak And Dagger+1","Dash","Backflip","Predator","Footwork+1","Poisoned Stab","Bouncing Flask+1","Adrenaline","Escape Plan","Blur","Deadly Poison","Enlightenment","Neutralize","Terror","After Image","Blur+1","Trip","Backstab+1","Dagger Spray+1","Reflex+1","Noxious Fumes+1","Sadistic Nature","Footwork"],"special_seed":0,"relics":["Ring of the Snake","Snake Skull","Bottled Flame","Boot","HoveringKite","Red Mask","Mummified Hand","Bag of Preparation","Oddly Smooth Stone","Vajra","Runic Pyramid","Letter Opener","Bag of Marbles","Prayer Wheel","Juzu Bracelet"],"potions_floor_usage":[33,33,35,38,40,42,50,50,50,50,50],"damage_taken":[{"damage":1.0,"enemies":"Cultist","floor":1.0,"turns":4.0},{"damage":7.0,"enemies":"Small Slimes","floor":2.0,"turns":4.0},{"damage":8.0,"enemies":"2 Louse","floor":4.0,"turns":2.0},{"damage":3.0,"enemies":"Red Slaver","floor":5.0,"turns":6.0},{"damage":3.0,"enemies":"Looter","floor":7.0,"turns":4.0},{"damage":7.0,"enemies":"3 Sentries","floor":11.0,"turns":10.0},{"damage":0.0,"enemies":"2 Fungi Beasts","floor":12.0,"turns":4.0},{"damage":11.0,"enemies":"Hexaghost","floor":16.0,"turns":7.0},{"damage":1.0,"enemies":"Shell Parasite","floor":18.0,"turns":4.0},{"damage":20.0,"enemies":"Masked Bandits","floor":19.0,"turns":6.0},{"damage":0.0,"enemies":"3 Byrds","floor":21.0,"turns":4.0},{"damage":6.0,"enemies":"Snake Plant","floor":22.0,"turns":4.0},{"damage":39.0,"enemies":"Gremlin Leader","floor":23.0,"turns":8.0},{"damage":0.0,"enemies":"Cultist and Chosen","floor":24.0,"turns":6.0},{"damage":0.0,"enemies":"Centurion and Healer","floor":25.0,"turns":8.0},{"damage":4.0,"enemies":"Snake Plant","floor":29.0,"turns":3.0},{"damage":0.0,"enemies":"Chosen and Byrds","floor":31.0,"turns":5.0},{"damage":27,"enemies":"Automaton","floor":33,"turns":12},{"damage":0,"enemies":"3 Shapes","floor":35,"turns":5},{"damage":1,"enemies":"3 Darklings","floor":38,"turns":8},{"damage":12,"enemies":"Nemesis","floor":40,"turns":7},{"damage":4,"enemies":"2 Orb Walkers","floor":42,"turns":5},{"damage":3,"enemies":"Writhing Mass","floor":45,"turns":4},{"damage":19,"enemies":"Spire Growth","floor":48,"turns":4},{"damage":4,"enemies":"Awakened One","floor":50,"turns":12}],"seed_played":"7986911138678118242","potions_obtained":[{"floor":4.0,"key":"Weak Potion"},{"floor":7.0,"key":"PowerPotion"},{"floor":11.0,"key":"SneckoOil"},{"floor":18.0,"key":"Strength Potion"},{"floor":19.0,"key":"GhostInAJar"},{"floor":23.0,"key":"Explosive Potion"},{"floor":25.0,"key":"Ancient Potion"},{"floor":33,"key":"Explosive Potion"},{"floor":35,"key":"SkillPotion"},{"floor":38,"key":"EntropicBrew"},{"floor":42,"key":"Swift Potion"}],"is_trial":false,"path_per_floor":["M","M","?","M","M","R","M","?","T","R","E","M","R","$","R","B",null,"M","?","?","M","M","E","M","M","T","R","?","M","$","M","R","B",null,"M","?","T","M","?","E","R","?","T","$","M","R","$","M","R","B"],"character_chosen":"THE_SILENT","items_purchased":["Bouncing Flask","Oddly Smooth Stone","Vajra","Noxious Fumes","Sadistic Nature","Footwork"],"campfire_rested":4,"item_purchase_floors":[14,30,30,44,44,47],"current_hp_per_floor":[69,62,51,43,40,40,37,37,37,58,51,51,51,51,51,40,70,69,49,49,49,43,4,4,4,4,25,25,21,21,21,42,15,70,70,70,70,69,69,57,57,53,53,53,50,50,50,31,52,48],"gold":79,"neow_bonus":"RANDOM_COMMON_RELIC","is_prod":false,"is_daily":false,"chose_seed":false,"campfire_upgraded":5,"win_rate":0,"timestamp":1540208693,"path_taken":["M","?","?","M","M","R","M","?","T","R","E","M","R","$","R","BOSS","M","?","?","M","M","E","M","M","T","R","?","M","?","M","R","BOSS","M","?","?","M","?","E","R","?","T","?","M","R","$","M","R","BOSS"],"build_version":"2018-10-18","purchased_purges":3,"victory":true,"max_hp_per_floor":[70,70,70,70,70,70,70,70,70,70,70,70,70,70,70,70,70,70,70,70,70,70,70,70,70,70,70,70,70,70,70,70,70,70,70,70,70,70,70,70,70,70,70,70,70,70,70,70,70,70],"card_choices":[{"not_picked":["Leg Sweep","Infinite Blades"],"picked":"Cloak And Dagger","floor":1.0},{"not_picked":["Prepared","Dagger Throw","Accuracy"],"picked":"SKIP","floor":2.0},{"not_picked":["Flying Knee","Quick Slash","Heel Hook"],"picked":"SKIP","floor":4.0},{"not_picked":["Outmaneuver","Concentrate"],"picked":"Dash","floor":5.0},{"not_picked":["Finisher","Outmaneuver"],"picked":"Backflip","floor":7.0},{"not_picked":["Bullet Time","Dagger Spray"],"picked":"Footwork","floor":11.0},{"not_picked":["Outmaneuver","All Out Attack"],"picked":"Poisoned Stab","floor":12.0},{"not_picked":["Doppelganger","Wraith Form v2"],"picked":"Adrenaline","floor":16.0},{"not_picked":["Underhanded Strike+1","Outmaneuver"],"picked":"Well Laid Plans","floor":18.0},{"not_picked":["Prepared","Flying Knee"],"picked":"Escape Plan","floor":19.0},{"not_picked":["Slice+1","Underhanded Strike","Well Laid Plans"],"picked":"SKIP","floor":21.0},{"not_picked":["Deflect","Outmaneuver","Concentrate"],"picked":"SKIP","floor":22.0},{"not_picked":["Bane","Die Die Die"],"picked":"Blur","floor":23.0},{"not_picked":["Dagger Spray+1","Well Laid Plans","Dagger Throw+1"],"picked":"SKIP","floor":24.0},{"not_picked":["Heel Hook","Setup+1"],"picked":"Deadly Poison","floor":25.0},{"not_picked":["Reflex","Poisoned Stab"],"picked":"Terror","floor":29.0},{"not_picked":["Deflect","Flechettes+1","Flying Knee"],"picked":"SKIP","floor":31.0},{"not_picked":["Glass Knife","Bullet Time"],"picked":"After Image","floor":33},{"not_picked":["Dodge and Roll","Eviscerate+1"],"picked":"Blur+1","floor":35},{"not_picked":["Deep Breath","Purity"],"picked":"Trip","floor":36},{"not_picked":["Backflip","Bane+1"],"picked":"Backstab+1","floor":38},{"not_picked":["Infinite Blades","Die Die Die"],"picked":"Dagger Spray+1","floor":40},{"not_picked":["Setup+1","Tactician+1"],"picked":"Reflex+1","floor":42},{"not_picked":["Outmaneuver","Poisoned Stab+1","Bane"],"picked":"SKIP","floor":45},{"not_picked":["Bane","Leg Sweep","Flying Knee+1"],"picked":"SKIP","floor":45},{"not_picked":["Heel Hook","Backstab","Prepared"],"picked":"SKIP","floor":48},{"not_picked":["Wraith Form v2","Dagger Throw+1","Dodge and Roll+1"],"picked":"SKIP","floor":48}],"player_experience":357720,"relics_obtained":[{"floor":9.0,"key":"Bottled Flame"},{"floor":11.0,"key":"Boot"},{"floor":19.0,"key":"Red Mask"},{"floor":23.0,"key":"Mummified Hand"},{"floor":26.0,"key":"Bag of Preparation"},{"floor":37,"key":"Letter Opener"},{"floor":40,"key":"Bag of Marbles"},{"floor":42,"key":"Prayer Wheel"},{"floor":43,"key":"Juzu Bracelet"}],"event_choices":[{"damage_healed":0.0,"max_hp_gain":0.0,"max_hp_loss":0.0,"gold_gain":75.0,"event_name":"World of Goop","player_choice":"Gather Gold","floor":3.0,"gold_loss":0.0,"damage_taken":11.0},{"damage_healed":0.0,"max_hp_gain":0.0,"max_hp_loss":0.0,"gold_gain":0.0,"cards_transformed":["Strike_G"],"event_name":"Living Wall","player_choice":"Change","floor":8.0,"gold_loss":0.0,"damage_taken":0.0,"cards_obtained":["Predator"]},{"damage_healed":0.0,"max_hp_gain":0.0,"max_hp_loss":0.0,"gold_gain":0.0,"event_name":"Masked Bandits","player_choice":"Fought Bandits","floor":19.0,"gold_loss":0.0,"damage_taken":0.0},{"cards_removed":["Defend_G"],"damage_healed":0.0,"max_hp_gain":0.0,"max_hp_loss":0.0,"gold_gain":0.0,"event_name":"Beggar","player_choice":"Gave Gold","floor":20.0,"gold_loss":75.0,"damage_taken":0.0},{"damage_healed":0.0,"max_hp_gain":0.0,"max_hp_loss":0.0,"gold_gain":0.0,"event_name":"Match and Keep!","player_choice":"2 cards matched","floor":28.0,"gold_loss":0.0,"damage_taken":0.0,"cards_obtained":["Enlightenment","Neutralize"]},{"damage_healed":0,"gold_gain":0,"player_choice":"Memory 1","damage_taken":0,"max_hp_gain":0,"max_hp_loss":0,"event_name":"SensoryStone","floor":36,"gold_loss":0},{"damage_healed":0,"gold_gain":222,"player_choice":"Wore Mask","damage_taken":0,"max_hp_gain":0,"max_hp_loss":0,"event_name":"Tomb of Lord Red Mask","floor":39,"gold_loss":0},{"damage_healed":0,"gold_gain":0,"player_choice":"Fight","damage_taken":0,"max_hp_gain":0,"max_hp_loss":0,"event_name":"Mysterious Sphere","floor":42,"gold_loss":0}],"is_beta":false,"boss_relics":[{"not_picked":["Black Star","Busted Crown"],"picked":"HoveringKite"},{"not_picked":["Calling Bell","Empty Cage"],"picked":"Runic Pyramid"}],"items_purged_floors":[14,44,47],"is_endless":false,"potions_floor_spawned":[4,7,11,18,19,23,25,33,35,38,42,48],"ascension_level":3}