{"gold_per_floor":[119,133,147,0,0,26,39,57,57,68,68,18,52,72,72,171,171,183,282,282,124,124],"floor_reached":22,"playtime":1475,"items_purged":[],"score":225,"play_id":"b593c6ce-5531-418e-86e4-555d2abefe3d","local_time":"20190115104309","is_ascension_mode":true,"campfire_choices":[{"floor":11,"key":"REST"},{"floor":15,"key":"REST"}],"neow_cost":"TEN_PERCENT_HP_LOSS","seed_source_timestamp":563460575062555,"circlet_count":0,"master_deck":["Strike_R+1","Strike_R","Strike_R","Strike_R","Defend_R+1","Defend_R","Defend_R","Defend_R+1","Bash+1","Cleave","Fire Breathing","Uppercut","Barricade","Cleave","Clothesline","Warcry","Armaments","Offering","Doubt","Clumsy","Decay","Body Slam+1","Fire Breathing","Dropkick"],"relics":["Burning Blood","Incense Burner","Strawberry","Oddly Smooth Stone","Smiling Mask","Ancient Tea Set","Calling Bell","War Paint","Mummified Hand","WingedGreaves","Tiny Chest"],"potions_floor_usage":[13,13,16,18,22],"damage_taken":[{"damage":1,"enemies":"Cultist","floor":1,"turns":4},{"damage":10,"enemies":"Small Slimes","floor":2,"turns":3},{"damage":4,"enemies":"2 Louse","floor":3,"turns":3},{"damage":16,"enemies":"Lagavulin","floor":6,"turns":5},{"damage":22,"enemies":"Lots of Slimes","floor":7,"turns":3},{"damage":7,"enemies":"Looter","floor":8,"turns":3},{"damage":3,"enemies":"2 Fungi Beasts","floor":10,"turns":3},{"damage":20,"enemies":"3 Sentries","floor":13,"turns":5},{"damage":15,"enemies":"Exordium Thugs","floor":14,"turns":3},{"damage":22,"enemies":"The Guardian","floor":16,"turns":16},{"damage":57,"enemies":"Spheric Guardian","floor":18,"turns":6},{"damage":30,"enemies":"Chosen","floor":22,"turns":4}],"seed_played":"4518537844819168472","potions_obtained":[{"floor":2,"key":"GamblersBrew"},{"floor":3,"key":"Dexterity Potion"},{"floor":6,"key":"Dexterity Potion"},{"floor":10,"key":"Swift Potion"},{"floor":16,"key":"EntropicBrew"},{"floor":18,"key":"Dexterity Potion"}],"is_trial":false,"path_per_floor":["M","M","M","$","?","E","M","M","T","M","R","?","E","M","R","B",null,"M","?","?","$","M"],"character_chosen":"IRONCLAD","items_purchased":["Strawberry","Tiny Chest","Dropkick"],"campfire_rested":2,"item_purchase_floors":[4,21,21],"current_hp_per_floor":[72,68,70,77,61,51,35,34,34,37,60,60,46,37,60,44,79,28,28,28,28,0],"gold":124,"neow_bonus":"ONE_RARE_RELIC","is_prod":false,"is_daily":false,"chose_seed":false,"campfire_upgraded":0,"win_rate":0,"timestamp":1547566989,"path_taken":["M","M","M","$","?","E","M","M","T","M","R","?","E","M","R","BOSS","M","?","?","$","?"],"build_version":"2019-01-10","purchased_purges":0,"victory":false,"max_hp_per_floor":[72,72,72,79,79,79,79,79,79,79,79,79,79,79,79,79,79,79,79,79,79,79],"card_choices":[{"not_picked":["Iron Wave","Blood for Blood"],"picked":"Cleave","floor":1},{"not_picked":["Entrench","Power Through"],"picked":"Fire Breathing","floor":2},{"not_picked":["Rage","Body Slam"],"picked":"Uppercut","floor":3},{"not_picked":["Reckless Charge","Warcry"],"picked":"Barricade","floor":6},{"not_picked":["Heavy Blade","Clash"],"picked":"Cleave","floor":7},{"not_picked":["Pommel Strike","Rampage"],"picked":"Clothesline","floor":8},{"not_picked":["Cleave","Carnage","Feel No Pain"],"picked":"SKIP","floor":10},{"not_picked":["Searing Blow","Perfected Strike"],"picked":"Warcry","floor":13},{"not_picked":["Feel No Pain","Havoc"],"picked":"Armaments","floor":14},{"not_picked":["Fiend Fire","Dark Embrace"],"picked":"Offering","floor":16},{"not_picked":["Headbutt+1","Iron Wave"],"picked":"Body Slam+1","floor":18}],"player_experience":227087,"relics_obtained":[{"floor":6,"key":"Oddly Smooth Stone"},{"floor":9,"key":"Smiling Mask"},{"floor":13,"key":"Ancient Tea Set"},{"floor":17,"key":"War Paint"},{"floor":17,"key":"Mummified Hand"},{"floor":17,"key":"WingedGreaves"}],"event_choices":[{"damage_healed":0,"gold_gain":0,"player_choice":"Entered Light","damage_taken":16,"max_hp_gain":0,"max_hp_loss":0,"event_name":"Shining Light","floor":5,"gold_loss":0,"cards_upgraded":["Strike_R","Bash"]},{"cards_removed":["Strike_R"],"damage_healed":0,"gold_gain":0,"player_choice":"Card Removal","damage_taken":0,"max_hp_gain":0,"max_hp_loss":0,"event_name":"The Cleric","floor":12,"gold_loss":50},{"damage_healed":0,"gold_gain":99,"player_choice":"Stole From Cult","damage_taken":0,"max_hp_gain":0,"max_hp_loss":0,"event_name":"Nest","floor":19,"gold_loss":0},{"damage_healed":0,"gold_gain":0,"player_choice":"Copied","damage_taken":0,"max_hp_gain":0,"max_hp_loss":0,"event_name":"Duplicator","floor":20,"gold_loss":0,"cards_obtained":["Fire Breathing"]}],"is_beta":false,"boss_relics":[{"not_picked":["Runic Pyramid","Astrolabe"],"picked":"Calling Bell"}],"items_purged_floors":[],"is_endless":false,"potions_floor_spawned":[2,3,6,10,16,18],"killed_by":"Chosen","ascension_level":3}