{"gold_per_floor":[116,116,191,245,420,464,464,489,537,537,558,558],"floor_reached":12,"playtime":234,"items_purged":[],"score":101,"play_id":"95f9de75-f5a5-4882-88d8-200cffe90772","local_time":"20181215194926","is_ascension_mode":false,"campfire_choices":[{"data":"Intimidate","floor":7,"key":"SMITH"},{"floor":10,"key":"RECALL"}],"neow_cost":"NONE","seed_source_timestamp":1399384475807841,"circlet_count":0,"master_deck":["Strike_R","Strike_R","Strike_R","Strike_R","Strike_R","Defend_R","Defend_R","Defend_R","Defend_R","Bash","Intimidate+1","Doubt"],"relics":["Burning Blood","NeowsBlessing","Golden Idol","Anchor","Potion Belt"],"potions_floor_usage":[],"damage_taken":[{"damage":0,"enemies":"Jaw Worm","floor":1,"turns":1},{"damage":0,"enemies":"Gremlin Nob","floor":6,"turns":1},{"damage":0,"enemies":"2 Louse","floor":8,"turns":1},{"damage":10,"enemies":"Small Slimes","floor":11,"turns":4},{"damage":57,"enemies":"3 Sentries","floor":12,"turns":8}],"seed_played":"1699498922444087055","potions_obtained":[{"floor":1,"key":"GamblersBrew"},{"floor":6,"key":"Explosive Potion"}],"is_trial":false,"path_per_floor":["M","?","?","T","?","E","R","M","T","R","M","E"],"character_chosen":"IRONCLAD","items_purchased":[],"campfire_rested":0,"item_purchase_floors":[],"current_hp_per_floor":[80,60,49,49,49,55,55,61,61,61,57,0],"gold":558,"neow_bonus":"THREE_ENEMY_KILL","is_prod":false,"is_daily":false,"chose_seed":false,"campfire_upgraded":1,"win_rate":0,"timestamp":1544870966,"path_taken":["M","?","?","?","?","E","R","M","T","R","M","E"],"build_version":"2018-12-13","purchased_purges":0,"victory":false,"max_hp_per_floor":[80,80,80,80,80,80,80,80,80,80,80,80],"card_choices":[{"not_picked":["Uppercut","Second Wind"],"picked":"Intimidate","floor":1},{"not_picked":["Perfected Strike","Carnage","Feel No Pain"],"picked":"SKIP","floor":6},{"not_picked":["Sword Boomerang","Pommel Strike","Perfected Strike"],"picked":"SKIP","floor":8},{"not_picked":["Pummel","Corruption","Body Slam"],"picked":"SKIP","floor":11}],"player_experience":631333,"relics_obtained":[{"floor":6,"key":"Anchor"},{"floor":9,"key":"Potion Belt"}],"event_choices":[{"damage_healed":0,"gold_gain":0,"player_choice":"Take Damage","damage_taken":20,"relics_obtained":["Golden Idol"],"max_hp_gain":0,"max_hp_loss":0,"event_name":"Golden Idol","floor":2,"gold_loss":0},{"damage_healed":0,"gold_gain":75,"player_choice":"Gather Gold","damage_taken":11,"max_hp_gain":0,"max_hp_loss":0,"event_name":"World of Goop","floor":3,"gold_loss":0},{"damage_healed":0,"gold_gain":175,"player_choice":"AGREE","damage_taken":0,"max_hp_gain":0,"max_hp_loss":0,"event_name":"Liars Game","floor":5,"gold_loss":0,"cards_obtained":["Doubt"]}],"is_beta":false,"boss_relics":[],"items_purged_floors":[],"is_endless":false,"potions_floor_spawned":[1,6],"killed_by":"3 Sentries","ascension_level":0}