{"gold_per_floor":[115,115,190,190,208,208,234,251,251,251,269,303,315,327,327,423,423,437,448,363,363,377,408,420,308,308,328,328,328,346,346,346,448,448,460,460,274,274,156,187,187,187,187,199,199,224,274,101,101,101],"floor_reached":51,"playtime":1353,"items_purged":["Normality"],"score":920,"play_id":"ae93f72d-6305-4c73-836d-4820a2e3da55","local_time":"20190120042325","is_ascension_mode":true,"campfire_choices":[{"floor":6,"key":"REST"},{"floor":10,"key":"REST"},{"floor":15,"key":"REST"},{"floor":24,"key":"REST"},{"floor":29,"key":"REST"},{"floor":32,"key":"REST"},{"floor":41,"key":"REST"},{"floor":45,"key":"REST"},{"data":"Inflame","floor":49,"key":"SMITH"}],"neow_cost":"NONE","seed_source_timestamp":921014026694668,"circlet_count":0,"master_deck":["Strike_R","Strike_R","Strike_R+1","Strike_R+1","Strike_R","Defend_R","Defend_R","Defend_R","Bash","Uppercut","Carnage","Carnage","Inflame+1","Heavy Blade","Feed+1","Shockwave","Thunderclap","Immolate","Heavy Blade","Cleave+1","Fire Breathing+1","Spot Weakness+1","True Grit+1","Rage+1","Decay","Shockwave+1","Impervious","Inflame","Swift Strike+1","Pummel+1","Flex","Metallicize+1","Shockwave+1","Shame","Impervious","Combust"],"relics":["Burning Blood","Blood Vial","Mummified Hand","Dream Catcher","PreservedInsect","The Courier","Mark of Pain","Bag of Marbles","MawBank","Bronze Scales","Lantern","Red Skull","Cursed Key","Membership Card","Lee\u0027s Waffle","Pantograph","Darkstone Periapt","Whetstone","Anchor"],"potions_floor_usage":[7,11,14,19,22,23,33,33,36,46,50,50,50],"damage_taken":[{"damage":9,"enemies":"2 Louse","floor":1,"turns":5},{"damage":13,"enemies":"Small Slimes","floor":5,"turns":3},{"damage":25,"enemies":"Lagavulin","floor":7,"turns":5},{"damage":4,"enemies":"Jaw Worm","floor":8,"turns":3},{"damage":7,"enemies":"Exordium Wildlife","floor":11,"turns":4},{"damage":25,"enemies":"3 Sentries","floor":12,"turns":4},{"damage":8,"enemies":"Blue Slaver","floor":13,"turns":2},{"damage":20,"enemies":"Lots of Slimes","floor":14,"turns":4},{"damage":58,"enemies":"Slime Boss","floor":16,"turns":10},{"damage":33,"enemies":"Shell Parasite","floor":18,"turns":5},{"damage":6,"enemies":"3 Byrds","floor":19,"turns":4},{"damage":10,"enemies":"Centurion and Healer","floor":22,"turns":3},{"damage":38,"enemies":"Book of Stabbing","floor":23,"turns":4},{"damage":22,"enemies":"Shelled Parasite and Fungi","floor":27,"turns":4},{"damage":24,"enemies":"Snake Plant","floor":30,"turns":1},{"damage":42,"enemies":"Collector","floor":33,"turns":5},{"damage":24,"enemies":"3 Shapes","floor":35,"turns":3},{"damage":15,"enemies":"3 Darklings","floor":36,"turns":2},{"damage":46,"enemies":"Reptomancer","floor":40,"turns":5},{"damage":28,"enemies":"Spire Growth","floor":44,"turns":3},{"damage":2,"enemies":"Giant Head","floor":46,"turns":6},{"damage":62,"enemies":"Donu and Deca","floor":50,"turns":7}],"seed_played":"4508206792706698146","potions_obtained":[{"floor":1,"key":"Poison Potion"},{"floor":5,"key":"Block Potion"},{"floor":13,"key":"BloodPotion"},{"floor":16,"key":"Block Potion"},{"floor":19,"key":"SpeedPotion"},{"floor":21,"key":"PowerPotion"},{"floor":21,"key":"SmokeBomb"},{"floor":27,"key":"Poison Potion"},{"floor":30,"key":"Energy Potion"},{"floor":33,"key":"Weak Potion"},{"floor":35,"key":"Strength Potion"},{"floor":44,"key":"Fire Potion"}],"is_trial":false,"path_per_floor":["M","?","?","?","M","R","E","M","T","R","M","E","M","M","R","B",null,"M","M","?","?","M","E","R","$","T","M","?","R","M","?","R","B",null,"M","M","$","?","$","E","R","?","T","M","R","E","T","$","R","B",null],"character_chosen":"IRONCLAD","items_purchased":["Bronze Scales","Membership Card","Inflame","Lee\u0027s Waffle","Swift Strike","Impervious","Combust","AttackPotion","Dexterity Potion"],"campfire_rested":8,"item_purchase_floors":[25,37,37,39,39,48,48,48,48],"current_hp_per_floor":[77,61,50,43,38,62,45,49,49,73,74,57,57,56,80,30,83,56,58,58,58,56,26,50,50,50,36,36,60,44,44,68,34,83,65,58,58,58,90,50,77,77,77,60,87,93,99,99,99,43],"gold":101,"neow_bonus":"RANDOM_COMMON_RELIC","is_prod":false,"is_daily":false,"chose_seed":false,"campfire_upgraded":1,"win_rate":0,"timestamp":1547979805,"path_taken":["M","?","?","?","M","R","E","M","T","R","M","E","M","?","R","BOSS","M","M","?","?","?","E","R","$","T","M","?","R","M","?","R","BOSS","M","M","$","?","$","E","R","?","T","M","R","E","?","$","R","BOSS"],"build_version":"2019-01-17v2","purchased_purges":1,"victory":true,"max_hp_per_floor":[80,80,80,80,80,80,80,80,80,80,80,80,80,83,83,83,83,83,83,83,83,83,83,83,83,83,83,83,83,83,83,83,83,83,83,83,83,83,90,90,90,90,90,93,93,93,99,99,99,99],"card_choices":[{"not_picked":["Anger","Evolve"],"picked":"Uppercut","floor":1},{"not_picked":["Bloodletting","Body Slam","Anger"],"picked":"SKIP","floor":5},{"not_picked":["Dropkick","Headbutt"],"picked":"Carnage","floor":7},{"not_picked":["Sentinel","Twin Strike"],"picked":"Carnage","floor":8},{"not_picked":["Thunderclap","Clothesline"],"picked":"Inflame","floor":10},{"not_picked":["Dual Wield","Anger"],"picked":"Heavy Blade","floor":11},{"not_picked":["Sentinel","Clothesline"],"picked":"Feed","floor":12},{"not_picked":["Body Slam","Clash"],"picked":"Shockwave","floor":13},{"not_picked":["Twin Strike","Pommel Strike"],"picked":"Thunderclap","floor":14},{"not_picked":["Dark Embrace","Exhume"],"picked":"Immolate","floor":16},{"not_picked":["Sword Boomerang+1","Headbutt","Warcry"],"picked":"SKIP","floor":18},{"not_picked":["Cleave","Headbutt+1"],"picked":"Heavy Blade","floor":19},{"not_picked":["Dropkick","Twin Strike"],"picked":"Cleave+1","floor":22},{"not_picked":["Anger","Brutality"],"picked":"Fire Breathing+1","floor":23},{"not_picked":["Iron Wave","Carnage"],"picked":"Spot Weakness+1","floor":24},{"not_picked":["Pommel Strike","Disarm"],"picked":"True Grit+1","floor":27},{"not_picked":["Headbutt","Cleave"],"picked":"Rage+1","floor":30},{"not_picked":["Sever Soul","Havoc"],"picked":"Shockwave+1","floor":32},{"not_picked":["Reaper","Dark Embrace"],"picked":"Impervious","floor":33},{"not_picked":["Clothesline+1","Havoc","Pommel Strike"],"picked":"SKIP","floor":35},{"not_picked":["Warcry+1","Cleave+1"],"picked":"Pummel+1","floor":40},{"not_picked":["Clothesline","Cleave"],"picked":"Flex","floor":44},{"not_picked":["Corruption","Cleave"],"picked":"Metallicize+1","floor":45},{"not_picked":["Clash+1","Perfected Strike"],"picked":"Shockwave+1","floor":46}],"player_experience":292504,"relics_obtained":[{"floor":7,"key":"Dream Catcher"},{"floor":9,"key":"PreservedInsect"},{"floor":12,"key":"The Courier"},{"floor":23,"key":"MawBank"},{"floor":26,"key":"Lantern"},{"floor":40,"key":"Pantograph"},{"floor":43,"key":"Darkstone Periapt"},{"floor":46,"key":"Whetstone"},{"floor":47,"key":"Anchor"}],"event_choices":[{"damage_healed":0,"gold_gain":0,"player_choice":"Entered Light","damage_taken":16,"max_hp_gain":0,"max_hp_loss":0,"event_name":"Shining Light","floor":2,"gold_loss":0,"cards_upgraded":["Strike_R","Strike_R"]},{"damage_healed":0,"gold_gain":75,"player_choice":"Gather Gold","damage_taken":11,"max_hp_gain":0,"max_hp_loss":0,"event_name":"World of Goop","floor":3,"gold_loss":0},{"damage_healed":0,"gold_gain":0,"player_choice":"Success","damage_taken":7,"relics_obtained":["Mummified Hand"],"max_hp_gain":0,"max_hp_loss":0,"event_name":"Scrap Ooze","floor":4,"gold_loss":0},{"damage_healed":0,"gold_gain":0,"player_choice":"Obtained Relic","damage_taken":0,"relics_obtained":["Bag of Marbles"],"max_hp_gain":0,"max_hp_loss":0,"event_name":"Addict","floor":20,"gold_loss":85},{"damage_healed":0,"gold_gain":0,"player_choice":"Got Potions","damage_taken":0,"max_hp_gain":0,"max_hp_loss":0,"event_name":"Lab","floor":21,"gold_loss":0},{"damage_healed":0,"gold_gain":0,"player_choice":"Opened","damage_taken":0,"relics_obtained":["Red Skull"],"max_hp_gain":0,"max_hp_loss":0,"event_name":"The Mausoleum","floor":28,"gold_loss":0},{"damage_healed":0,"gold_gain":0,"player_choice":"Cursed","damage_taken":0,"max_hp_gain":0,"max_hp_loss":0,"event_name":"Wheel of Change","floor":31,"gold_loss":0,"cards_obtained":["Decay"]},{"damage_healed":0,"gold_gain":0,"player_choice":"Ignored","damage_taken":0,"max_hp_gain":0,"max_hp_loss":0,"event_name":"Tomb of Lord Red Mask","floor":38,"gold_loss":0},{"cards_removed":["Defend_R"],"damage_healed":0,"gold_gain":0,"player_choice":"Removed Skill","damage_taken":0,"max_hp_gain":0,"max_hp_loss":0,"event_name":"Falling","floor":42,"gold_loss":0}],"is_beta":false,"boss_relics":[{"not_picked":["White Beast Statue","Pandora\u0027s Box"],"picked":"Mark of Pain"},{"not_picked":["Empty Cage","Philosopher\u0027s Stone"],"picked":"Cursed Key"}],"items_purged_floors":[48],"is_endless":false,"potions_floor_spawned":[1,5,13,16,19,27,30,33,35,36,44],"ascension_level":4}