{"gold_per_floor":[111,111,130,230,240,240,270,270,324,34,45,45,60,60,60,60],"floor_reached":16,"playtime":1334,"items_purged":[],"score":100,"play_id":"b1406e1c-71c3-4ccb-b46b-9d24ad7b5013","local_time":"20190102165120","is_ascension_mode":false,"campfire_choices":[{"data":"Perfected Strike","floor":6,"key":"SMITH"},{"floor":12,"key":"REST"},{"data":"Metallicize","floor":15,"key":"SMITH"}],"neow_cost":"NONE","seed_source_timestamp":981984189230967,"circlet_count":0,"master_deck":["Strike_R","Strike_R","Strike_R","Strike_R","Strike_R","Defend_R","Defend_R","Defend_R","Defend_R","Bash","Barricade","Perfected Strike+1","Cleave+1","Blood for Blood+1","Flex","Metallicize+1","Cleave","Uppercut"],"relics":["Burning Blood","Oddly Smooth Stone","Torii","Whetstone","Juzu Bracelet","Golden Idol"],"potions_floor_usage":[],"damage_taken":[{"damage":12,"enemies":"Jaw Worm","floor":1,"turns":7},{"damage":1,"enemies":"2 Louse","floor":3,"turns":3},{"damage":0,"enemies":"Cultist","floor":5,"turns":3},{"damage":28,"enemies":"Gremlin Nob","floor":7,"turns":4},{"damage":17,"enemies":"Large Slime","floor":11,"turns":4},{"damage":1,"enemies":"Gremlin Gang","floor":13,"turns":3},{"damage":66,"enemies":"Hexaghost","floor":16,"turns":14}],"seed_played":"2854367249195318959","potions_obtained":[{"floor":3,"key":"SteroidPotion"},{"floor":7,"key":"EssenceOfSteel"},{"floor":11,"key":"FearPotion"}],"is_trial":false,"path_per_floor":["M","?","M","?","M","R","E","?","T","$","M","R","M","?","R","B"],"character_chosen":"IRONCLAD","items_purchased":["Flex","Metallicize","Juzu Bracelet","Cleave"],"campfire_rested":1,"item_purchase_floors":[10,10,10,10],"current_hp_per_floor":[74,56,61,61,67,67,45,45,45,45,34,58,63,63,63,0],"gold":60,"neow_bonus":"ONE_RANDOM_RARE_CARD","is_prod":false,"is_daily":false,"chose_seed":false,"campfire_upgraded":2,"win_rate":0.0,"timestamp":1546465880,"path_taken":["M","?","M","?","?","R","E","?","T","$","M","R","M","?","R","BOSS"],"build_version":"2018-12-20","purchased_purges":0,"victory":false,"max_hp_per_floor":[80,80,80,80,80,80,80,80,80,80,80,80,80,74,74,74],"card_choices":[{"not_picked":["Warcry","Second Wind"],"picked":"Headbutt","floor":1},{"not_picked":["Flex","Reckless Charge"],"picked":"Perfected Strike","floor":3},{"not_picked":["Warcry","Body Slam"],"picked":"Cleave","floor":5},{"not_picked":["Warcry","Infernal Blade"],"picked":"Blood for Blood","floor":7},{"not_picked":["Body Slam","Offering","Reckless Charge"],"picked":"SKIP","floor":11},{"not_picked":["Shrug It Off","Twin Strike"],"picked":"Uppercut","floor":13}],"player_experience":8468,"relics_obtained":[{"floor":7,"key":"Torii"},{"floor":9,"key":"Whetstone"}],"event_choices":[{"damage_healed":0,"gold_gain":0,"player_choice":"Success","damage_taken":18,"relics_obtained":["Oddly Smooth Stone"],"max_hp_gain":0,"max_hp_loss":0,"event_name":"Scrap Ooze","floor":2,"gold_loss":0},{"damage_healed":0,"gold_gain":100,"player_choice":"Pray","damage_taken":0,"max_hp_gain":0,"max_hp_loss":0,"event_name":"Golden Shrine","floor":4,"gold_loss":0},{"cards_removed":["Headbutt"],"damage_healed":0,"gold_gain":0,"player_choice":"Purged","damage_taken":0,"max_hp_gain":0,"max_hp_loss":0,"event_name":"Purifier","floor":8,"gold_loss":0},{"damage_healed":0,"gold_gain":0,"player_choice":"Lose Max HP","damage_taken":0,"relics_obtained":["Golden Idol"],"max_hp_gain":0,"max_hp_loss":6,"event_name":"Golden Idol","floor":14,"gold_loss":0}],"is_beta":false,"boss_relics":[],"items_purged_floors":[],"is_endless":false,"potions_floor_spawned":[3,7,11],"killed_by":"Hexaghost","ascension_level":0}