{"gold_per_floor":[119,139,65,85,103,103,103,103,103,103,125,160,160,175,175,275,275,295,307,74,74,74,74,109,109,136,171,17,17,28,45,45,143,143,161,12,26,39,39,39,54,0,52,70,70,70,87,87],"floor_reached":48,"playtime":3371,"items_purged":["Strike_G","Strike_G"],"score":566,"play_id":"5cbbb2b9-9806-4532-a5a5-df90bd49e8ef","local_time":"20190209001039","is_ascension_mode":true,"campfire_choices":[{"data":"Noxious Fumes","floor":6,"key":"SMITH"},{"data":"Leg Sweep","floor":8,"key":"SMITH"},{"data":"Neutralize","floor":10,"key":"SMITH"},{"data":"Noxious Fumes","floor":15,"key":"SMITH"},{"data":"Cloak And Dagger","floor":23,"key":"SMITH"},{"floor":25,"key":"REST"},{"floor":29,"key":"REST"},{"floor":32,"key":"REST"},{"floor":40,"key":"REST"},{"floor":45,"key":"REST"}],"neow_cost":"NONE","seed_source_timestamp":32109547828669,"circlet_count":0,"master_deck":["Defend_G","Defend_G","Defend_G","Defend_G","Defend_G","Survivor","Neutralize+1","Deadly Poison","Leg Sweep+1","Noxious Fumes+1","Quick Slash","Dodge and Roll","Noxious Fumes+1","Dodge and Roll","PiercingWail","Corpse Explosion","Deflect","Backflip","Caltrops","Blur","Leg Sweep","Dagger Spray+1","Cloak And Dagger+1","Dodge and Roll","Caltrops","Bouncing Flask","PiercingWail","Dash+1","Crippling Poison","A Thousand Cuts","Acrobatics+1","Infinite Blades+1","Reflex+1","Acrobatics+1","Slice+1","Slice+1","Finisher+1","Burst","Backflip","Footwork+1"],"relics":["Ring of the Snake","NeowsBlessing","Ninja Scroll","Molten Egg 2","Odd Mushroom","Ginger","Orrery","Oddly Smooth Stone","Pantograph","Snake Skull","Gremlin Horn","Blood Vial","Astrolabe","Red Mask","Bag of Preparation","Bird Faced Urn"],"potions_floor_usage":[16,16,24,27,31,38,41,44,44,47,47],"damage_taken":[{"damage":0,"enemies":"Cultist","floor":1,"turns":1},{"damage":0,"enemies":"2 Louse","floor":2,"turns":1},{"damage":0,"enemies":"Small Slimes","floor":4,"turns":1},{"damage":10,"enemies":"2 Fungi Beasts","floor":5,"turns":5},{"damage":11,"enemies":"The Mushroom Lair","floor":11,"turns":5},{"damage":8,"enemies":"Lagavulin","floor":12,"turns":7},{"damage":0,"enemies":"Blue Slaver","floor":14,"turns":5},{"damage":6,"enemies":"Hexaghost","floor":16,"turns":9},{"damage":14,"enemies":"Shell Parasite","floor":18,"turns":6},{"damage":14,"enemies":"Chosen","floor":19,"turns":5},{"damage":28,"enemies":"Gremlin Leader","floor":24,"turns":7},{"damage":34,"enemies":"Slavers","floor":27,"turns":3},{"damage":10,"enemies":"Snecko","floor":30,"turns":5},{"damage":14,"enemies":"Snake Plant","floor":31,"turns":5},{"damage":60,"enemies":"Collector","floor":33,"turns":10},{"damage":18,"enemies":"Orb Walker","floor":35,"turns":7},{"damage":21,"enemies":"3 Shapes","floor":37,"turns":5},{"damage":33,"enemies":"Maw","floor":38,"turns":8},{"damage":0,"enemies":"4 Shapes","floor":41,"turns":6},{"damage":20,"enemies":"Jaw Worm Horde","floor":44,"turns":4},{"damage":41,"enemies":"Sphere and 2 Shapes","floor":47,"turns":5},{"damage":20,"enemies":"Spire Growth","floor":48,"turns":4}],"seed_played":"-6984495380567655762","potions_obtained":[{"floor":4,"key":"SpeedPotion"},{"floor":5,"key":"Ancient Potion"},{"floor":12,"key":"Ancient Potion"},{"floor":19,"key":"Regen Potion"},{"floor":27,"key":"Swift Potion"},{"floor":30,"key":"AttackPotion"},{"floor":35,"key":"Explosive Potion"},{"floor":38,"key":"EntropicBrew"}],"is_trial":false,"path_per_floor":["M","M","$","M","M","R","T","R","T","R","?","E","?","M","R","B",null,"M","M","$","?","?","R","E","R","T","E","$","R","M","M","R","B",null,"M","$","M","M","?","R","M","?","T","M","R","T","M","M"],"character_chosen":"THE_SILENT","items_purchased":["Noxious Fumes","Cloak And Dagger","Dodge and Roll","Caltrops","Blood Vial","Energy Potion"],"campfire_rested":5,"item_purchase_floors":[3,20,20,20,28,36],"current_hp_per_floor":[70,70,70,70,60,60,60,60,60,60,49,41,64,64,64,58,70,56,42,42,42,42,42,29,50,50,16,16,37,29,17,38,5,70,52,52,33,2,2,23,25,25,25,7,28,28,12,0],"gold":87,"neow_bonus":"THREE_ENEMY_KILL","is_prod":false,"is_daily":false,"chose_seed":false,"campfire_upgraded":5,"win_rate":0,"timestamp":1549689039,"path_taken":["M","M","$","M","M","R","?","R","T","R","?","E","?","M","R","BOSS","M","M","$","?","?","R","E","R","T","E","$","R","?","M","R","BOSS","M","$","M","M","?","R","?","?","T","M","R","?","M","M"],"build_version":"2019-01-23","purchased_purges":2,"victory":false,"max_hp_per_floor":[70,70,70,70,70,70,70,70,70,70,70,70,70,70,70,70,70,70,70,70,70,70,70,70,70,70,70,70,70,70,70,70,70,70,70,70,70,70,70,70,70,70,70,70,70,70,70,70],"card_choices":[{"not_picked":["Sucker Punch","Accuracy"],"picked":"Deadly Poison","floor":1},{"not_picked":["PiercingWail","Eviscerate"],"picked":"Leg Sweep","floor":2},{"not_picked":["Eviscerate","Doppelganger"],"picked":"Quick Slash","floor":4},{"not_picked":["Acrobatics","Quick Slash"],"picked":"Dodge and Roll","floor":5},{"not_picked":["Bane+1","Backflip"],"picked":"Noxious Fumes","floor":11},{"not_picked":["Grand Finale+1","Tools of the Trade"],"picked":"Dodge and Roll","floor":12},{"not_picked":["Reflex","Dagger Throw+1"],"picked":"PiercingWail","floor":14},{"not_picked":["Venomology","Bullet Time"],"picked":"Corpse Explosion","floor":16},{"not_picked":["Bouncing Flask","Expertise"],"picked":"Deflect","floor":17},{"not_picked":["Calculated Gamble","Backstab+1"],"picked":"Backflip","floor":17},{"not_picked":["Bane+1","Dagger Throw+1"],"picked":"Caltrops","floor":17},{"not_picked":["Dodge and Roll","Prepared"],"picked":"Blur","floor":17},{"not_picked":["Skewer+1","Bane+1"],"picked":"Leg Sweep","floor":18},{"not_picked":["Blade Dance+1","Flying Knee+1"],"picked":"Dagger Spray+1","floor":19},{"not_picked":["Corpse Explosion","Leg Sweep"],"picked":"Bouncing Flask","floor":24},{"not_picked":["Underhanded Strike+1","Reflex+1"],"picked":"PiercingWail","floor":27},{"not_picked":["Prepared+1","Terror"],"picked":"Dash+1","floor":30},{"not_picked":["Dash+1","Choke+1"],"picked":"Crippling Poison","floor":31},{"not_picked":["Doppelganger","Tools of the Trade"],"picked":"A Thousand Cuts","floor":33},{"not_picked":["Deflect","Blade Dance"],"picked":"Acrobatics+1","floor":35},{"not_picked":["Outmaneuver","Terror"],"picked":"Slice+1","floor":37},{"not_picked":["Expertise+1","Deadly Poison+1"],"picked":"Slice+1","floor":38},{"not_picked":["Expertise","Footwork"],"picked":"Burst","floor":41},{"not_picked":["Dagger Throw+1","PiercingWail"],"picked":"Backflip","floor":44},{"not_picked":["Dagger Spray+1","Slice+1"],"picked":"Footwork+1","floor":47}],"player_experience":209890,"relics_obtained":[{"floor":7,"key":"Ninja Scroll"},{"floor":9,"key":"Molten Egg 2"},{"floor":11,"key":"Odd Mushroom"},{"floor":12,"key":"Ginger"},{"floor":24,"key":"Pantograph"},{"floor":26,"key":"Snake Skull"},{"floor":27,"key":"Gremlin Horn"},{"floor":43,"key":"Bag of Preparation"},{"floor":46,"key":"Bird Faced Urn"}],"event_choices":[{"damage_healed":0,"gold_gain":0,"player_choice":"Fought Mushrooms","damage_taken":0,"max_hp_gain":0,"max_hp_loss":0,"event_name":"Mushrooms","floor":11,"gold_loss":0},{"damage_healed":23,"gold_gain":0,"player_choice":"Banana","damage_taken":0,"max_hp_gain":0,"max_hp_loss":0,"event_name":"Big Fish","floor":13,"gold_loss":0},{"damage_healed":0,"gold_gain":0,"player_choice":"Stole Relic","damage_taken":0,"relics_obtained":["Oddly Smooth Stone"],"max_hp_gain":0,"max_hp_loss":0,"event_name":"Addict","floor":21,"gold_loss":0,"cards_obtained":["Shame"]},{"cards_removed":["Shame"],"damage_healed":0,"gold_gain":0,"player_choice":"Removed Curses","damage_taken":0,"max_hp_gain":0,"max_hp_loss":0,"event_name":"Fountain of Cleansing","floor":22,"gold_loss":0},{"damage_healed":0,"gold_gain":0,"player_choice":"1 cards matched","damage_taken":0,"max_hp_gain":0,"max_hp_loss":0,"event_name":"Match and Keep!","floor":39,"gold_loss":0,"cards_obtained":["Finisher"]},{"damage_healed":0,"gold_gain":0,"player_choice":"Paid","damage_taken":0,"relics_obtained":["Red Mask"],"max_hp_gain":0,"max_hp_loss":0,"event_name":"Tomb of Lord Red Mask","floor":42,"gold_loss":54}],"is_beta":false,"boss_relics":[{"not_picked":["Cursed Key","Empty Cage"],"picked":"Orrery"},{"not_picked":["White Beast Statue","Pandora\u0027s Box"],"picked":"Astrolabe"}],"items_purged_floors":[20,36],"is_endless":false,"potions_floor_spawned":[4,5,12,19,27,30,35,38,44],"killed_by":"Spire Growth","ascension_level":3}