{"gold_per_floor":[119,4,24,40,40,40,71,89,89,89,102,114,133,133,133,233,283,294,312,411,411,411,411,430,441,441,441,453,395,405,419,419,522,522,542,553,553,397,414,414,431,431,511,511,79,79,99,199,199,199,199,199,7,40,40],"floor_reached":55,"playtime":2510,"items_purged":["Regret"],"score":703,"play_id":"a4183696-3a27-481d-87ca-6a9520009fbc","local_time":"20181119003027","is_ascension_mode":false,"campfire_choices":[{"data":"Defragment","floor":6,"key":"SMITH"},{"floor":10,"key":"RECALL"},{"data":"Fission","floor":15,"key":"SMITH"},{"data":"Defragment","floor":23,"key":"SMITH"},{"data":"Creative AI","floor":27,"key":"SMITH"},{"data":"Capacitor","floor":32,"key":"SMITH"},{"data":"Barrage","floor":40,"key":"SMITH"},{"data":"Auto Shields","floor":42,"key":"SMITH"},{"data":"Conserve Battery","floor":44,"key":"SMITH"},{"data":"Conserve Battery","floor":46,"key":"SMITH"},{"data":"Biased Cognition","floor":49,"key":"SMITH"},{"data":"Conserve Battery","floor":52,"key":"SMITH"}],"neow_cost":"NONE","seed_source_timestamp":10476345824177,"circlet_count":0,"master_deck":["Strike_B+1","Strike_B+1","Strike_B+1","Defend_B+1","Defend_B+1","Defend_B+1","Zap","Dualcast+1","Aggregate","Defragment+1","Glacier","Auto Shields+1","Conserve Battery+1","Go for the Eyes","Conserve Battery+1","Fission+1","Creative AI+1","Self Repair","Coolheaded","Defragment+1","Conserve Battery+1","Glacier+1","Glacier","Capacitor+1","Go for the Eyes+1","Machine Learning","Thunder Strike","Barrage+1","Core Surge","Conserve Battery","Biased Cognition+1"],"relics":["Cracked Core","NeowsBlessing","The Courier","Torii","Tiny House","Dodecahedron","Cursed Key","Singing Bowl","Happy Flower","Strawberry","Orichalcum","Bird Faced Urn","Bottled Tornado","Symbiotic Virus"],"potions_floor_usage":[16,16,33,55,55,55,55,55,55],"damage_taken":[{"damage":0,"enemies":"2 Louse","floor":1,"turns":1},{"damage":0,"enemies":"Cultist","floor":3,"turns":1},{"damage":0,"enemies":"Jaw Worm","floor":4,"turns":1},{"damage":17,"enemies":"Lagavulin","floor":7,"turns":12},{"damage":0,"enemies":"3 Louse","floor":8,"turns":5},{"damage":10,"enemies":"Looter","floor":11,"turns":2},{"damage":0,"enemies":"Lots of Slimes","floor":12,"turns":7},{"damage":0,"enemies":"Red Slaver","floor":13,"turns":4},{"damage":43,"enemies":"Hexaghost","floor":16,"turns":18},{"damage":11,"enemies":"Shell Parasite","floor":18,"turns":9},{"damage":1,"enemies":"Spheric Guardian","floor":19,"turns":10},{"damage":8,"enemies":"Snake Plant","floor":24,"turns":5},{"damage":16,"enemies":"Shelled Parasite and Fungi","floor":25,"turns":7},{"damage":31,"enemies":"3 Cultists","floor":28,"turns":8},{"damage":23,"enemies":"Snake Plant","floor":30,"turns":10},{"damage":0,"enemies":"Cultist and Chosen","floor":31,"turns":8},{"damage":2,"enemies":"Champ","floor":33,"turns":11},{"damage":0,"enemies":"3 Shapes","floor":35,"turns":9},{"damage":0,"enemies":"Orb Walker","floor":36,"turns":6},{"damage":2,"enemies":"Maw","floor":39,"turns":10},{"damage":1,"enemies":"Transient","floor":41,"turns":5},{"damage":1,"enemies":"Spire Growth","floor":47,"turns":7},{"damage":25,"enemies":"Mind Bloom Boss Battle","floor":48,"turns":11},{"damage":15,"enemies":"Donu and Deca","floor":50,"turns":15},{"damage":78,"enemies":"Shield and Spear","floor":54,"turns":15},{"damage":74,"enemies":"The Heart","floor":55,"turns":8}],"seed_played":"-6036704074587749864","potions_obtained":[{"floor":1,"key":"EntropicBrew"},{"floor":7,"key":"Explosive Potion"},{"floor":11,"key":"Explosive Potion"},{"floor":16,"key":"EssenceOfSteel"},{"floor":17,"key":"Poison Potion"},{"floor":18,"key":"Block Potion"},{"floor":19,"key":"PowerPotion"},{"floor":36,"key":"Strength Potion"},{"floor":39,"key":"Block Potion"}],"is_trial":false,"path_per_floor":["M","$","M","M","?","R","E","M","T","R","M","M","M","T","R","B",null,"M","M","?","?","?","R","M","M","T","R","M","$","M","M","R","B",null,"M","M","?","$","M","R","M","R","T","R","$","R","M","?","R","B",null,"R","$","E","B"],"character_chosen":"DEFECT","items_purchased":["Defragment","Glacier","Capacitor","Core Surge","Conserve Battery","Happy Flower","Strawberry","Orichalcum","Bottled Tornado"],"campfire_rested":0,"item_purchase_floors":[2,2,29,38,38,45,45,45,53],"current_hp_per_floor":[75,75,75,75,75,75,58,58,58,58,48,48,48,48,48,5,80,76,80,80,80,80,80,79,70,70,70,46,46,30,37,37,42,80,80,80,80,80,80,80,80,80,80,80,87,87,89,73,73,91,91,91,91,56,0],"gold":40,"neow_bonus":"THREE_ENEMY_KILL","is_prod":false,"is_daily":false,"chose_seed":false,"campfire_upgraded":11,"win_rate":0,"timestamp":1542555027,"path_taken":["M","$","M","M","?","R","E","M","T","R","?","?","M","?","R","BOSS","M","M","?","?","?","R","M","M","T","R","?","$","M","M","R","BOSS","M","M","?","?","?","R","M","R","T","R","$","R","M","?","R","BOSS","R","$","E","BOSS"],"build_version":"2018-11-15","purchased_purges":1,"victory":false,"max_hp_per_floor":[75,75,75,75,75,75,75,75,75,75,75,75,75,75,75,75,80,80,80,80,80,80,80,80,80,80,80,80,80,80,80,80,80,80,80,80,80,80,80,80,80,80,80,80,87,87,89,91,91,91,91,91,91,93,93],"card_choices":[{"not_picked":["Gash","Storm"],"picked":"Aggregate","floor":1},{"not_picked":["Steam","Turbo"],"picked":"Auto Shields","floor":3},{"not_picked":["Beam Cell","Undo"],"picked":"Conserve Battery","floor":4},{"not_picked":["Rebound","Redo"],"picked":"Go for the Eyes","floor":7},{"not_picked":["Stack","Gash"],"picked":"Conserve Battery","floor":8},{"not_picked":["Fusion","Sweeping Beam","Beam Cell"],"picked":"SKIP","floor":11},{"not_picked":["Coolheaded","Hello World"],"picked":"Fission","floor":12},{"not_picked":["Rebound","Steam","Gash"],"picked":"SKIP","floor":13},{"not_picked":["Hyperbeam","Machine Learning"],"picked":"Creative AI","floor":16},{"not_picked":["Leap","Barrage"],"picked":"Self Repair","floor":17},{"not_picked":["Leap+1","Chaos"],"picked":"Coolheaded","floor":18},{"not_picked":["Compile Driver+1","Ball Lightning"],"picked":"Defragment","floor":19},{"not_picked":["Compile Driver","Doom and Gloom"],"picked":"Conserve Battery","floor":24},{"not_picked":["Stack","Coolheaded"],"picked":"Glacier+1","floor":25},{"not_picked":["Hologram","Redo+1"],"picked":"Glacier","floor":28},{"not_picked":["Force Field","Heatsinks"],"picked":"Go for the Eyes+1","floor":30},{"not_picked":["Rebound","Chaos+1"],"picked":"Machine Learning","floor":31},{"not_picked":["Multi-Cast","Creative AI"],"picked":"Thunder Strike","floor":33},{"not_picked":["Redo+1","Hologram"],"picked":"Barrage","floor":35},{"not_picked":["Consume+1","Sweeping Beam","Stack+1"],"picked":"SKIP","floor":36},{"not_picked":["Compile Driver+1","Turbo"],"picked":"Biased Cognition","floor":39},{"not_picked":["Darkness","Sweeping Beam","Rebound+1"],"picked":"SKIP","floor":41},{"not_picked":["Streamline","Steam","Static Discharge+1"],"picked":"Singing Bowl","floor":47},{"not_picked":["Hologram+1","Beam Cell","Gash"],"picked":"Singing Bowl","floor":48},{"not_picked":["Genetic Algorithm+1","Skim+1","Chill"],"picked":"Singing Bowl","floor":54}],"player_experience":591540,"relics_obtained":[{"floor":7,"key":"The Courier"},{"floor":14,"key":"Torii"},{"floor":26,"key":"Dodecahedron"},{"floor":43,"key":"Singing Bowl"},{"floor":48,"key":"Bird Faced Urn"},{"floor":54,"key":"Symbiotic Virus"}],"event_choices":[{"cards_removed":["Strike_B"],"damage_healed":0,"gold_gain":0,"player_choice":"Purged","damage_taken":0,"max_hp_gain":0,"max_hp_loss":0,"event_name":"Purifier","floor":5,"gold_loss":0},{"damage_healed":0,"gold_gain":99,"player_choice":"Stole From Cult","damage_taken":0,"max_hp_gain":0,"max_hp_loss":0,"event_name":"Nest","floor":20,"gold_loss":0},{"damage_healed":0,"gold_gain":0,"player_choice":"Simplicity","damage_taken":0,"max_hp_gain":0,"max_hp_loss":0,"event_name":"Back to Basics","floor":21,"gold_loss":0,"cards_upgraded":["Strike_B","Strike_B","Strike_B","Defend_B","Defend_B","Defend_B","Defend_B"]},{"cards_removed":["Defend_B"],"damage_healed":0,"gold_gain":0,"player_choice":"Purged","damage_taken":0,"max_hp_gain":0,"max_hp_loss":0,"event_name":"Purifier","floor":22,"gold_loss":0},{"damage_healed":0,"gold_gain":0,"player_choice":"Bought 0 Potions","damage_taken":0,"max_hp_gain":0,"max_hp_loss":0,"event_name":"The Woman in Blue","floor":37,"gold_loss":0},{"damage_healed":0,"gold_gain":0,"player_choice":"Fight","damage_taken":0,"max_hp_gain":0,"max_hp_loss":0,"event_name":"MindBloom","floor":48,"gold_loss":0}],"is_beta":false,"boss_relics":[{"not_picked":["Busted Crown","Black Star"],"picked":"Tiny House"},{"not_picked":["Eternal Feather","Snecko Eye"],"picked":"Cursed Key"}],"items_purged_floors":[45],"is_endless":false,"potions_floor_spawned":[1,7,11,13,16,18,19,28,31,36,39],"killed_by":"The Heart","ascension_level":0}