{"gold_per_floor":[112,112,112,112,37,70,90,90,114,149,169,169,198,59,59,161,161,172,189,189,45,55,55,55,80,103,128,128,128],"floor_reached":29,"playtime":775,"items_purged":["Writhe"],"score":483,"play_id":"a9602dac-7157-4603-b00a-a1e995f808d4","local_time":"20181223065605","is_ascension_mode":true,"campfire_choices":[{"floor":8,"key":"REST"},{"floor":15,"key":"REST"},{"floor":23,"key":"REST"}],"neow_cost":"NONE","seed_source_timestamp":224108196187923,"circlet_count":0,"master_deck":["AscendersBane","Strike_B+1","Strike_B+1","Strike_B+1","Defend_B+1","Defend_B+1","Defend_B+1","Defend_B+1","Zap+1","Dualcast","Go for the Eyes+1","Go for the Eyes","Sweeping Beam","Gash","Auto Shields","Gash","Undo+1","Beam Cell","All For One","All For One","Gash","Chill","Scrape","All For One","Leap","Streamline"],"relics":["Cracked Core","NeowsBlessing","Orichalcum","Dream Catcher","Lantern","Turnip","Symbiotic Virus","Philosopher\u0027s Stone","Pear","FossilizedHelix","War Paint","Letter Opener"],"potions_floor_usage":[25,29],"damage_taken":[{"damage":0,"enemies":"2 Louse","floor":1,"turns":1},{"damage":0,"enemies":"Gremlin Nob","floor":6,"turns":1},{"damage":0,"enemies":"Small Slimes","floor":7,"turns":1},{"damage":17,"enemies":"3 Sentries","floor":10,"turns":7},{"damage":0,"enemies":"Jaw Worm","floor":11,"turns":3},{"damage":10,"enemies":"Gremlin Nob","floor":13,"turns":5},{"damage":3,"enemies":"The Guardian","floor":16,"turns":8},{"damage":0,"enemies":"Spheric Guardian","floor":18,"turns":3},{"damage":22,"enemies":"2 Thieves","floor":19,"turns":4},{"damage":21,"enemies":"Snake Plant","floor":22,"turns":5},{"damage":14,"enemies":"Slavers","floor":25,"turns":5},{"damage":12,"enemies":"Book of Stabbing","floor":27,"turns":4},{"damage":43,"enemies":"Gremlin Leader","floor":29,"turns":5}],"seed_played":"1172725461140182938","potions_obtained":[{"floor":1,"key":"Ancient Potion"},{"floor":16,"key":"PowerPotion"},{"floor":22,"key":"Strength Potion"},{"floor":25,"key":"Poison Potion"}],"is_trial":false,"path_per_floor":["M","?","?","?","$","E","M","R","T","E","M","$","E","$","R","B",null,"M","M","?","$","M","R","?","E","T","E","?","E"],"character_chosen":"DEFECT","items_purchased":["Go for the Eyes","Sweeping Beam","All For One","Scrape"],"campfire_rested":3,"item_purchase_floors":[5,5,14,21],"current_hp_per_floor":[68,68,61,46,46,46,46,68,68,51,51,51,41,41,63,60,71,71,49,59,59,38,63,63,49,49,37,37,0],"gold":128,"neow_bonus":"THREE_ENEMY_KILL","is_prod":false,"is_daily":false,"chose_seed":false,"campfire_upgraded":0,"win_rate":0,"timestamp":1545566165,"path_taken":["M","?","?","?","?","E","M","R","T","E","?","$","E","$","R","BOSS","M","M","?","$","M","R","?","E","T","E","?","E"],"build_version":"2018-12-20","purchased_purges":1,"victory":false,"max_hp_per_floor":[75,75,75,75,75,75,75,75,75,75,75,75,75,75,75,75,75,75,75,85,85,85,85,85,85,85,85,85,85],"card_choices":[{"not_picked":["Steam Power","White Noise"],"picked":"Go for the Eyes","floor":1},{"not_picked":["Conserve Battery","Redo"],"picked":"Gash","floor":6},{"not_picked":["Barrage","Undo"],"picked":"Auto Shields","floor":7},{"not_picked":["Stack","Static Discharge"],"picked":"Gash","floor":8},{"not_picked":["Reprogram","Aggregate","Doom and Gloom"],"picked":"SKIP","floor":10},{"not_picked":["Lockon","Self Repair"],"picked":"Undo","floor":11},{"not_picked":["Tempest","Coolheaded"],"picked":"Beam Cell","floor":13},{"not_picked":["Buffer","Biased Cognition"],"picked":"All For One","floor":16},{"not_picked":["Beam Cell","FTL"],"picked":"Gash","floor":18},{"not_picked":["Cold Snap+1","Compile Driver"],"picked":"Chill","floor":19},{"not_picked":["Cold Snap","Rebound"],"picked":"All For One","floor":22},{"not_picked":["Hyperbeam","Capacitor"],"picked":"Leap","floor":25},{"not_picked":["Conserve Battery","Streamline","Leap"],"picked":"SKIP","floor":27}],"player_experience":398728,"relics_obtained":[{"floor":6,"key":"Dream Catcher"},{"floor":9,"key":"Lantern"},{"floor":10,"key":"Turnip"},{"floor":13,"key":"Symbiotic Virus"},{"floor":25,"key":"FossilizedHelix"},{"floor":26,"key":"War Paint"},{"floor":27,"key":"Letter Opener"}],"event_choices":[{"damage_healed":0,"gold_gain":0,"player_choice":"Grow","damage_taken":0,"max_hp_gain":0,"max_hp_loss":0,"event_name":"Living Wall","floor":2,"gold_loss":0,"cards_upgraded":["Go for the Eyes"]},{"damage_healed":0,"gold_gain":0,"player_choice":"Success","damage_taken":7,"relics_obtained":["Orichalcum"],"max_hp_gain":0,"max_hp_loss":0,"event_name":"Scrap Ooze","floor":3,"gold_loss":0},{"damage_healed":0,"gold_gain":0,"player_choice":"Entered Light","damage_taken":15,"max_hp_gain":0,"max_hp_loss":0,"event_name":"Shining Light","floor":4,"gold_loss":0,"cards_upgraded":["Defend_B","Defend_B"]},{"damage_healed":0,"gold_gain":0,"player_choice":"Opened","damage_taken":0,"relics_obtained":["Pear"],"max_hp_gain":0,"max_hp_loss":0,"event_name":"The Mausoleum","floor":20,"gold_loss":0,"cards_obtained":["Writhe"]},{"damage_healed":0,"gold_gain":0,"player_choice":"Simplicity","damage_taken":0,"max_hp_gain":0,"max_hp_loss":0,"event_name":"Back to Basics","floor":24,"gold_loss":0,"cards_upgraded":["Strike_B","Strike_B","Strike_B","Strike_B","Defend_B","Defend_B"]},{"damage_healed":0,"gold_gain":0,"cards_transformed":["Strike_B"],"player_choice":"Transformed","damage_taken":0,"max_hp_gain":0,"max_hp_loss":0,"event_name":"Transmorgrifier","floor":28,"gold_loss":0,"cards_obtained":["Streamline"]}],"is_beta":false,"boss_relics":[{"not_picked":["Eternal Feather","Runic Pyramid"],"picked":"Philosopher\u0027s Stone"}],"items_purged_floors":[21],"is_endless":false,"potions_floor_spawned":[1,16,22,25,27],"killed_by":"Gremlin Leader","ascension_level":12}