{"gold_per_floor":[119,119,138,213,193,193,227,227,227,247,247,257,290,308,308,404,404,415,118,118,132,132,159,159,190,190,190,190,190,190,205,205,205],"floor_reached":33,"playtime":1299,"items_purged":["Strike_B"],"score":388,"play_id":"703edce0-3c54-4186-9e0a-e19d08b26ce1","local_time":"20190114112338","is_ascension_mode":true,"campfire_choices":[{"data":"Darkness","floor":6,"key":"SMITH"},{"data":"Zap","floor":8,"key":"SMITH"},{"floor":15,"key":"REST"},{"floor":24,"key":"REST"},{"data":"Consume","floor":30,"key":"SMITH"},{"floor":32,"key":"REST"}],"neow_cost":"NONE","seed_source_timestamp":479546312449450,"circlet_count":0,"master_deck":["Defend_B","Defend_B","Defend_B","Zap+1","Dualcast","Conserve Battery","Darkness+1","Sweeping Beam","Electrodynamics","Streamline","Self Repair","Machine Learning","Defragment+1","Darkness","Melter","Capacitor","Scrape","Go for the Eyes","Consume+1","Ball Lightning","Hologram+1","Bite","Bite","Bite","Bite","Bite","Stack"],"relics":["Cracked Core","NeowsBlessing","Question Card","Juzu Bracelet","Sozu","Nloth\u0027s Gift","Anchor","Gremlin Horn","The Courier"],"potions_floor_usage":[12,13,16,23],"damage_taken":[{"damage":0,"enemies":"Small Slimes","floor":1,"turns":1},{"damage":0,"enemies":"Cultist","floor":3,"turns":1},{"damage":0,"enemies":"3 Sentries","floor":7,"turns":1},{"damage":7,"enemies":"Jaw Worm","floor":10,"turns":2},{"damage":0,"enemies":"2 Fungi Beasts","floor":12,"turns":2},{"damage":20,"enemies":"Gremlin Nob","floor":13,"turns":3},{"damage":26,"enemies":"Exordium Thugs","floor":14,"turns":4},{"damage":5,"enemies":"Hexaghost","floor":16,"turns":8},{"damage":22,"enemies":"Spheric Guardian","floor":18,"turns":4},{"damage":26,"enemies":"3 Byrds","floor":21,"turns":3},{"damage":24,"enemies":"Slavers","floor":23,"turns":3},{"damage":8,"enemies":"Gremlin Leader","floor":25,"turns":5},{"damage":6,"enemies":"Sentry and Sphere","floor":31,"turns":3},{"damage":80,"enemies":"Automaton","floor":33,"turns":6}],"seed_played":"1588965048550160573","potions_obtained":[{"floor":3,"key":"FocusPotion"},{"floor":5,"key":"Block Potion"},{"floor":7,"key":"Energy Potion"},{"floor":14,"key":"Weak Potion"}],"is_trial":false,"path_per_floor":["M","?","M","?","?","R","E","R","T","M","?","M","E","M","R","B",null,"M","$","?","M","?","E","R","E","T","?","?","?","R","M","R","B"],"character_chosen":"DEFECT","items_purchased":["Darkness","Melter","Capacitor"],"campfire_rested":3,"item_purchase_floors":[19,19,19],"current_hp_per_floor":[75,75,75,64,64,64,64,64,64,57,57,57,37,11,33,35,75,60,60,60,41,41,24,46,38,38,38,38,38,38,34,49,0],"gold":205,"neow_bonus":"THREE_ENEMY_KILL","is_prod":false,"is_daily":false,"chose_seed":false,"campfire_upgraded":3,"win_rate":0,"timestamp":1547483018,"path_taken":["M","?","?","?","?","R","E","R","T","?","?","M","E","M","R","BOSS","M","$","?","M","?","E","R","E","T","?","?","?","R","M","R","BOSS"],"build_version":"2019-01-10","purchased_purges":1,"victory":false,"max_hp_per_floor":[75,75,75,75,75,75,75,75,75,75,75,75,75,75,75,75,75,75,75,75,75,75,75,75,75,75,52,52,52,52,52,52,52],"card_choices":[{"not_picked":["Turbo","Stack"],"picked":"Conserve Battery","floor":1},{"not_picked":["Melter","Fusion"],"picked":"Darkness","floor":3},{"not_picked":["Undo","Hologram"],"picked":"Sweeping Beam","floor":7},{"not_picked":["Streamline","Leap","Steam"],"picked":"Electrodynamics","floor":10},{"not_picked":["Steam","Gash","Barrage","All For One"],"picked":"SKIP","floor":12},{"not_picked":["Tempest","Amplify","Go for the Eyes"],"picked":"Streamline","floor":13},{"not_picked":["Sweeping Beam","Genetic Algorithm","Go for the Eyes"],"picked":"Self Repair","floor":14},{"not_picked":["Seek","Reboot","Amplify"],"picked":"Machine Learning","floor":16},{"not_picked":["Sweeping Beam+1","Hologram","Doom and Gloom"],"picked":"Defragment+1","floor":18},{"not_picked":["Streamline","Coolheaded","Turbo+1"],"picked":"Consume","floor":21},{"not_picked":["Fusion+1","Reboot","Steam"],"picked":"Ball Lightning","floor":23},{"not_picked":["Sweeping Beam","Ball Lightning","Cold Snap+1"],"picked":"Hologram","floor":25},{"not_picked":["Compile Driver","Leap","Ball Lightning"],"picked":"Stack","floor":31}],"player_experience":216997,"relics_obtained":[{"floor":7,"key":"Question Card"},{"floor":9,"key":"Matryoshka"},{"floor":13,"key":"Juzu Bracelet"},{"floor":23,"key":"Anchor"},{"floor":25,"key":"Gremlin Horn"},{"floor":26,"key":"The Courier"}],"event_choices":[{"cards_removed":["Defend_B"],"damage_healed":0,"gold_gain":0,"player_choice":"Purged","damage_taken":0,"max_hp_gain":0,"max_hp_loss":0,"event_name":"Purifier","floor":2,"gold_loss":0},{"damage_healed":0,"gold_gain":75,"player_choice":"Gather Gold","damage_taken":11,"max_hp_gain":0,"max_hp_loss":0,"event_name":"World of Goop","floor":4,"gold_loss":0},{"damage_healed":0,"gold_gain":0,"player_choice":"Bought 1 Potion","damage_taken":0,"max_hp_gain":0,"max_hp_loss":0,"event_name":"The Woman in Blue","floor":5,"gold_loss":0},{"damage_healed":0,"gold_gain":0,"player_choice":"Got Potions","damage_taken":0,"max_hp_gain":0,"max_hp_loss":0,"event_name":"Lab","floor":11,"gold_loss":0},{"damage_healed":0,"gold_gain":0,"cards_transformed":["Strike_B","Strike_B"],"player_choice":"Became Test Subject","damage_taken":0,"max_hp_gain":0,"max_hp_loss":0,"event_name":"Drug Dealer","floor":20,"gold_loss":0,"cards_obtained":["Scrape","Go for the Eyes"]},{"damage_healed":0,"gold_gain":0,"player_choice":"Traded Relic","damage_taken":0,"relics_obtained":["Nloth\u0027s Gift"],"max_hp_gain":0,"max_hp_loss":0,"event_name":"N\u0027loth","floor":22,"relics_lost":["Matryoshka"],"gold_loss":0},{"damage_healed":0,"gold_gain":0,"player_choice":"Became a vampire","damage_taken":0,"max_hp_gain":0,"max_hp_loss":23,"event_name":"Vampires","floor":27,"gold_loss":0,"cards_obtained":["Bite","Bite","Bite","Bite","Bite"]},{"damage_healed":0,"gold_gain":0,"player_choice":"Upgraded","damage_taken":0,"max_hp_gain":0,"max_hp_loss":0,"event_name":"Upgrade Shrine","floor":28,"gold_loss":0,"cards_upgraded":["Hologram"]},{"damage_healed":0,"gold_gain":0,"player_choice":"Ignored","damage_taken":0,"max_hp_gain":0,"max_hp_loss":0,"event_name":"Ghosts","floor":29,"gold_loss":0}],"is_beta":false,"boss_relics":[{"not_picked":["FrozenCore","Inserter"],"picked":"Sozu"}],"items_purged_floors":[19],"is_endless":false,"potions_floor_spawned":[3,7,10,14,18,23],"killed_by":"Automaton","ascension_level":3}