{"gold_per_floor":[118,133,32,43,43,74,74,93,93,93,93,109,34,53,53,148,148,159,59,76,76,95,95,111,111,179,179,199,217,20,20],"floor_reached":31,"playtime":989,"items_purged":["Strike_B","Strike_B","Defend_B"],"score":239,"play_id":"7f754fe2-8989-4b23-8125-871b260348aa","local_time":"20181118233411","is_ascension_mode":false,"campfire_choices":[{"data":"Fission","floor":7,"key":"SMITH"},{"floor":11,"key":"RECALL"},{"data":"Rainbow","floor":15,"key":"SMITH"},{"data":"Loop","floor":23,"key":"SMITH"},{"data":"Loop","floor":27,"key":"SMITH"}],"neow_cost":"NONE","seed_source_timestamp":9108119023327,"circlet_count":0,"master_deck":["Defend_B","Zap","Dualcast","Cold Snap","White Noise","Self Repair","Cold Snap","Rainbow+1","Fission+1","FTL","Cold Snap","Biased Cognition","Loop+1","Ball Lightning","Gash","Amplify","Loop+1","Echo Form","Ball Lightning","Loop","Capacitor"],"relics":["Cracked Core","Meat on the Bone","PreservedInsect","Philosopher\u0027s Stone","Bottled Tornado"],"potions_floor_usage":[31],"damage_taken":[{"damage":1,"enemies":"Jaw Worm","floor":1,"turns":4},{"damage":0,"enemies":"Small Slimes","floor":2,"turns":3},{"damage":0,"enemies":"Cultist","floor":4,"turns":4},{"damage":19,"enemies":"Lagavulin","floor":6,"turns":7},{"damage":0,"enemies":"Looter","floor":8,"turns":2},{"damage":5,"enemies":"Large Slime","floor":12,"turns":4},{"damage":0,"enemies":"Exordium Thugs","floor":14,"turns":3},{"damage":26,"enemies":"Slime Boss","floor":16,"turns":5},{"damage":8,"enemies":"2 Thieves","floor":18,"turns":3},{"damage":0,"enemies":"Chosen","floor":20,"turns":5},{"damage":6,"enemies":"Shelled Parasite and Fungi","floor":22,"turns":6},{"damage":0,"enemies":"Snecko","floor":24,"turns":5},{"damage":16,"enemies":"Sentry and Sphere","floor":28,"turns":4},{"damage":30,"enemies":"Centurion and Healer","floor":29,"turns":4},{"damage":44,"enemies":"Cultist and Chosen","floor":31,"turns":4}],"seed_played":"4155467532369794943","potions_obtained":[{"floor":2,"key":"Fruit Juice"},{"floor":8,"key":"Fire Potion"},{"floor":16,"key":"GamblersBrew"},{"floor":22,"key":"Block Potion"}],"is_trial":false,"path_per_floor":["M","M","$","M","?","E","R","M","T","?","R","M","$","M","R","B",null,"M","$","M","?","M","R","M","?","T","R","M","M","$","M"],"character_chosen":"DEFECT","items_purchased":["Self Repair","Cold Snap","Capacitor"],"campfire_rested":0,"item_purchase_floors":[3,3,30],"current_hp_per_floor":[74,74,74,75,57,45,45,52,52,52,52,54,54,61,61,54,75,74,74,75,75,75,75,75,75,75,75,59,41,41,0],"gold":20,"neow_bonus":"REMOVE_CARD","is_prod":false,"is_daily":false,"chose_seed":false,"campfire_upgraded":4,"win_rate":0,"timestamp":1542551651,"path_taken":["M","M","$","M","?","E","R","M","T","?","R","?","$","M","R","BOSS","M","$","M","?","M","R","M","?","T","R","?","M","$","M"],"build_version":"2018-11-15","purchased_purges":3,"victory":false,"max_hp_per_floor":[75,75,75,75,75,75,75,75,75,75,75,75,75,75,75,75,75,75,75,75,75,75,75,75,75,75,75,75,75,75,75],"card_choices":[{"not_picked":["Beam Cell","Barrage"],"picked":"Cold Snap","floor":1},{"not_picked":["Leap","Hologram"],"picked":"White Noise","floor":2},{"not_picked":["Reinforced Body","Cold Snap"],"picked":"Rainbow","floor":4},{"not_picked":["Compile Driver","Beam Cell"],"picked":"Fission","floor":6},{"not_picked":["Steam","Compile Driver","Beam Cell"],"picked":"SKIP","floor":8},{"not_picked":["Consume","Chill"],"picked":"FTL","floor":12},{"not_picked":["Barrage","Lockon"],"picked":"Cold Snap","floor":14},{"not_picked":["Hyperbeam","Buffer"],"picked":"Biased Cognition","floor":16},{"not_picked":["Redo","Double Energy"],"picked":"Loop","floor":18},{"not_picked":["Fusion","Recycle"],"picked":"Ball Lightning","floor":20},{"not_picked":["Beam Cell","Stack","Turbo"],"picked":"SKIP","floor":22},{"not_picked":["Go for the Eyes","Cold Snap"],"picked":"Loop","floor":24},{"not_picked":["Undo+1","Storm"],"picked":"Ball Lightning","floor":28},{"not_picked":["Ball Lightning","Leap+1"],"picked":"Loop","floor":29}],"player_experience":590222,"relics_obtained":[{"floor":6,"key":"PreservedInsect"},{"floor":26,"key":"Bottled Tornado"}],"event_choices":[{"damage_healed":0,"gold_gain":0,"player_choice":"Success","damage_taken":18,"relics_obtained":["Meat on the Bone"],"max_hp_gain":0,"max_hp_loss":0,"event_name":"Scrap Ooze","floor":5,"gold_loss":0},{"cards_removed":["Strike_B"],"damage_healed":0,"gold_gain":0,"player_choice":"Purged","damage_taken":0,"max_hp_gain":0,"max_hp_loss":0,"event_name":"Purifier","floor":10,"gold_loss":0},{"damage_healed":0,"gold_gain":0,"cards_transformed":["Defend_B","Defend_B"],"player_choice":"Became Test Subject","damage_taken":0,"max_hp_gain":0,"max_hp_loss":0,"event_name":"Drug Dealer","floor":21,"gold_loss":0,"cards_obtained":["Gash","Amplify"]},{"damage_healed":0,"gold_gain":0,"player_choice":"Read","damage_taken":0,"max_hp_gain":0,"max_hp_loss":0,"event_name":"The Library","floor":25,"gold_loss":0,"cards_obtained":["Echo Form"]}],"is_beta":false,"boss_relics":[{"not_picked":["Fusion Hammer","Tiny House"],"picked":"Philosopher\u0027s Stone"}],"items_purged_floors":[13,19,30],"is_endless":false,"potions_floor_spawned":[2,8,16,22],"killed_by":"Cultist and Chosen","ascension_level":0}