{"gold_per_floor":[109,59,59,59,23,23,57,57,129,162,180,180,205,205,205,205],"floor_reached":16,"playtime":634,"items_purged":[],"score":131,"play_id":"3ac2559d-953c-432c-b8ab-76f907cfecbd","local_time":"20190109150112","is_ascension_mode":true,"campfire_choices":[{"data":"Inflame","floor":6,"key":"SMITH"},{"floor":8,"key":"REST"},{"floor":12,"key":"REST"},{"floor":15,"key":"REST"}],"neow_cost":"CURSE","seed_source_timestamp":60480421516863,"circlet_count":0,"master_deck":["Strike_R","Strike_R","Strike_R","Strike_R","Defend_R","Defend_R","Defend_R","Defend_R","Bash","Parasite","Rampage","Regret","Inflame+1","Warcry","Shockwave","Seeing Red","Parasite"],"relics":["Burning Blood","Unceasing Top","Boot","Matryoshka","Ornamental Fan","Pantograph","Mummified Hand","WingedGreaves","Juzu Bracelet"],"potions_floor_usage":[7],"damage_taken":[{"damage":0,"enemies":"Small Slimes","floor":1,"turns":3},{"damage":43,"enemies":"Lagavulin","floor":7,"turns":4},{"damage":41,"enemies":"Gremlin Nob","floor":10,"turns":4},{"damage":0,"enemies":"2 Louse","floor":11,"turns":2},{"damage":53,"enemies":"3 Sentries","floor":13,"turns":8},{"damage":83,"enemies":"The Guardian","floor":16,"turns":9}],"seed_played":"-9018545013329564448","potions_obtained":[{"floor":1,"key":"AttackPotion"}],"is_trial":false,"path_per_floor":["M","?","?","?","$","R","E","R","T","E","M","R","E","?","R","B"],"character_chosen":"IRONCLAD","items_purchased":["Inflame"],"campfire_rested":3,"item_purchase_floors":[5],"current_hp_per_floor":[80,80,80,77,77,77,40,64,64,29,35,59,12,32,56,0],"gold":205,"neow_bonus":"ONE_RARE_RELIC","is_prod":false,"is_daily":false,"chose_seed":false,"campfire_upgraded":1,"win_rate":0,"timestamp":1547064072,"path_taken":["M","?","?","?","?","R","E","R","T","E","?","R","E","?","R","BOSS"],"build_version":"2019-01-03v4","purchased_purges":0,"victory":false,"max_hp_per_floor":[80,80,80,80,80,80,80,80,80,80,80,80,80,80,80,80],"card_choices":[{"not_picked":["Pommel Strike","Burning Pact"],"picked":"Rampage","floor":1},{"not_picked":["Pommel Strike","Blood for Blood"],"picked":"Warcry","floor":7},{"not_picked":["Shrug It Off","Twin Strike"],"picked":"Shockwave","floor":10},{"not_picked":["Shrug It Off","Iron Wave","Uppercut"],"picked":"SKIP","floor":11},{"not_picked":["Thunderclap","Feel No Pain"],"picked":"Seeing Red","floor":13}],"player_experience":191917,"relics_obtained":[{"floor":7,"key":"Ornamental Fan"},{"floor":9,"key":"Pantograph"},{"floor":9,"key":"Mummified Hand"},{"floor":10,"key":"WingedGreaves"},{"floor":13,"key":"Juzu Bracelet"}],"event_choices":[{"cards_removed":["Strike_R"],"damage_healed":0,"gold_gain":0,"player_choice":"Card Removal","damage_taken":0,"max_hp_gain":0,"max_hp_loss":0,"event_name":"The Cleric","floor":2,"gold_loss":50},{"damage_healed":0,"gold_gain":0,"player_choice":"Box","damage_taken":0,"relics_obtained":["Boot"],"max_hp_gain":0,"max_hp_loss":0,"event_name":"Big Fish","floor":3,"gold_loss":0,"cards_obtained":["Regret"]},{"damage_healed":0,"gold_gain":0,"player_choice":"Success","damage_taken":3,"relics_obtained":["Matryoshka"],"max_hp_gain":0,"max_hp_loss":0,"event_name":"Scrap Ooze","floor":4,"gold_loss":0},{"damage_healed":20,"gold_gain":0,"player_choice":"Healed and dodged fight","damage_taken":0,"max_hp_gain":0,"max_hp_loss":0,"event_name":"Mushrooms","floor":14,"gold_loss":0,"cards_obtained":["Parasite"]}],"is_beta":false,"boss_relics":[],"items_purged_floors":[],"is_endless":false,"potions_floor_spawned":[1],"killed_by":"The Guardian","ascension_level":3}