{"gold_per_floor":[115,115,22,37,51,51,76,107,131,131,152,152,202,222,222,313,313,331,355,4,18,37,37,57,57,57,76,91,112,125,39,39,133,196,212,487,167,167,192,192,192],"floor_reached":41,"playtime":3347,"items_purged":["Regret"],"score":901,"play_id":"1ced003c-9a8d-43e7-9b8f-c94f10cd47a7","local_time":"20190209015928","is_ascension_mode":true,"campfire_choices":[{"data":"Dash","floor":6,"key":"SMITH"},{"data":"Crippling Poison","floor":10,"key":"SMITH"},{"data":"Well Laid Plans","floor":12,"key":"SMITH"},{"data":"Deadly Poison","floor":15,"key":"SMITH"},{"data":"Noxious Fumes","floor":23,"key":"SMITH"},{"floor":25,"key":"REST"},{"data":"Catalyst","floor":32,"key":"SMITH"},{"data":"Footwork","floor":40,"key":"SMITH"}],"neow_cost":"NONE","seed_source_timestamp":2188214293654570,"circlet_count":0,"master_deck":["AscendersBane","Survivor","Neutralize","Well Laid Plans+1","Dash+1","PiercingWail","Distraction+1","Deadly Poison+1","Flying Knee","Crippling Poison+1","Leg Sweep","Corpse Explosion","Night Terror","Venomology","Slice","Venomology","After Image","Phantasmal Killer","Catalyst+1","Night Terror","Burst","Crippling Poison","Cloak And Dagger","Footwork+1","Endless Agony","Noxious Fumes+1","PiercingWail","Backflip","Backstab","Catalyst","Madness","Madness"],"relics":["Ring of the Snake","Golden Idol","Juzu Bracelet","Snake Skull","Pandora\u0027s Box","Kunai","Bottled Tornado","Tiny House","Ancient Tea Set"],"potions_floor_usage":[8,8,18,21,24,27,28,28,30,33,33,33,39,39,41,41],"damage_taken":[{"damage":0,"enemies":"2 Louse","floor":1,"turns":3},{"damage":7,"enemies":"Jaw Worm","floor":4,"turns":5},{"damage":0,"enemies":"Cultist","floor":5,"turns":4},{"damage":1,"enemies":"Red Slaver","floor":7,"turns":4},{"damage":12,"enemies":"3 Sentries","floor":8,"turns":11},{"damage":9,"enemies":"2 Fungi Beasts","floor":11,"turns":3},{"damage":0,"enemies":"Exordium Wildlife","floor":14,"turns":3},{"damage":0,"enemies":"The Guardian","floor":16,"turns":10},{"damage":22,"enemies":"Spheric Guardian","floor":18,"turns":5},{"damage":0,"enemies":"3 Byrds","floor":19,"turns":2},{"damage":8,"enemies":"3 Cultists","floor":21,"turns":4},{"damage":3,"enemies":"Snake Plant","floor":22,"turns":6},{"damage":0,"enemies":"Snecko","floor":24,"turns":4},{"damage":5,"enemies":"Centurion and Healer","floor":27,"turns":7},{"damage":9,"enemies":"Cultist and Chosen","floor":28,"turns":8},{"damage":0,"enemies":"Snecko","floor":29,"turns":4},{"damage":17,"enemies":"Shelled Parasite and Fungi","floor":30,"turns":7},{"damage":25,"enemies":"Champ","floor":33,"turns":9},{"damage":0,"enemies":"Orb Walker","floor":35,"turns":3},{"damage":0,"enemies":"3 Shapes","floor":39,"turns":5},{"damage":46,"enemies":"Reptomancer","floor":41,"turns":2}],"seed_played":"-486169329501337543","potions_obtained":[{"floor":1,"key":"EssenceOfSteel"},{"floor":4,"key":"PowerPotion"},{"floor":7,"key":"AttackPotion"},{"floor":16,"key":"SpeedPotion"},{"floor":21,"key":"Strength Potion"},{"floor":28,"key":"Ancient Potion"},{"floor":30,"key":"Strength Potion"},{"floor":33,"key":"Dexterity Potion"}],"is_trial":false,"path_per_floor":["M","?","$","M","M","R","M","E","T","R","M","R","?","M","R","B",null,"M","M","$","M","M","R","M","R","T","M","M","M","M","$","R","B",null,"M","?","$","?","M","R","E"],"character_chosen":"THE_SILENT","items_purchased":["Dash","PiercingWail","Footwork","Kunai","Backstab","Catalyst","Ancient Tea Set"],"campfire_rested":1,"item_purchase_floors":[3,3,20,20,31,37,37],"current_hp_per_floor":[65,65,65,58,58,58,57,45,45,45,36,36,36,36,36,36,58,36,36,36,28,25,25,25,44,44,39,30,30,28,28,28,3,55,55,55,55,42,42,42,0],"gold":192,"neow_bonus":"TEN_PERCENT_HP_BONUS","is_prod":false,"is_daily":false,"chose_seed":false,"campfire_upgraded":7,"win_rate":0,"timestamp":1549695568,"path_taken":["M","?","$","M","M","R","M","E","T","R","M","R","?","M","R","BOSS","M","M","$","M","M","R","M","R","T","M","M","M","M","$","R","BOSS","M","?","$","?","M","R","E"],"build_version":"2019-01-23","purchased_purges":1,"victory":false,"max_hp_per_floor":[72,65,65,65,65,65,65,65,65,65,65,65,65,65,65,65,65,65,65,65,65,65,65,65,65,65,65,65,65,65,65,65,65,70,70,70,70,70,70,70,70],"card_choices":[{"not_picked":["Dagger Throw","Dodge and Roll"],"picked":"Well Laid Plans","floor":1},{"not_picked":["Prepared","Predator"],"picked":"Distraction","floor":4},{"not_picked":["Flying Knee","Infinite Blades"],"picked":"Deadly Poison","floor":5},{"not_picked":["Dagger Throw","Dodge and Roll"],"picked":"Flying Knee","floor":7},{"not_picked":["Phantasmal Killer","A Thousand Cuts"],"picked":"Crippling Poison","floor":8},{"not_picked":["Outmaneuver","Deflect"],"picked":"Leg Sweep","floor":11},{"not_picked":["Expertise","Prepared","Acrobatics"],"picked":"SKIP","floor":14},{"not_picked":["Unload","Grand Finale"],"picked":"Corpse Explosion","floor":16},{"not_picked":["Slice","Deadly Poison","Underhanded Strike"],"picked":"SKIP","floor":18},{"not_picked":["Calculated Gamble","Riddle With Holes"],"picked":"Cloak And Dagger","floor":19},{"not_picked":["Flying Knee+1","Accuracy"],"picked":"Endless Agony","floor":21},{"not_picked":["Slice","Prepared"],"picked":"Noxious Fumes","floor":22},{"not_picked":["Deadly Poison","Calculated Gamble"],"picked":"PiercingWail","floor":24},{"not_picked":["Dagger Spray+1","Sucker Punch+1","Quick Slash"],"picked":"SKIP","floor":27},{"not_picked":["Masterful Stab","Setup","Flechettes"],"picked":"SKIP","floor":28},{"not_picked":["Dodge and Roll","All Out Attack"],"picked":"Backflip","floor":29},{"not_picked":["Tactician","Flying Knee","Sucker Punch"],"picked":"SKIP","floor":30},{"not_picked":["PiercingWail","Dagger Spray","Prepared"],"picked":"SKIP","floor":35},{"not_picked":["Poisoned Stab","Outmaneuver","Flying Knee"],"picked":"SKIP","floor":39}],"player_experience":3546680,"relics_obtained":[{"floor":8,"key":"Juzu Bracelet"},{"floor":9,"key":"Snake Skull"},{"floor":26,"key":"Bottled Tornado"}],"event_choices":[{"damage_healed":0,"gold_gain":0,"player_choice":"Lose Max HP","damage_taken":0,"relics_obtained":["Golden Idol"],"max_hp_gain":0,"max_hp_loss":7,"event_name":"Golden Idol","floor":2,"gold_loss":0},{"damage_healed":0,"gold_gain":50,"player_choice":"Pray","damage_taken":0,"max_hp_gain":0,"max_hp_loss":0,"event_name":"Golden Shrine","floor":13,"gold_loss":0},{"damage_healed":0,"gold_gain":275,"player_choice":"Desecrate","damage_taken":0,"max_hp_gain":0,"max_hp_loss":0,"event_name":"Golden Shrine","floor":36,"gold_loss":0,"cards_obtained":["Regret"]},{"damage_healed":0,"gold_gain":0,"player_choice":"Embrace Madness","damage_taken":13,"max_hp_gain":0,"max_hp_loss":0,"event_name":"Winding Halls","floor":38,"gold_loss":0,"cards_obtained":["Madness","Madness"]}],"is_beta":false,"boss_relics":[{"not_picked":["Ectoplasm","HoveringKite"],"picked":"Pandora\u0027s Box"},{"not_picked":["Astrolabe","Calling Bell"],"picked":"Tiny House"}],"items_purged_floors":[37],"is_endless":false,"potions_floor_spawned":[1,4,7,16,21,28,30,33],"killed_by":"Reptomancer","ascension_level":18}