{"gold_per_floor":[10,10,29,29,49,49,49,49,49,124,142,167,181,195,195,288,288,311,51,46,46,46,46,46,46,96,109,24,24,45,45],"floor_reached":31,"playtime":860,"items_purged":[],"score":443,"play_id":"91c34af5-baed-47df-adf8-2879d28a7468","local_time":"20190111205641","is_ascension_mode":true,"campfire_choices":[{"data":"Zap","floor":6,"key":"SMITH"},{"floor":15,"key":"REST"},{"data":"Loop","floor":23,"key":"SMITH"},{"data":"Loop","floor":25,"key":"SMITH"},{"data":"Hologram","floor":29,"key":"SMITH"}],"neow_cost":"NO_GOLD","seed_source_timestamp":2173759347184804,"circlet_count":0,"master_deck":["AscendersBane","Strike_B","Strike_B","Strike_B","Strike_B","Defend_B","Defend_B","Defend_B","Defend_B","Zap+1","Dualcast","Hologram+1","Coolheaded","Ball Lightning","Go for the Eyes","Ball Lightning","Seek","Loop+1","Loop+1","Conserve Battery","Writhe","Ball Lightning"],"relics":["Cracked Core","Gambling Chip","Centennial Puzzle","Golden Idol","Bird Faced Urn","Inserter","ClockworkSouvenir","WingedGreaves","Singing Bowl","Dream Catcher","Pear"],"potions_floor_usage":[16],"damage_taken":[{"damage":2,"enemies":"2 Louse","floor":1,"turns":3},{"damage":1,"enemies":"Cultist","floor":3,"turns":3},{"damage":2,"enemies":"Jaw Worm","floor":5,"turns":4},{"damage":4,"enemies":"3 Louse","floor":11,"turns":3},{"damage":8,"enemies":"Blue Slaver","floor":12,"turns":2},{"damage":2,"enemies":"Red Slaver","floor":13,"turns":3},{"damage":8,"enemies":"3 Louse","floor":14,"turns":2},{"damage":18,"enemies":"The Guardian","floor":16,"turns":15},{"damage":3,"enemies":"Spheric Guardian","floor":18,"turns":3},{"damage":37,"enemies":"2 Thieves","floor":20,"turns":4},{"damage":12,"enemies":"Snecko","floor":27,"turns":5},{"damage":23,"enemies":"Centurion and Healer","floor":30,"turns":8},{"damage":16,"enemies":"Shelled Parasite and Fungi","floor":31,"turns":1}],"seed_played":"-4027710497121202529","potions_obtained":[{"floor":1,"key":"SpeedPotion"},{"floor":12,"key":"Poison Potion"},{"floor":13,"key":"Dexterity Potion"},{"floor":16,"key":"FocusPotion"}],"is_trial":false,"path_per_floor":["M","?","M","$","M","R","?","?","T","?","M","M","M","M","R","B",null,"M","$","M","T","?","R","$","R","T","M","?","R","M","M"],"character_chosen":"DEFECT","items_purchased":["Loop","ClockworkSouvenir"],"campfire_rested":1,"item_purchase_floors":[19,19],"current_hp_per_floor":[62,62,61,61,59,59,35,35,35,24,20,12,10,2,23,5,55,52,52,19,19,19,19,19,19,19,13,23,23,4,0],"gold":45,"neow_bonus":"ONE_RARE_RELIC","is_prod":false,"is_daily":false,"chose_seed":false,"campfire_upgraded":4,"win_rate":0,"timestamp":1547207801,"path_taken":["M","?","M","?","M","R","?","?","T","?","M","M","?","M","R","BOSS","M","$","M","?","?","R","$","R","T","M","?","R","M","M"],"build_version":"2019-01-10","purchased_purges":0,"victory":false,"max_hp_per_floor":[71,71,71,71,71,71,71,71,71,71,71,71,71,71,71,71,71,71,71,71,71,71,71,71,71,71,73,83,83,83,83],"card_choices":[{"not_picked":["Streamline","Skim"],"picked":"Hologram","floor":1},{"not_picked":["Barrage","Steam Power"],"picked":"Coolheaded","floor":3},{"not_picked":["Streamline","Compile Driver","Stack"],"picked":"SKIP","floor":5},{"not_picked":["Steam","Turbo"],"picked":"Ball Lightning","floor":11},{"not_picked":["Turbo","Compile Driver"],"picked":"Go for the Eyes","floor":12},{"not_picked":["Redo","Gash","Sweeping Beam"],"picked":"SKIP","floor":13},{"not_picked":["Go for the Eyes","Stack"],"picked":"Ball Lightning","floor":14},{"not_picked":["Machine Learning","Buffer"],"picked":"Seek","floor":16},{"not_picked":["Hologram","Redo"],"picked":"Loop","floor":18},{"not_picked":["Heatsinks+1","Tempest"],"picked":"Conserve Battery","floor":20},{"not_picked":["Rip and Tear","Redo","Chill"],"picked":"Singing Bowl","floor":27},{"not_picked":["Go for the Eyes","Gash+1"],"picked":"Ball Lightning","floor":30}],"player_experience":825384,"relics_obtained":[{"floor":9,"key":"Bird Faced Urn"},{"floor":21,"key":"WingedGreaves"},{"floor":26,"key":"Dream Catcher"}],"event_choices":[{"damage_healed":0,"gold_gain":0,"player_choice":"Gave Potion","damage_taken":0,"relics_obtained":["Centennial Puzzle"],"max_hp_gain":0,"max_hp_loss":0,"event_name":"WeMeetAgain","floor":2,"gold_loss":0},{"damage_healed":0,"gold_gain":0,"player_choice":"Take Damage","damage_taken":24,"relics_obtained":["Golden Idol"],"max_hp_gain":0,"max_hp_loss":0,"event_name":"Golden Idol","floor":7,"gold_loss":0},{"damage_healed":0,"gold_gain":0,"player_choice":"Fled","damage_taken":0,"max_hp_gain":0,"max_hp_loss":0,"event_name":"Scrap Ooze","floor":8,"gold_loss":0},{"damage_healed":0,"gold_gain":75,"player_choice":"Gather Gold","damage_taken":11,"max_hp_gain":0,"max_hp_loss":0,"event_name":"World of Goop","floor":10,"gold_loss":0},{"damage_healed":0,"gold_gain":0,"player_choice":"Opened","damage_taken":0,"relics_obtained":["Singing Bowl"],"max_hp_gain":0,"max_hp_loss":0,"event_name":"The Mausoleum","floor":22,"gold_loss":0,"cards_obtained":["Writhe"]},{"damage_healed":0,"gold_gain":0,"player_choice":"Obtained Relic","damage_taken":0,"relics_obtained":["Pear"],"max_hp_gain":0,"max_hp_loss":0,"event_name":"Addict","floor":28,"gold_loss":85}],"is_beta":false,"boss_relics":[{"not_picked":["FrozenCore","Runic Dome"],"picked":"Inserter"}],"items_purged_floors":[],"is_endless":false,"potions_floor_spawned":[1,12,13,14,16,27],"killed_by":"Shelled Parasite and Fungi","ascension_level":19}