{"gold_per_floor":[116,6,106,122,139,139,166,166,166,191,210,210,229,229,229,327,327,343,343,293,312,329,329,345,345],"floor_reached":25,"playtime":1440,"items_purged":["Strike_G"],"score":213,"play_id":"71acf49c-87a4-4627-b66f-de0750384abd","local_time":"20190120090325","is_ascension_mode":false,"campfire_choices":[{"data":"Blade Dance","floor":6.0,"key":"SMITH"},{"floor":12,"key":"REST"},{"floor":15,"key":"REST"},{"floor":23,"key":"REST"}],"neow_cost":"NONE","seed_source_timestamp":0,"circlet_count":0,"master_deck":["Defend_G","Defend_G","Defend_G","Defend_G","Defend_G","Strike_G","Strike_G","Strike_G","Survivor","Neutralize","Bouncing Flask","Backstab","Prepared","Blade Dance+1","Quick Slash","Dagger Throw","Predator","Heel Hook","Skewer","Choke","Storm of Steel","Infinite Blades","Sucker Punch","Riddle With Holes+1","Caltrops"],"special_seed":0,"relics":["Ring of the Snake","Strawberry","Bottled Flame","Dream Catcher","The Specimen","Cursed Key","Nilry\u0027s Codex"],"potions_floor_usage":[],"damage_taken":[{"damage":1.0,"enemies":"Cultist","floor":1.0,"turns":4.0},{"damage":3.0,"enemies":"Jaw Worm","floor":4.0,"turns":2.0},{"damage":0.0,"enemies":"2 Louse","floor":5.0,"turns":2.0},{"damage":27.0,"enemies":"3 Sentries","floor":7.0,"turns":8.0},{"damage":32,"enemies":"Gremlin Nob","floor":10,"turns":4},{"damage":0,"enemies":"Looter","floor":11,"turns":2},{"damage":1,"enemies":"Lots of Slimes","floor":13,"turns":4},{"damage":42,"enemies":"Slime Boss","floor":16,"turns":10},{"damage":6,"enemies":"3 Byrds","floor":18,"turns":5},{"damage":25,"enemies":"Spheric Guardian","floor":21,"turns":4},{"damage":29,"enemies":"Centurion and Healer","floor":22,"turns":5},{"damage":18,"enemies":"Snake Plant","floor":24,"turns":3},{"damage":10,"enemies":"Slavers","floor":25,"turns":1}],"seed_played":"-348887804074836482","potions_obtained":[{"floor":1.0,"key":"SpeedPotion"},{"floor":7,"key":"Regen Potion"},{"floor":10,"key":"Poison Potion"},{"floor":11,"key":"SkillPotion"}],"is_trial":false,"path_per_floor":["M","$","?","M","M","R","E","?","T","E","M","R","M","$","R","B",null,"M","?","?","M","M","R","M","E"],"character_chosen":"THE_SILENT","items_purchased":["Backstab"],"campfire_rested":3,"item_purchase_floors":[2],"current_hp_per_floor":[76,76,76,73,73,73,46,46,46,14,14,37,36,36,59,17,77,71,55,55,30,1,24,6,0],"gold":345,"neow_bonus":"RANDOM_COMMON_RELIC","is_prod":false,"is_daily":false,"chose_seed":false,"campfire_upgraded":1,"win_rate":0.0,"timestamp":1547971405,"path_taken":["M","$","?","M","?","R","E","?","T","E","?","R","M","$","R","BOSS","M","?","?","M","?","R","M","E"],"build_version":"2019-01-17v2","purchased_purges":1,"victory":false,"max_hp_per_floor":[77,77,77,77,77,77,77,77,77,77,77,77,77,77,77,77,77,77,77,77,77,77,77,77,77],"card_choices":[{"not_picked":["Caltrops","Riddle With Holes"],"picked":"Bouncing Flask","floor":1.0},{"not_picked":["Poisoned Stab","Catalyst"],"picked":"Prepared","floor":4.0},{"not_picked":["Concentrate","PiercingWail"],"picked":"Blade Dance","floor":5.0},{"not_picked":["Acrobatics","Catalyst"],"picked":"Quick Slash","floor":7},{"not_picked":["Bouncing Flask","Flechettes"],"picked":"Dagger Throw","floor":10},{"not_picked":["Grand Finale","Flying Knee"],"picked":"Predator","floor":11},{"not_picked":["PiercingWail","Leg Sweep"],"picked":"Heel Hook","floor":12},{"not_picked":["Cloak And Dagger","Concentrate"],"picked":"Skewer","floor":13},{"not_picked":["Finisher","Eviscerate"],"picked":"Choke","floor":15},{"not_picked":["Die Die Die","Night Terror"],"picked":"Storm of Steel","floor":16},{"not_picked":["Riddle With Holes","Blade Dance+1"],"picked":"Infinite Blades","floor":18},{"not_picked":["PiercingWail+1","Choke"],"picked":"Sucker Punch","floor":21},{"not_picked":["PiercingWail","Deflect"],"picked":"Riddle With Holes+1","floor":22},{"not_picked":["Dagger Throw","Underhanded Strike+1"],"picked":"Caltrops","floor":24}],"player_experience":203480,"relics_obtained":[{"floor":7,"key":"Bottled Flame"},{"floor":9,"key":"Dream Catcher"},{"floor":10,"key":"The Specimen"},{"floor":19,"key":"Nilry\u0027s Codex"}],"event_choices":[{"damage_healed":0.0,"max_hp_gain":0.0,"max_hp_loss":0.0,"gold_gain":100.0,"event_name":"Wheel of Change","player_choice":"Gold","floor":3.0,"gold_loss":0.0,"damage_taken":0.0},{"cards_removed":["Strike_G"],"damage_healed":0,"gold_gain":0,"player_choice":"Offered Basic","damage_taken":0,"max_hp_gain":0,"max_hp_loss":0,"event_name":"Bonfire Elementals","floor":8,"gold_loss":0},{"damage_healed":0,"gold_gain":0,"player_choice":"Obtained Book","damage_taken":16,"max_hp_gain":0,"max_hp_loss":0,"event_name":"Cursed Tome","floor":19,"gold_loss":0},{"damage_healed":0,"gold_gain":0,"player_choice":"Bet on Murderer","damage_taken":0,"max_hp_gain":0,"max_hp_loss":0,"event_name":"The Joust","floor":20,"gold_loss":50}],"is_beta":false,"boss_relics":[{"not_picked":["Eternal Feather","Ectoplasm"],"picked":"Cursed Key"}],"items_purged_floors":[2],"is_endless":false,"potions_floor_spawned":[1,7,10,11,16,18],"killed_by":"Slavers","ascension_level":0}