{"gold_per_floor":[119,134,153,153,153,153,184,184,211,211,230,230],"floor_reached":12,"playtime":460,"items_purged":[],"score":86,"play_id":"78856b04-d4e3-46ed-a657-a2f917e1041a","local_time":"20190113163900","is_ascension_mode":true,"campfire_choices":[{"data":"Hello World","floor":6,"key":"SMITH"},{"data":"Zap","floor":8,"key":"SMITH"},{"data":"Coolheaded","floor":10,"key":"SMITH"}],"neow_cost":"NONE","seed_source_timestamp":1005060032946540,"circlet_count":0,"master_deck":["Strike_B","Strike_B","Strike_B","Strike_B+1","Defend_B","Defend_B","Defend_B","Defend_B","Zap+1","Dualcast","Finesse","Coolheaded+1","White Noise+1","Hello World+1","Injury","Buffer","Self Repair"],"relics":["Cracked Core","Golden Idol","Happy Flower","Bronze Scales"],"potions_floor_usage":[],"damage_taken":[{"damage":7,"enemies":"Small Slimes","floor":1,"turns":4},{"damage":4,"enemies":"Jaw Worm","floor":2,"turns":4},{"damage":0,"enemies":"Cultist","floor":3,"turns":4},{"damage":19,"enemies":"3 Sentries","floor":7,"turns":11},{"damage":21,"enemies":"3 Louse","floor":11,"turns":3},{"damage":13,"enemies":"Blue Slaver","floor":12,"turns":1}],"seed_played":"-2604355401616036070","potions_obtained":[{"floor":3,"key":"Weak Potion"},{"floor":7,"key":"SteroidPotion"}],"is_trial":false,"path_per_floor":["M","M","M","?","?","R","E","R","T","R","M","M"],"character_chosen":"DEFECT","items_purchased":[],"campfire_rested":0,"item_purchase_floors":[],"current_hp_per_floor":[68,64,64,49,49,49,30,30,30,30,9,0],"gold":230,"neow_bonus":"RANDOM_COLORLESS","is_prod":false,"is_daily":false,"chose_seed":false,"campfire_upgraded":3,"win_rate":0,"timestamp":1547393940,"path_taken":["M","M","M","?","?","R","E","R","T","R","M","M"],"build_version":"2019-01-10","purchased_purges":0,"victory":false,"max_hp_per_floor":[75,75,75,75,75,75,75,75,75,75,75,75],"card_choices":[{"not_picked":["Steam","Aggregate"],"picked":"Coolheaded","floor":1},{"not_picked":["Compile Driver","Stack"],"picked":"White Noise","floor":2},{"not_picked":["Redo","Reprogram"],"picked":"Hello World","floor":3},{"not_picked":["Sweeping Beam","Turbo"],"picked":"Buffer","floor":7},{"not_picked":["Loop","Leap"],"picked":"Self Repair","floor":11}],"player_experience":167649,"relics_obtained":[{"floor":7,"key":"Happy Flower"},{"floor":9,"key":"Bronze Scales"}],"event_choices":[{"damage_healed":0,"gold_gain":0,"player_choice":"Entered Light","damage_taken":15,"max_hp_gain":0,"max_hp_loss":0,"event_name":"Shining Light","floor":4,"gold_loss":0,"cards_upgraded":["Strike_B","White Noise"]},{"damage_healed":0,"gold_gain":0,"player_choice":"Take Wound","damage_taken":0,"relics_obtained":["Golden Idol"],"max_hp_gain":0,"max_hp_loss":0,"event_name":"Golden Idol","floor":5,"gold_loss":0,"cards_obtained":["Injury"]}],"is_beta":false,"boss_relics":[],"items_purged_floors":[],"is_endless":false,"potions_floor_spawned":[3,7],"killed_by":"Blue Slaver","ascension_level":2}