{"gold_per_floor":[144,189,139,214,259,349,394,394,469,514,559,0,45,135,147,459,471,528,585,597,524,636,648,705,717],"floor_reached":25,"playtime":1488,"items_purged":[],"score":640,"play_id":"e1fd9699-c0a1-4fce-9d80-cb8a4ccd45a7","local_time":"20190201201359","daily_mods":["Insanity","Hoarder","Midas"],"is_ascension_mode":false,"campfire_choices":[{"floor":8,"key":"REST"},{"floor":15,"key":"REST"},{"floor":23,"key":"REST"}],"neow_cost":"","seed_source_timestamp":0,"circlet_count":0,"master_deck":["Dagger Spray","Outmaneuver","Poisoned Stab","Flying Knee","Crippling Poison","Underhanded Strike","Distraction","Underhanded Strike","Prepared","Flying Knee","Dodge and Roll","Deadly Poison","Flechettes","Outmaneuver","Dodge and Roll","Accuracy","Bouncing Flask","Dagger Spray","Underhanded Strike","Poisoned Stab","Sucker Punch","Flying Knee","Outmaneuver","Terror","Crippling Poison","Slice","Deflect","Dodge and Roll","Underhanded Strike","Deadly Poison","Prepared","Slice","Flying Knee","Acrobatics","Underhanded Strike","Quick Slash","Blade Dance","Endless Agony","Escape Plan","Bane","Cloak And Dagger","Accuracy","Acrobatics","Dodge and Roll","Backflip","Prepared","Outmaneuver","Endless Agony","Sucker Punch","Sucker Punch","Sucker Punch","Sucker Punch","Flying Knee","Flying Knee","Flying Knee","Catalyst","Catalyst","Catalyst","Deadly Poison","Deadly Poison","Deadly Poison","Dagger Throw","Dagger Throw","Dagger Throw","Poisoned Stab","Poisoned Stab","Poisoned Stab","Calculated Gamble","Calculated Gamble","Caltrops","Caltrops","Caltrops","Quick Slash","Quick Slash","Quick Slash","Prepared","Prepared","Prepared","Slice","Slice","Slice","Deflect","Deflect","Deflect","Dash","Dash","Dash","Bane","Bane","Bane","A Thousand Cuts","A Thousand Cuts","A Thousand Cuts","Cloak And Dagger+1","Cloak And Dagger+1","Cloak And Dagger+1","Predator","Predator","Predator","Calculated Gamble","Calculated Gamble","Calculated Gamble"],"special_seed":17928,"relics":["Ring of the Snake","Paper Crane","Bottled Tornado","The Specimen","MawBank","Black Star","Dodecahedron"],"potions_floor_usage":[6,6,18,19],"damage_taken":[{"damage":0.0,"enemies":"2 Louse","floor":1.0,"turns":2.0},{"damage":2.0,"enemies":"Small Slimes","floor":2.0,"turns":3.0},{"damage":0,"enemies":"Cultist","floor":5,"turns":2},{"damage":11,"enemies":"3 Sentries","floor":6,"turns":5},{"damage":4,"enemies":"2 Fungi Beasts","floor":7,"turns":3},{"damage":5,"enemies":"Large Slime","floor":10,"turns":6},{"damage":6,"enemies":"Lots of Slimes","floor":11,"turns":2},{"damage":13,"enemies":"Gremlin Gang","floor":13,"turns":3},{"damage":12,"enemies":"Lagavulin","floor":14,"turns":6},{"damage":35,"enemies":"The Guardian","floor":16,"turns":9},{"damage":14,"enemies":"3 Byrds","floor":18,"turns":2},{"damage":12,"enemies":"Spheric Guardian","floor":19,"turns":5},{"damage":37,"enemies":"3 Cultists","floor":24,"turns":5},{"damage":29,"enemies":"Book of Stabbing","floor":25,"turns":4}],"seed_played":"4077721088213470918","potions_obtained":[{"floor":2.0,"key":"LiquidBronze"},{"floor":5,"key":"EssenceOfSteel"},{"floor":7,"key":"Ancient Potion"},{"floor":16,"key":"LiquidBronze"},{"floor":24,"key":"Explosive Potion"}],"is_trial":false,"path_per_floor":["M","M","?","?","M","E","M","R","T","M","M","$","M","E","R","B",null,"M","M","?","?","?","R","M","E"],"character_chosen":"THE_SILENT","items_purchased":["The Specimen","Caltrops","Quick Slash","Prepared","Slice","Deflect"],"campfire_rested":3,"item_purchase_floors":[12,12,12,12,12,12],"current_hp_per_floor":[70,68,68,57,57,46,42,63,63,58,52,52,39,27,48,13,70,56,44,44,44,44,65,28,0],"gold":717,"neow_bonus":"","is_prod":false,"is_daily":true,"chose_seed":false,"campfire_upgraded":0,"win_rate":0,"timestamp":1549070039,"path_taken":["M","M","?","?","M","E","M","R","T","M","M","$","M","E","R","BOSS","M","M","?","?","?","R","M","E"],"build_version":"2019-01-23","purchased_purges":0,"victory":false,"max_hp_per_floor":[70,70,70,70,70,70,70,70,70,70,70,70,70,70,70,70,70,70,70,70,70,70,70,70,70],"card_choices":[{"not_picked":["Backflip","Leg Sweep"],"picked":"Sucker Punch","floor":1.0},{"not_picked":["Blade Dance","Riddle With Holes"],"picked":"Flying Knee","floor":2.0},{"not_picked":["Deflect","Bane"],"picked":"Catalyst","floor":5},{"not_picked":["Terror","Eviscerate"],"picked":"Deadly Poison","floor":6},{"not_picked":["Prepared","Acrobatics"],"picked":"Dagger Throw","floor":7},{"not_picked":["Bane","Dodge and Roll"],"picked":"Poisoned Stab","floor":10},{"not_picked":["Blade Dance","Dagger Spray"],"picked":"Calculated Gamble","floor":11},{"not_picked":["Infinite Blades","Terror"],"picked":"Dash","floor":13},{"not_picked":["Deflect","Doppelganger"],"picked":"Bane","floor":14},{"not_picked":["Wraith Form v2","Die Die Die"],"picked":"A Thousand Cuts","floor":16},{"not_picked":["Slice+1","PiercingWail"],"picked":"Cloak And Dagger+1","floor":18},{"not_picked":["Dagger Throw","Prepared"],"picked":"Predator","floor":19},{"not_picked":["Dagger Throw","Bane"],"picked":"Calculated Gamble","floor":24}],"player_experience":845193,"relics_obtained":[{"floor":6,"key":"Paper Crane"},{"floor":9,"key":"Bottled Tornado"},{"floor":14,"key":"MawBank"}],"event_choices":[{"cards_removed":["Flechettes"],"damage_healed":0,"gold_gain":0,"player_choice":"Card Removal","damage_taken":0,"max_hp_gain":0,"max_hp_loss":0,"event_name":"The Cleric","floor":3,"gold_loss":50},{"damage_healed":0,"gold_gain":75,"player_choice":"Gather Gold","damage_taken":11,"max_hp_gain":0,"max_hp_loss":0,"event_name":"World of Goop","floor":4,"gold_loss":0},{"cards_removed":["Calculated Gamble"],"damage_healed":0,"gold_gain":0,"player_choice":"Elegance","damage_taken":0,"max_hp_gain":0,"max_hp_loss":0,"event_name":"Back to Basics","floor":20,"gold_loss":0},{"damage_healed":0,"gold_gain":0,"player_choice":"Obtained Relic","damage_taken":0,"relics_obtained":["Dodecahedron"],"max_hp_gain":0,"max_hp_loss":0,"event_name":"Addict","floor":21,"gold_loss":85},{"damage_healed":0,"gold_gain":100,"player_choice":"Pray","damage_taken":0,"max_hp_gain":0,"max_hp_loss":0,"event_name":"Golden Shrine","floor":22,"gold_loss":0}],"is_beta":false,"boss_relics":[{"not_picked":["Empty Cage","Ring of the Serpent"],"picked":"Black Star"}],"items_purged_floors":[],"is_endless":false,"potions_floor_spawned":[2,5,7,16,24],"killed_by":"Book of Stabbing","ascension_level":0}