{"gold_per_floor":[118,118,138,138,138,63,98,114,114,129,163,181,200,200,200,320,320,334,334,348,141,141,141],"floor_reached":23,"playtime":1124,"items_purged":["Injury","Doom and Gloom"],"score":241,"play_id":"4b26f46e-e468-4ea1-b3ca-e42262b5370d","local_time":"20181201210041","is_ascension_mode":true,"campfire_choices":[{"data":"Machine Learning","floor":15,"key":"SMITH"}],"neow_cost":"TEN_PERCENT_HP_LOSS","seed_source_timestamp":85853871982232,"circlet_count":0,"master_deck":["Strike_B","Strike_B","Strike_B","Strike_B","Defend_B","Defend_B","Defend_B+1","Defend_B","Zap+1","Dualcast+1","Ball Lightning","Ball Lightning","Cold Snap","Machine Learning+1","Heatsinks","Hologram","Melter","Thunder Strike","Capacitor","Blizzard","Coolheaded","Genetic Algorithm","Coolheaded","Streamline+1","RitualDagger","Genetic Algorithm+1","Capacitor","Glacier"],"relics":["Cracked Core","Thread and Needle","GremlinMask","Golden Idol","Pen Nib","War Paint","Bag of Marbles","Orrery"],"potions_floor_usage":[16,23,23],"damage_taken":[{"damage":6,"enemies":"Small Slimes","floor":1,"turns":3},{"damage":0,"enemies":"Cultist","floor":3,"turns":3},{"damage":16,"enemies":"Gremlin Nob","floor":7,"turns":4},{"damage":3,"enemies":"2 Louse","floor":8,"turns":2},{"damage":0,"enemies":"Red Slaver","floor":10,"turns":3},{"damage":9,"enemies":"Lagavulin","floor":11,"turns":5},{"damage":4,"enemies":"Blue Slaver","floor":12,"turns":3},{"damage":7,"enemies":"3 Louse","floor":13,"turns":2},{"damage":18,"enemies":"The Guardian","floor":16,"turns":11},{"damage":8,"enemies":"Chosen","floor":18,"turns":5},{"damage":9,"enemies":"Spheric Guardian","floor":20,"turns":4},{"damage":59,"enemies":"Slavers","floor":23,"turns":3}],"seed_played":"-3012036104157482191","potions_obtained":[{"floor":7,"key":"Strength Potion"},{"floor":10,"key":"FairyPotion"},{"floor":11,"key":"FearPotion"},{"floor":16,"key":"Weak Potion"}],"is_trial":false,"path_per_floor":["M","?","M","?","?","$","E","M","T","M","E","M","M","?","R","B",null,"M","?","M","$","?","E"],"character_chosen":"DEFECT","items_purchased":["Capacitor","Glacier"],"campfire_rested":0,"item_purchase_floors":[21,21],"current_hp_per_floor":[62,62,62,62,62,62,46,43,43,43,34,30,23,20,20,2,68,60,54,45,45,45,0],"gold":141,"neow_bonus":"ONE_RARE_RELIC","is_prod":false,"is_daily":false,"chose_seed":false,"campfire_upgraded":1,"win_rate":0,"timestamp":1543716041,"path_taken":["M","?","?","?","?","$","E","?","T","M","E","M","M","?","R","BOSS","M","?","M","$","?","E"],"build_version":"2018-11-15","purchased_purges":2,"victory":false,"max_hp_per_floor":[68,68,68,68,68,68,68,68,68,68,68,68,68,68,68,68,68,68,68,68,68,68,68],"card_choices":[{"not_picked":["Compile Driver","Cold Snap"],"picked":"Ball Lightning","floor":1},{"not_picked":["Static Discharge","Turbo"],"picked":"Ball Lightning","floor":3},{"not_picked":["Static Discharge","Fusion"],"picked":"Cold Snap","floor":7},{"not_picked":["Sweeping Beam","Redo"],"picked":"Doom and Gloom","floor":8},{"not_picked":["Steam","Barrage"],"picked":"Machine Learning","floor":10},{"not_picked":["Rebound","Go for the Eyes"],"picked":"Heatsinks","floor":11},{"not_picked":["Recycle","Barrage"],"picked":"Hologram","floor":12},{"not_picked":["Scrape","Leap"],"picked":"Melter","floor":13},{"not_picked":["Buffer","Core Surge"],"picked":"Thunder Strike","floor":16},{"not_picked":["Compile Driver","Sunder"],"picked":"Capacitor","floor":17},{"not_picked":["Sweeping Beam","Go for the Eyes"],"picked":"Blizzard","floor":17},{"not_picked":["Reinforced Body","Beam Cell"],"picked":"Coolheaded","floor":17},{"not_picked":["Steam Power","Sweeping Beam"],"picked":"Genetic Algorithm","floor":17},{"not_picked":["Redo","Gash"],"picked":"Coolheaded","floor":17},{"not_picked":["Compile Driver","Steam Power+1"],"picked":"Streamline+1","floor":18},{"not_picked":["Gash+1","Reboot"],"picked":"Genetic Algorithm+1","floor":20}],"player_experience":220638,"relics_obtained":[{"floor":7,"key":"Pen Nib"},{"floor":11,"key":"War Paint"}],"event_choices":[{"damage_healed":0,"gold_gain":0,"player_choice":"Trade","damage_taken":0,"relics_obtained":["GremlinMask"],"max_hp_gain":0,"max_hp_loss":0,"event_name":"FaceTrader","floor":2,"gold_loss":0},{"damage_healed":0,"gold_gain":0,"player_choice":"Take Wound","damage_taken":0,"relics_obtained":["Golden Idol"],"max_hp_gain":0,"max_hp_loss":0,"event_name":"Golden Idol","floor":4,"gold_loss":0,"cards_obtained":["Injury"]},{"damage_healed":0,"gold_gain":0,"player_choice":"Upgraded","damage_taken":0,"max_hp_gain":0,"max_hp_loss":0,"event_name":"Upgrade Shrine","floor":5,"gold_loss":0,"cards_upgraded":["Zap"]},{"damage_healed":0,"gold_gain":0,"player_choice":"Success","damage_taken":3,"relics_obtained":["Bag of Marbles"],"max_hp_gain":0,"max_hp_loss":0,"event_name":"Scrap Ooze","floor":14,"gold_loss":0},{"damage_healed":0,"gold_gain":0,"player_choice":"Joined the Cult","damage_taken":6,"max_hp_gain":0,"max_hp_loss":0,"event_name":"Nest","floor":19,"gold_loss":0,"cards_obtained":["RitualDagger"]},{"damage_healed":0,"gold_gain":0,"player_choice":"Ignored","damage_taken":0,"max_hp_gain":0,"max_hp_loss":0,"event_name":"Ghosts","floor":22,"gold_loss":0}],"is_beta":false,"boss_relics":[{"not_picked":["Lizard Tail","Snecko Eye"],"picked":"Orrery"}],"items_purged_floors":[6,21],"is_endless":false,"potions_floor_spawned":[7,10,11,16,20],"killed_by":"Slavers","ascension_level":4}