{"gold_per_floor":[119,131,146,163,176,234,248,266,343,362,397,415,427,457,457,560,560,579,597,612,537,552,552,552,552,576,576,576,576,501,521,521,521],"floor_reached":33,"playtime":2585,"items_purged":["Strike_B"],"score":295,"play_id":"f15f61e0-4b46-4f72-95ea-88b21fcce1ee","local_time":"20190209210227","is_ascension_mode":false,"campfire_choices":[{"floor":15,"key":"REST"},{"floor":23,"key":"RECALL"},{"floor":25,"key":"REST"},{"floor":28,"key":"REST"},{"floor":32,"key":"REST"}],"neow_cost":"NONE","seed_source_timestamp":719126281261320,"circlet_count":0,"master_deck":["Strike_B","Strike_B","Defend_B","Defend_B","Defend_B","Defend_B","Zap","Dualcast","Forethought","Sweeping Beam","Cold Snap","Reprogram","Glacier","Ball Lightning","Genetic Algorithm","Coolheaded","Steam","Ball Lightning","Coolheaded","Defragment","Reboot","Conserve Battery+1","Sweeping Beam+1","Leap+1","Cold Snap"],"relics":["Cracked Core","Tiny Chest","Strawberry","Bag of Marbles","Inserter","Art of War","Bottled Flame"],"potions_floor_usage":[24,31],"damage_taken":[{"damage":1,"enemies":"Cultist","floor":1,"turns":3},{"damage":0,"enemies":"2 Louse","floor":2,"turns":3},{"damage":7,"enemies":"Small Slimes","floor":3,"turns":3},{"damage":4,"enemies":"Exordium Wildlife","floor":4,"turns":2},{"damage":0,"enemies":"Large Slime","floor":5,"turns":6},{"damage":5,"enemies":"Lagavulin","floor":6,"turns":9},{"damage":0,"enemies":"Blue Slaver","floor":7,"turns":3},{"damage":0,"enemies":"Exordium Wildlife","floor":8,"turns":5},{"damage":0,"enemies":"Exordium Thugs","floor":10,"turns":6},{"damage":17,"enemies":"Gremlin Nob","floor":11,"turns":4},{"damage":2,"enemies":"Red Slaver","floor":12,"turns":4},{"damage":10,"enemies":"Large Slime","floor":13,"turns":5},{"damage":4,"enemies":"Lagavulin","floor":14,"turns":9},{"damage":12,"enemies":"The Guardian","floor":16,"turns":14},{"damage":2,"enemies":"Spheric Guardian","floor":18,"turns":4},{"damage":17,"enemies":"Shell Parasite","floor":19,"turns":9},{"damage":4,"enemies":"Centurion and Healer","floor":20,"turns":10},{"damage":5,"enemies":"Snake Plant","floor":22,"turns":6},{"damage":44,"enemies":"Slavers","floor":24,"turns":5},{"damage":34,"enemies":"Cultist and Chosen","floor":31,"turns":7},{"damage":51,"enemies":"Champ","floor":33,"turns":23}],"seed_played":"814181642321987461","potions_obtained":[{"floor":1,"key":"GamblersBrew"},{"floor":3,"key":"Explosive Potion"},{"floor":4,"key":"SmokeBomb"},{"floor":31,"key":"Explosive Potion"}],"is_trial":false,"path_per_floor":["M","M","M","M","M","E","M","M","T","M","E","M","M","E","R","B",null,"M","M","M","$","M","R","E","R","T","T","R","?","?","M","R","B"],"character_chosen":"DEFECT","items_purchased":[],"campfire_rested":4,"item_purchase_floors":[],"current_hp_per_floor":[74,74,67,63,63,58,58,58,58,58,48,46,36,32,56,44,82,80,63,59,59,54,54,10,34,34,34,58,42,42,8,34,0],"gold":521,"neow_bonus":"RANDOM_COLORLESS","is_prod":false,"is_daily":false,"chose_seed":false,"campfire_upgraded":0,"win_rate":0,"timestamp":1549742547,"path_taken":["M","M","M","M","M","E","M","M","T","M","E","M","M","E","R","BOSS","M","M","M","$","M","R","E","R","T","?","R","?","?","M","R","BOSS"],"build_version":"2019-01-23","purchased_purges":1,"victory":false,"max_hp_per_floor":[75,75,75,75,75,75,75,75,75,75,82,82,82,82,82,82,82,82,82,82,82,82,82,82,82,82,82,82,87,87,87,87,87],"card_choices":[{"not_picked":["Streamline","Lockon"],"picked":"Sweeping Beam","floor":1},{"not_picked":["Conserve Battery","Melter"],"picked":"Cold Snap","floor":2},{"not_picked":["Lockon","Beam Cell"],"picked":"Reprogram","floor":3},{"not_picked":["Cold Snap","Redo"],"picked":"Glacier","floor":4},{"not_picked":["Recycle","Compile Driver","Go for the Eyes"],"picked":"SKIP","floor":5},{"not_picked":["Gash","Auto Shields"],"picked":"Ball Lightning","floor":6},{"not_picked":["Cold Snap","Darkness"],"picked":"Genetic Algorithm","floor":7},{"not_picked":["Sweeping Beam","Stack"],"picked":"Coolheaded","floor":8},{"not_picked":["Hyperbeam","Scrape","Compile Driver"],"picked":"SKIP","floor":10},{"not_picked":["Reprogram","Hello World"],"picked":"Steam","floor":11},{"not_picked":["Steam","Leap"],"picked":"Ball Lightning","floor":12},{"not_picked":["Sunder","Go for the Eyes"],"picked":"Coolheaded","floor":13},{"not_picked":["Undo","Sweeping Beam"],"picked":"Defragment","floor":14},{"not_picked":["Seek","Meteor Strike"],"picked":"Reboot","floor":16},{"not_picked":["Gash","Melter","Go for the Eyes+1"],"picked":"SKIP","floor":18},{"not_picked":["Stack","Gash"],"picked":"Conserve Battery+1","floor":19},{"not_picked":["Go for the Eyes","Rainbow"],"picked":"Sweeping Beam+1","floor":20},{"not_picked":["Ball Lightning","Streamline"],"picked":"Leap+1","floor":22},{"not_picked":["Melter","Gash+1"],"picked":"Cold Snap","floor":31}],"player_experience":647534,"relics_obtained":[{"floor":6,"key":"Tiny Chest"},{"floor":11,"key":"Strawberry"},{"floor":14,"key":"Bag of Marbles"},{"floor":26,"key":"Art of War"},{"floor":27,"key":"Bottled Flame"}],"event_choices":[{"damage_healed":0,"gold_gain":0,"player_choice":"Shed Blood","damage_taken":21,"max_hp_gain":5,"max_hp_loss":0,"event_name":"Forgotten Altar","floor":29,"gold_loss":0},{"cards_removed":["Strike_B"],"damage_healed":0,"gold_gain":0,"player_choice":"Gave Gold","damage_taken":0,"max_hp_gain":0,"max_hp_loss":0,"event_name":"Beggar","floor":30,"gold_loss":75}],"is_beta":false,"boss_relics":[{"not_picked":["Coffee Dripper","Nuclear Battery"],"picked":"Inserter"}],"items_purged_floors":[21],"is_endless":false,"potions_floor_spawned":[1,3,4,11,12,13,20,24,31],"killed_by":"Champ","ascension_level":0}