{"gold_per_floor":[209,225,225,235,3,30,59,86,86,86,11,11,37,52,52,147,147,166,15,29,29,42,42],"floor_reached":23,"playtime":2465,"items_purged":["Defend_G"],"score":230,"play_id":"872c52a0-6dcc-4d3b-a5bb-2c3cb73e2747","local_time":"20181005230531","is_ascension_mode":true,"campfire_choices":[{"floor":10.0,"key":"REST"},{"floor":15.0,"key":"REST"}],"neow_cost":"NONE","seed_source_timestamp":0,"circlet_count":0,"master_deck":["Defend_G","Defend_G","Defend_G","Defend_G","Strike_G","Strike_G","Strike_G","Strike_G","Survivor","Neutralize","Acrobatics","Footwork","Dagger Throw","Noxious Fumes","Noxious Fumes","Dash","Backflip","After Image","Deadly Poison","Quick Slash","Dodge and Roll","Flying Knee","Backflip","Acrobatics","Corpse Explosion","Reflex","Blur","RitualDagger","Cloak And Dagger"],"special_seed":0,"relics":["Ring of the Snake","Membership Card","WingedGreaves","Pocketwatch","Blue Candle","Matryoshka","Snake Skull","Lantern","Centennial Puzzle","Orrery"],"potions_floor_usage":[22,22,23],"damage_taken":[{"damage":2.0,"enemies":"Jaw Worm","floor":1.0,"turns":8.0},{"damage":0.0,"enemies":"Cultist","floor":2.0,"turns":4.0},{"damage":2.0,"enemies":"2 Louse","floor":4.0,"turns":3.0},{"damage":13.0,"enemies":"3 Sentries","floor":6.0,"turns":8.0},{"damage":8.0,"enemies":"Lagavulin","floor":7.0,"turns":11.0},{"damage":23.0,"enemies":"Gremlin Nob","floor":8.0,"turns":5.0},{"damage":20.0,"enemies":"3 Sentries","floor":13.0,"turns":6.0},{"damage":2.0,"enemies":"Looter","floor":14.0,"turns":3.0},{"damage":19.0,"enemies":"Slime Boss","floor":16.0,"turns":8.0},{"damage":13,"enemies":"Chosen","floor":18,"turns":5},{"damage":21,"enemies":"2 Thieves","floor":20,"turns":3},{"damage":14,"enemies":"Snake Plant","floor":22,"turns":5},{"damage":16,"enemies":"Book of Stabbing","floor":23,"turns":4}],"seed_played":"1359084816253912376","potions_obtained":[{"floor":6.0,"key":"Explosive Potion"},{"floor":8.0,"key":"Weak Potion"},{"floor":13.0,"key":"SkillPotion"},{"floor":16.0,"key":"FearPotion"},{"floor":20,"key":"EssenceOfSteel"},{"floor":22,"key":"FearPotion"}],"is_trial":false,"path_per_floor":["M","M","?","M","$","E","E","E","T","R","$","?","E","M","R","B",null,"M","$","M","?","M"],"character_chosen":"THE_SILENT","items_purchased":["Membership Card","Noxious Fumes","Snake Skull","Corpse Explosion","Reflex"],"campfire_rested":2,"item_purchase_floors":[5,5,11,19,19],"current_hp_per_floor":[68,68,68,66,66,53,45,22,22,43,43,43,23,21,42,23,70,57,57,36,30,16,0],"gold":42,"neow_bonus":"HUNDRED_GOLD","is_prod":false,"is_daily":false,"chose_seed":false,"campfire_upgraded":0,"win_rate":0,"timestamp":1538795131,"path_taken":["M","M","?","M","$","E","E","E","T","R","$","?","E","M","R","BOSS","M","$","M","?","M","E"],"build_version":"2018-10-04v2","purchased_purges":1,"victory":false,"max_hp_per_floor":[70,70,70,70,70,70,70,70,70,70,70,70,70,70,70,70,70,70,70,70,70,70,70],"card_choices":[{"not_picked":["Dodge and Roll","Outmaneuver"],"picked":"Acrobatics","floor":1.0},{"not_picked":["Deflect","Dodge and Roll"],"picked":"Footwork","floor":2.0},{"not_picked":["Blade Dance","Endless Agony"],"picked":"Dagger Throw","floor":4.0},{"not_picked":["Heel Hook","Calculated Gamble","Wraith Form v2"],"picked":"SKIP","floor":6.0},{"not_picked":["Footwork","Crippling Poison"],"picked":"Noxious Fumes","floor":7.0},{"not_picked":["Sucker Punch","Underhanded Strike"],"picked":"Dash","floor":8.0},{"not_picked":["Deflect","PiercingWail","Expertise"],"picked":"SKIP","floor":13.0},{"not_picked":["Quick Slash","Poisoned Stab"],"picked":"Backflip","floor":14.0},{"not_picked":["Die Die Die","Unload"],"picked":"After Image","floor":16.0},{"not_picked":["Bane","Expertise"],"picked":"Deadly Poison","floor":17},{"not_picked":["Leg Sweep","Slice"],"picked":"Quick Slash","floor":17},{"not_picked":["PiercingWail","Dash"],"picked":"Dodge and Roll","floor":17},{"not_picked":["PiercingWail","Escape Plan"],"picked":"Flying Knee","floor":17},{"not_picked":["Dagger Spray","Outmaneuver"],"picked":"Backflip","floor":17},{"not_picked":["Doppelganger","Outmaneuver"],"picked":"Acrobatics","floor":18},{"not_picked":["Flechettes","Calculated Gamble"],"picked":"Blur","floor":20},{"not_picked":["Dodge and Roll","Backstab"],"picked":"Cloak And Dagger","floor":22}],"player_experience":177182,"relics_obtained":[{"floor":6.0,"key":"WingedGreaves"},{"floor":7.0,"key":"Pocketwatch"},{"floor":8.0,"key":"Blue Candle"},{"floor":9.0,"key":"Matryoshka"},{"floor":13.0,"key":"Centennial Puzzle"}],"event_choices":[{"event_name":"Purifier","player_choice":"One Purge","floor":3.0,"damage_taken":0.0},{"event_name":"Dead Adventurer","player_choice":"Searched \u00271\u0027 times","floor":12.0,"damage_taken":0.0},{"event_name":"Nest","player_choice":"Joined the Cult","floor":21,"damage_taken":0}],"is_beta":false,"boss_relics":[{"not_picked":["Lizard Tail","Velvet Choker"],"picked":"Orrery"}],"items_purged_floors":[19],"is_endless":false,"potions_floor_spawned":[6,8,13,16,20,22],"killed_by":"Book of Stabbing","ascension_level":1}