{"gold_per_floor":[111,111,386,259,273,273,290,11,11,38,38,38,48,82,82,160,160,179,198,113,113,124,124,62,79,79,107,107,107,133,153,153,230,230,243,243,31,31,46,75,75,93,93,93,93,120,20,30,30,30,30],"floor_reached":52,"playtime":3269,"items_purged":["Regret","Strike_G","Strike_G+1"],"score":2102,"play_id":"1d1d2534-660b-4900-a796-6ce0986efc23","local_time":"20190123004508","is_ascension_mode":true,"campfire_choices":[{"data":"Skewer","floor":6,"key":"SMITH"},{"data":"Neutralize","floor":12,"key":"SMITH"},{"data":"Caltrops","floor":15,"key":"SMITH"},{"floor":23,"key":"REST"},{"data":"Noxious Fumes","floor":29,"key":"SMITH"},{"data":"Footwork","floor":32,"key":"SMITH"},{"floor":44,"key":"DIG"},{"floor":49,"key":"DIG"}],"neow_cost":"NONE","seed_source_timestamp":202338482768500,"circlet_count":0,"master_deck":["AscendersBane","Defend_G+1","Defend_G+1","Defend_G+1","Defend_G+1","Defend_G+1","Strike_G+1","Strike_G+1","Strike_G+1","Survivor+1","Neutralize+1","Well Laid Plans+1","Backflip+1","Dagger Spray+1","Dash+1","Dagger Spray+1","Caltrops+1","Corpse Explosion+1","PiercingWail+1","Footwork+1","After Image+1","Backflip+1","Footwork+1","Leg Sweep+1","PiercingWail+1","Noxious Fumes+1","Bullet Time+1","Leg Sweep+1","The Bomb+1","Discovery+1","Dodge and Roll+1","Calculated Gamble+1","Dodge and Roll+1","Acrobatics+1"],"relics":["Eternal Feather","Matryoshka","Bag of Preparation","Potion Belt","Gremlin Horn","Bag of Marbles","The Courier","Pen Nib","Snecko Eye","Dream Catcher","Mummified Hand","Thread and Needle","Snake Skull","Sozu","Shovel","Mark of the Bloom","PreservedInsect","War Paint","Strawberry","Mercury Hourglass"],"potions_floor_usage":[14,30,30,33,50,51],"damage_taken":[{"damage":6,"enemies":"Jaw Worm","floor":1,"turns":5},{"damage":0,"enemies":"2 Louse","floor":5,"turns":4},{"damage":1,"enemies":"Cultist","floor":7,"turns":3},{"damage":31,"enemies":"Lagavulin","floor":10,"turns":9},{"damage":6,"enemies":"Exordium Thugs","floor":13,"turns":3},{"damage":6,"enemies":"3 Sentries","floor":14,"turns":6},{"damage":28,"enemies":"Hexaghost","floor":16,"turns":11},{"damage":0,"enemies":"Shell Parasite","floor":18,"turns":1},{"damage":5,"enemies":"2 Thieves","floor":19,"turns":2},{"damage":17,"enemies":"Centurion and Healer","floor":22,"turns":8},{"damage":0,"enemies":"Snake Plant","floor":25,"turns":1},{"damage":17,"enemies":"Slavers","floor":27,"turns":2},{"damage":2,"enemies":"Book of Stabbing","floor":30,"turns":6},{"damage":1,"enemies":"Sentry and Sphere","floor":31,"turns":5},{"damage":0,"enemies":"Automaton","floor":33,"turns":9},{"damage":0,"enemies":"3 Shapes","floor":35,"turns":3},{"damage":0,"enemies":"3 Darklings","floor":39,"turns":2},{"damage":0,"enemies":"Nemesis","floor":40,"turns":9},{"damage":0,"enemies":"Writhing Mass","floor":42,"turns":6},{"damage":0,"enemies":"4 Shapes","floor":48,"turns":4},{"damage":38,"enemies":"Awakened One","floor":50,"turns":19},{"damage":0,"enemies":"Time Eater","floor":51,"turns":15}],"seed_played":"-2777298846328656563","potions_obtained":[{"floor":1,"key":"GhostInAJar"},{"floor":5,"key":"GamblersBrew"},{"floor":10,"key":"EssenceOfSteel"},{"floor":22,"key":"Dexterity Potion"},{"floor":30,"key":"SkillPotion"},{"floor":31,"key":"Swift Potion"},{"floor":33,"key":"PowerPotion"}],"is_trial":false,"path_per_floor":["M","?","?","$","M","R","M","$","T","E","T","R","M","E","R","B",null,"M","M","?","?","M","R","$","M","T","E","?","R","E","M","R","B",null,"M","?","$","?","M","E","?","M","T","R","?","T","$","M","R","B","B",null],"character_chosen":"THE_SILENT","items_purchased":["Backflip","Matryoshka","Leg Sweep","Dodge and Roll","Calculated Gamble","Dodge and Roll"],"campfire_rested":1,"item_purchase_floors":[4,8,24,37,37,37],"current_hp_per_floor":[53,58,58,58,58,67,66,66,66,35,35,44,38,32,44,16,57,57,52,52,52,35,71,71,71,71,54,54,69,67,66,71,71,71,71,61,61,61,61,61,61,61,61,61,61,61,61,61,61,23,23],"gold":30,"neow_bonus":"BOSS_RELIC","is_prod":false,"is_daily":false,"chose_seed":false,"campfire_upgraded":5,"win_rate":0,"timestamp":1548222308,"path_taken":["M","?","?","$","M","R","?","$","T","E","?","R","M","E","R","BOSS","M","M","?","?","?","R","?","?","T","E","?","R","E","M","R","BOSS","M","?","$","?","M","E","?","M","T","R","?","?","$","M","R","BOSS","BOSS"],"build_version":"2019-01-16","purchased_purges":3,"victory":true,"max_hp_per_floor":[66,71,71,71,71,71,71,71,71,71,71,71,71,71,71,71,71,71,71,71,71,71,71,71,71,71,71,71,71,71,71,71,71,71,71,71,71,67,67,67,67,67,67,67,67,74,74,74,74,74,74],"card_choices":[{"not_picked":["Escape Plan","Underhanded Strike"],"picked":"Well Laid Plans","floor":1},{"not_picked":["Acrobatics","Finisher"],"picked":"Skewer","floor":5},{"not_picked":["Sucker Punch","Flechettes"],"picked":"Dagger Spray","floor":7},{"not_picked":["Infinite Blades","Outmaneuver"],"picked":"Dash","floor":10},{"not_picked":["Blade Dance","Endless Agony"],"picked":"Dagger Spray","floor":13},{"not_picked":["Acrobatics","Deflect"],"picked":"Caltrops","floor":14},{"not_picked":["Grand Finale","Doppelganger"],"picked":"Corpse Explosion","floor":16},{"not_picked":["Acrobatics","Calculated Gamble"],"picked":"PiercingWail","floor":18},{"not_picked":["Deflect","Distraction"],"picked":"Footwork","floor":19},{"not_picked":["Noxious Fumes","PiercingWail+1"],"picked":"Backflip","floor":22},{"not_picked":["Leg Sweep","Outmaneuver"],"picked":"Footwork+1","floor":23},{"not_picked":["Unload","Dagger Spray"],"picked":"PiercingWail","floor":25},{"not_picked":["Endless Agony","Quick Slash","Setup"],"picked":"SKIP","floor":27},{"not_picked":["Bane","Backstab","Deflect"],"picked":"SKIP","floor":30},{"not_picked":["Prepared","Outmaneuver","Riddle With Holes"],"picked":"SKIP","floor":31},{"not_picked":["Die Die Die","Corpse Explosion"],"picked":"Bullet Time","floor":33},{"not_picked":["All Out Attack","Dagger Throw"],"picked":"Leg Sweep","floor":35},{"not_picked":["Bandage Up","Swift Strike"],"picked":"The Bomb","floor":36},{"not_picked":["Dark Shackles","Enlightenment"],"picked":"Discovery","floor":36},{"not_picked":["Dagger Spray","Flying Knee","Backstab"],"picked":"SKIP","floor":39},{"not_picked":["Slice","Sucker Punch","Flying Knee"],"picked":"SKIP","floor":40},{"not_picked":["Slice","Sucker Punch","Flying Knee"],"picked":"SKIP","floor":40},{"not_picked":["Finisher","Deflect"],"picked":"Acrobatics","floor":42},{"not_picked":["Outmaneuver","Deadly Poison+1","Finisher"],"picked":"SKIP","floor":48}],"player_experience":1924226,"relics_obtained":[{"floor":9,"key":"Bag of Preparation"},{"floor":9,"key":"Potion Belt"},{"floor":10,"key":"Gremlin Horn"},{"floor":11,"key":"Bag of Marbles"},{"floor":11,"key":"The Courier"},{"floor":14,"key":"Pen Nib"},{"floor":26,"key":"Mummified Hand"},{"floor":27,"key":"Thread and Needle"},{"floor":30,"key":"Snake Skull"},{"floor":40,"key":"Shovel"},{"floor":43,"key":"PreservedInsect"},{"floor":44,"key":"War Paint"},{"floor":46,"key":"Strawberry"},{"floor":49,"key":"Mercury Hourglass"}],"event_choices":[{"damage_healed":0,"gold_gain":0,"player_choice":"Donut","damage_taken":0,"max_hp_gain":5,"max_hp_loss":0,"event_name":"Big Fish","floor":2,"gold_loss":0},{"damage_healed":0,"gold_gain":275,"player_choice":"Desecrate","damage_taken":0,"max_hp_gain":0,"max_hp_loss":0,"event_name":"Golden Shrine","floor":3,"gold_loss":0,"cards_obtained":["Regret"]},{"damage_healed":0,"gold_gain":0,"player_choice":"Obtained Relic","damage_taken":0,"relics_obtained":["Dream Catcher"],"max_hp_gain":0,"max_hp_loss":0,"event_name":"Addict","floor":20,"gold_loss":85},{"damage_healed":0,"gold_gain":0,"player_choice":"1 cards matched","damage_taken":0,"max_hp_gain":0,"max_hp_loss":0,"event_name":"Match and Keep!","floor":21,"gold_loss":0,"cards_obtained":["After Image"]},{"damage_healed":0,"gold_gain":0,"player_choice":"Read","damage_taken":0,"max_hp_gain":0,"max_hp_loss":0,"event_name":"The Library","floor":28,"gold_loss":0,"cards_obtained":["Noxious Fumes"]},{"damage_healed":0,"gold_gain":0,"player_choice":"Memory 3","damage_taken":10,"max_hp_gain":0,"max_hp_loss":0,"event_name":"SensoryStone","floor":36,"gold_loss":0},{"damage_healed":0,"gold_gain":0,"player_choice":"Max HP","damage_taken":0,"max_hp_gain":0,"max_hp_loss":4,"event_name":"Winding Halls","floor":38,"gold_loss":0},{"damage_healed":0,"gold_gain":0,"player_choice":"Upgrade","damage_taken":0,"relics_obtained":["Mark of the Bloom"],"max_hp_gain":0,"max_hp_loss":0,"event_name":"MindBloom","floor":41,"gold_loss":0,"cards_upgraded":["Defend_G","Defend_G","Defend_G","Defend_G","Defend_G","Strike_G","Strike_G","Strike_G","Strike_G","Survivor","Well Laid Plans","Backflip","Dagger Spray","Dash","Dagger Spray","Corpse Explosion","PiercingWail","After Image","Backflip","Leg Sweep","PiercingWail","Bullet Time","Leg Sweep","The Bomb","Discovery","Dodge and Roll","Calculated Gamble","Dodge and Roll"]},{"cards_removed":["Skewer"],"damage_healed":0,"gold_gain":0,"player_choice":"Removed Attack","damage_taken":0,"max_hp_gain":0,"max_hp_loss":0,"event_name":"Falling","floor":45,"gold_loss":0}],"is_beta":true,"boss_relics":[{"not_picked":["Orrery","Calling Bell"],"picked":"Snecko Eye"},{"not_picked":["Empty Cage","Velvet Choker"],"picked":"Sozu"}],"items_purged_floors":[4,37,47],"is_endless":false,"potions_floor_spawned":[1,5,10,22,30,31,33,40,42],"ascension_level":20}