{"gold_per_floor":[114,289,94,107,82,113,113,113,182,201,234,234,248,80,80,199,199,220,239,260,284,284,284,305,305,328,328,341,14,27,41,41,161,161,175,508,525,541,52,52,67,67,67,84,84,84,84,113,113,113],"floor_reached":50,"playtime":3817,"items_purged":["Doubt","Strike_B"],"score":814,"play_id":"8db16ad4-b8c7-434f-8eb0-1b1d54594a48","local_time":"20181122112011","is_ascension_mode":true,"campfire_choices":[{"data":"Consume","floor":7,"key":"SMITH"},{"data":"Zap","floor":15,"key":"SMITH"},{"data":"Dualcast","floor":23,"key":"SMITH"},{"data":"Go for the Eyes","floor":25,"key":"SMITH"},{"data":"Go for the Eyes","floor":27,"key":"SMITH"},{"floor":32,"key":"REST"},{"floor":40,"key":"REST"},{"data":"Secret Weapon","floor":42,"key":"SMITH"},{"data":"Sunder","floor":45,"key":"SMITH"},{"floor":47,"key":"REST"},{"floor":49,"key":"REST"}],"neow_cost":"NONE","seed_source_timestamp":384739258744098,"circlet_count":0,"master_deck":["AscendersBane","Strike_B","Strike_B","Strike_B","Defend_B","Defend_B","Defend_B","Defend_B","Zap+1","Dualcast+1","Go for the Eyes+1","Consume+1","Cold Snap","FTL","Go for the Eyes+1","Conserve Battery","Scrape","Glacier","Panache+1","Creative AI+1","Gash","Scrape","Coolheaded","Scrape+1","Chill","Sunder+1","Secret Weapon+1","Core Surge","BootSequence","Panache+1","Dark Shackles","Clothesline+1","Secret Weapon","Cloak And Dagger+1"],"relics":["Cracked Core","NeowsBlessing","Strawberry","Frozen Egg 2","Singing Bowl","Nuclear Battery","Anchor","Membership Card","Busted Crown","Omamori","Dream Catcher","PrismaticShard","WingedGreaves","Bag of Preparation"],"potions_floor_usage":[11,11,13,13,19,28,30,33,41,41,44,48],"damage_taken":[{"damage":0,"enemies":"Small Slimes","floor":1,"turns":1},{"damage":0,"enemies":"Jaw Worm","floor":4,"turns":1},{"damage":0,"enemies":"Lagavulin","floor":6,"turns":1},{"damage":4,"enemies":"Cultist","floor":10,"turns":3},{"damage":5,"enemies":"3 Sentries","floor":11,"turns":9},{"damage":11,"enemies":"Large Slime","floor":13,"turns":5},{"damage":20,"enemies":"Hexaghost","floor":16,"turns":15},{"damage":9,"enemies":"Shell Parasite","floor":18,"turns":8},{"damage":13,"enemies":"3 Byrds","floor":19,"turns":5},{"damage":9,"enemies":"Sentry and Sphere","floor":20,"turns":5},{"damage":19,"enemies":"Shelled Parasite and Fungi","floor":21,"turns":6},{"damage":6,"enemies":"Snecko","floor":24,"turns":8},{"damage":25,"enemies":"Cultist and Chosen","floor":28,"turns":7},{"damage":9,"enemies":"Snake Plant","floor":30,"turns":3},{"damage":5,"enemies":"Centurion and Healer","floor":31,"turns":9},{"damage":34,"enemies":"Champ","floor":33,"turns":12},{"damage":9,"enemies":"Orb Walker","floor":35,"turns":4},{"damage":0,"enemies":"3 Darklings","floor":37,"turns":3},{"damage":3,"enemies":"Spire Growth","floor":38,"turns":7},{"damage":10,"enemies":"Writhing Mass","floor":41,"turns":7},{"damage":7,"enemies":"4 Shapes","floor":44,"turns":8},{"damage":42,"enemies":"Reptomancer","floor":48,"turns":8},{"damage":85,"enemies":"Donu and Deca","floor":50,"turns":6}],"seed_played":"6939597566675022942","potions_obtained":[{"floor":1,"key":"Dexterity Potion"},{"floor":8,"key":"Block Potion"},{"floor":8,"key":"Dexterity Potion"},{"floor":11,"key":"Regen Potion"},{"floor":18,"key":"Regen Potion"},{"floor":24,"key":"AttackPotion"},{"floor":28,"key":"SkillPotion"},{"floor":30,"key":"SteroidPotion"},{"floor":35,"key":"LiquidBronze"},{"floor":44,"key":"EssenceOfSteel"},{"floor":48,"key":"Fire Potion"}],"is_trial":false,"path_per_floor":["M","?","$","M","$","E","R","?","T","M","E","?","M","$","R","B",null,"M","M","M","M","?","R","M","R","T","R","M","$","M","M","R","B",null,"M","?","M","M","$","R","M","R","T","M","R","?","R","E","R","B"],"character_chosen":"DEFECT","items_purchased":["Consume","Cold Snap","Go for the Eyes","Panache+1","Membership Card","Sunder","Secret Weapon","Omamori","Dream Catcher","Panache+1","Dark Shackles","PrismaticShard","Poison Potion","SkillPotion"],"campfire_rested":4,"item_purchase_floors":[3,3,5,14,29,29,29,39,39,39,39,39,39,39],"current_hp_per_floor":[68,68,68,68,68,75,75,75,75,71,66,66,69,69,69,49,69,60,61,52,33,58,58,54,54,54,54,29,29,22,19,43,9,64,57,57,57,56,56,81,73,73,73,68,68,65,92,52,82,0],"gold":113,"neow_bonus":"THREE_ENEMY_KILL","is_prod":false,"is_daily":false,"chose_seed":false,"campfire_upgraded":7,"win_rate":0,"timestamp":1542903611,"path_taken":["M","?","$","M","$","E","R","?","T","?","E","?","M","?","R","BOSS","M","?","?","M","?","R","M","R","T","R","M","$","M","M","R","BOSS","M","?","M","M","$","R","M","R","T","M","R","?","R","E","R","BOSS"],"build_version":"2018-11-15","purchased_purges":2,"victory":false,"max_hp_per_floor":[75,75,75,75,75,82,82,82,82,82,82,76,76,76,76,76,76,76,76,76,76,76,76,78,78,78,78,78,78,80,82,82,82,82,84,84,84,86,86,86,88,88,88,90,90,92,92,94,96,96],"card_choices":[{"not_picked":["Redo","Skim"],"picked":"Go for the Eyes","floor":1},{"not_picked":["Hologram","Coolheaded"],"picked":"FTL","floor":4},{"not_picked":["Steam Power","Blizzard","Stack"],"picked":"SKIP","floor":6},{"not_picked":["Compile Driver","Stack"],"picked":"Conserve Battery","floor":10},{"not_picked":["Redo","Aggregate"],"picked":"Scrape","floor":11},{"not_picked":["Steam","Melter"],"picked":"Glacier","floor":13},{"not_picked":["Reboot","Thunder Strike"],"picked":"Creative AI+1","floor":16},{"not_picked":["Leap","Hello World+1"],"picked":"Gash","floor":18},{"not_picked":["Rip and Tear","Compile Driver"],"picked":"Scrape","floor":19},{"not_picked":["Sweeping Beam","Leap"],"picked":"Coolheaded","floor":20},{"not_picked":["Beam Cell","Melter"],"picked":"Scrape+1","floor":21},{"not_picked":["Static Discharge+1","Redo","Skim"],"picked":"Singing Bowl","floor":24},{"not_picked":["Steam+1","Genetic Algorithm"],"picked":"Chill","floor":28},{"not_picked":["Go for the Eyes","Consume+1","Amplify"],"picked":"Singing Bowl","floor":30},{"not_picked":["Heatsinks+1","Cold Snap+1","Lockon"],"picked":"Singing Bowl","floor":31},{"not_picked":["Rainbow","Biased Cognition+1"],"picked":"Core Surge","floor":33},{"not_picked":["Turbo"],"picked":"Singing Bowl","floor":35},{"not_picked":[],"picked":"BootSequence","floor":37},{"not_picked":["Beam Cell"],"picked":"Singing Bowl","floor":38},{"not_picked":[],"picked":"Clothesline+1","floor":40},{"not_picked":["Outmaneuver"],"picked":"Singing Bowl","floor":41},{"not_picked":["Undo"],"picked":"Singing Bowl","floor":44},{"not_picked":[],"picked":"Secret Weapon","floor":46},{"not_picked":["Enlightenment"],"picked":"Singing Bowl","floor":46},{"not_picked":[],"picked":"Cloak And Dagger+1","floor":47},{"not_picked":["Twin Strike"],"picked":"Singing Bowl","floor":48},{"not_picked":["Acrobatics+1"],"picked":"Singing Bowl","floor":49}],"player_experience":596171,"relics_obtained":[{"floor":6,"key":"Strawberry"},{"floor":9,"key":"Frozen Egg 2"},{"floor":11,"key":"Singing Bowl"},{"floor":26,"key":"Anchor"},{"floor":43,"key":"WingedGreaves"},{"floor":48,"key":"Bag of Preparation"}],"event_choices":[{"damage_healed":0,"gold_gain":175,"player_choice":"AGREE","damage_taken":0,"max_hp_gain":0,"max_hp_loss":0,"event_name":"Liars Game","floor":2,"gold_loss":0,"cards_obtained":["Doubt"]},{"damage_healed":0,"gold_gain":0,"player_choice":"Got Potions","damage_taken":0,"max_hp_gain":0,"max_hp_loss":0,"event_name":"Lab","floor":8,"gold_loss":0},{"damage_healed":0,"gold_gain":0,"player_choice":"Lose Max HP","damage_taken":0,"relics_obtained":["Golden Idol"],"max_hp_gain":0,"max_hp_loss":6,"event_name":"Golden Idol","floor":12,"gold_loss":0},{"damage_healed":25,"gold_gain":0,"player_choice":"Heal","damage_taken":0,"max_hp_gain":0,"max_hp_loss":0,"event_name":"The Library","floor":22,"gold_loss":0},{"damage_healed":0,"gold_gain":333,"player_choice":"Gave Idol","damage_taken":0,"max_hp_gain":0,"max_hp_loss":0,"event_name":"The Moai Head","floor":36,"relics_lost":["Golden Idol"],"gold_loss":0},{"damage_healed":0,"gold_gain":0,"player_choice":"Memory 2","damage_taken":5,"max_hp_gain":0,"max_hp_loss":0,"event_name":"SensoryStone","floor":46,"gold_loss":0}],"is_beta":false,"boss_relics":[{"not_picked":["Lizard Tail","Velvet Choker"],"picked":"Nuclear Battery"},{"not_picked":["Tiny House","Calling Bell"],"picked":"Busted Crown"}],"items_purged_floors":[3,39],"is_endless":false,"potions_floor_spawned":[1,11,18,24,28,30,35,44,48],"killed_by":"Donu and Deca","ascension_level":10}