{"gold_per_floor":[109,109,34,49,64,92,92,367,367,379,395,395,450,450],"floor_reached":14,"playtime":277,"items_purged":["Strike_B"],"score":167,"play_id":"0720c271-a47d-4878-927e-c6c28e1a118a","local_time":"20190102203456","is_ascension_mode":true,"campfire_choices":[{"data":"Loop","floor":7,"key":"SMITH"},{"data":"Zap","floor":12,"key":"SMITH"}],"neow_cost":"NONE","seed_source_timestamp":1395461742668648,"circlet_count":0,"master_deck":["AscendersBane","Strike_B","Strike_B","Defend_B","Defend_B","Defend_B","Defend_B","Zap+1","Dualcast","Loop+1","Ball Lightning","Ball Lightning","Auto Shields","Regret","Static Discharge","Ball Lightning","Hologram"],"relics":["Cracked Core","NeowsBlessing","Bottled Tornado","Dream Catcher","Sundial"],"potions_floor_usage":[10,14],"damage_taken":[{"damage":0,"enemies":"Jaw Worm","floor":1,"turns":1},{"damage":0,"enemies":"Cultist","floor":4,"turns":1},{"damage":0,"enemies":"2 Louse","floor":5,"turns":1},{"damage":25,"enemies":"Lagavulin","floor":6,"turns":5},{"damage":13,"enemies":"Lots of Slimes","floor":10,"turns":2},{"damage":8,"enemies":"Blue Slaver","floor":11,"turns":4},{"damage":10,"enemies":"Gremlin Nob","floor":13,"turns":3},{"damage":8,"enemies":"Exordium Thugs","floor":14,"turns":3}],"seed_played":"-936202294617909712","potions_obtained":[{"floor":4,"key":"LiquidBronze"},{"floor":5,"key":"Explosive Potion"},{"floor":11,"key":"Dexterity Potion"}],"is_trial":false,"path_per_floor":["M","?","$","M","M","E","R","?","T","M","M","R","?","M"],"character_chosen":"DEFECT","items_purchased":[],"campfire_rested":0,"item_purchase_floors":[],"current_hp_per_floor":[64,64,64,64,64,39,39,39,39,26,18,18,8,0],"gold":450,"neow_bonus":"THREE_ENEMY_KILL","is_prod":false,"is_daily":false,"chose_seed":false,"campfire_upgraded":2,"win_rate":0,"timestamp":1546428896,"path_taken":["M","?","$","?","M","E","R","?","T","M","?","R","?","M"],"build_version":"2018-12-20","purchased_purges":1,"victory":false,"max_hp_per_floor":[71,71,71,71,71,71,71,71,71,71,71,71,71,71],"card_choices":[{"not_picked":["Streamline","Steam"],"picked":"Loop","floor":1},{"not_picked":["Go for the Eyes","Redo","Compile Driver"],"picked":"SKIP","floor":4},{"not_picked":["Redo","Sweeping Beam"],"picked":"Ball Lightning","floor":5},{"not_picked":["Steam","Hyperbeam"],"picked":"Auto Shields","floor":6},{"not_picked":["Beam Cell","Gash"],"picked":"Static Discharge","floor":10},{"not_picked":["Fusion","Sunder"],"picked":"Ball Lightning","floor":11},{"not_picked":["Barrage","Go for the Eyes"],"picked":"Hologram","floor":13}],"player_experience":714638,"relics_obtained":[{"floor":6,"key":"Bottled Tornado"},{"floor":9,"key":"Dream Catcher"},{"floor":13,"key":"Sundial"}],"event_choices":[{"damage_healed":0,"gold_gain":0,"cards_transformed":["Strike_B"],"player_choice":"Transformed","damage_taken":0,"max_hp_gain":0,"max_hp_loss":0,"event_name":"Transmorgrifier","floor":2,"gold_loss":0,"cards_obtained":["Ball Lightning"]},{"damage_healed":0,"gold_gain":275,"player_choice":"Desecrate","damage_taken":0,"max_hp_gain":0,"max_hp_loss":0,"event_name":"Golden Shrine","floor":8,"gold_loss":0,"cards_obtained":["Regret"]},{"damage_healed":0,"gold_gain":0,"player_choice":"Searched \u00271\u0027 times","damage_taken":0,"max_hp_gain":0,"max_hp_loss":0,"event_name":"Dead Adventurer","floor":13,"gold_loss":0}],"is_beta":false,"boss_relics":[],"items_purged_floors":[3],"is_endless":false,"potions_floor_spawned":[4,5,11],"killed_by":"Exordium Thugs","ascension_level":17}