{"gold_per_floor":[119,132,147,72,91,91,120,20,65,65,65,65,79,79,79,183,183,194,134,148,148,247,247,265,265,291,291,291,304,323,323],"floor_reached":31,"playtime":1083,"items_purged":["Strike_B","Strike_B"],"score":235,"play_id":"33a11777-4816-494a-939b-2174430949cd","local_time":"20180926192423","is_ascension_mode":false,"campfire_choices":[{"data":"Zap","floor":6,"key":"SMITH"},{"data":"Dualcast","floor":11,"key":"SMITH"},{"floor":15,"key":"REST"},{"floor":23,"key":"REST"},{"floor":25,"key":"REST"}],"neow_cost":"","seed_source_timestamp":79115605587117,"circlet_count":0,"master_deck":["Strike_B","Strike_B","Defend_B","Defend_B","Defend_B","Defend_B","Zap+1","Dualcast+1","Ball Lightning","Rip and Tear","Chill","Leap","Gash","Auto Shields","Echo Form","Storm","Cold Snap","Conserve Battery+1","Creative AI","Coolheaded","Stack+1"],"relics":["Cracked Core","Dodecahedron","Omamori","Bag of Marbles","Inserter","Blood Vial"],"potions_floor_usage":[29,30],"damage_taken":[{"damage":1,"enemies":"Cultist","floor":1,"turns":3},{"damage":5,"enemies":"Small Slimes","floor":2,"turns":3},{"damage":2,"enemies":"2 Louse","floor":3,"turns":2},{"damage":10,"enemies":"Large Slime","floor":5,"turns":5},{"damage":23,"enemies":"Gremlin Nob","floor":7,"turns":4},{"damage":2,"enemies":"Gremlin Gang","floor":13,"turns":4},{"damage":11,"enemies":"Slime Boss","floor":16,"turns":10},{"damage":1,"enemies":"Chosen","floor":18,"turns":4},{"damage":30,"enemies":"2 Thieves","floor":19,"turns":4},{"damage":16,"enemies":"Centurion and Healer","floor":20,"turns":7},{"damage":32,"enemies":"Shelled Parasite and Fungi","floor":24,"turns":6},{"damage":25,"enemies":"Colosseum Slavers","floor":28,"turns":7},{"damage":31,"enemies":"Chosen and Byrds","floor":29,"turns":6},{"damage":19,"enemies":"Sentry and Sphere","floor":30,"turns":8},{"damage":13,"enemies":"Shelled Parasite and Fungi","floor":31,"turns":2}],"seed_played":"-844097306156183158","potions_obtained":[{"floor":1,"key":"SpeedPotion"},{"floor":5,"key":"Strength Potion"},{"floor":16,"key":"Explosive Potion"},{"floor":29,"key":"Regen Potion"},{"floor":30,"key":"LiquidBronze"}],"is_trial":false,"path_per_floor":["M","M","M","$","M","R","E","$","T","?","R","?","M","$","R","B",null,"M","M","M","?","?","R","M","R","T","?","?","M","M"],"character_chosen":"DEFECT","items_purchased":[],"campfire_rested":3,"item_purchase_floors":[],"current_hp_per_floor":[74,69,67,67,57,57,34,34,34,34,34,16,14,14,36,25,75,74,44,28,14,14,38,6,30,30,56,33,4,2,0],"gold":323,"neow_bonus":"","is_prod":false,"is_daily":false,"chose_seed":false,"campfire_upgraded":2,"win_rate":0,"timestamp":1537957463,"path_taken":["M","?","M","$","M","R","E","?","T","?","R","?","M","$","R","BOSS","M","?","M","?","?","R","M","R","T","?","?","M","?","M"],"build_version":"2018-09-25","purchased_purges":2,"victory":false,"max_hp_per_floor":[75,75,75,75,75,75,75,75,75,75,75,75,75,75,75,75,75,75,75,75,80,80,80,80,80,80,80,80,80,80,80],"card_choices":[{"not_picked":["Aggregate","Reinforced Body"],"picked":"Ball Lightning","floor":1},{"not_picked":["Barrage","Aggregate"],"picked":"Rip and Tear","floor":2},{"not_picked":["Rebound","Barrage"],"picked":"Chill","floor":3},{"not_picked":["Turbo","Undo"],"picked":"Leap","floor":5},{"not_picked":["Stack","Double Energy"],"picked":"Gash","floor":7},{"not_picked":["Genetic Algorithm","Barrage"],"picked":"Auto Shields","floor":13},{"not_picked":["Biased Cognition","Amplify"],"picked":"Echo Form","floor":16},{"not_picked":["Force Field+1","Sweeping Beam+1"],"picked":"Storm","floor":18},{"not_picked":["Coolheaded","Hello World"],"picked":"Cold Snap","floor":19},{"not_picked":["Scrape","Leap"],"picked":"Conserve Battery+1","floor":20},{"not_picked":["Steam","Hologram"],"picked":"Creative AI","floor":24},{"not_picked":["Recycle","Undo"],"picked":"Coolheaded","floor":29},{"not_picked":["Coolheaded","Ball Lightning"],"picked":"Stack+1","floor":30}],"player_experience":448998,"relics_obtained":[{"floor":7,"key":"Dodecahedron"},{"floor":9,"key":"Omamori"},{"floor":26,"key":"Blood Vial"}],"event_choices":[{"event_name":"Wheel of Change","player_choice":"Curse","floor":10,"damage_taken":0},{"event_name":"Scrap Ooze","player_choice":"success","floor":12,"damage_taken":18},{"event_name":"Forgotten Altar","player_choice":"Shed Blood","floor":21,"damage_taken":0},{"event_name":"Nest","player_choice":"Stole From Cult","floor":22,"damage_taken":0},{"event_name":"The Library","player_choice":"Heal","floor":27,"damage_taken":0},{"event_name":"Colosseum","player_choice":"Fight","floor":28,"damage_taken":0},{"event_name":"Colosseum","player_choice":"Fled From Nobs","floor":28,"damage_taken":0}],"is_beta":true,"boss_relics":[{"not_picked":["Empty Cage","Orrery"],"picked":"Inserter"}],"items_purged_floors":[4,8],"is_endless":false,"potions_floor_spawned":[1,5,16,28,29,30],"killed_by":"Shelled Parasite and Fungi","ascension_level":0}