{"gold_per_floor":[112,187,187,206,221,253,253,298,298,329,329],"floor_reached":11,"playtime":336,"items_purged":[],"score":97,"play_id":"06d038cc-f79c-44c2-9d71-ea07025482ff","local_time":"20181202181606","is_ascension_mode":true,"campfire_choices":[{"data":"Hello World","floor":7,"key":"SMITH"}],"neow_cost":"NONE","seed_source_timestamp":163172896554360,"circlet_count":0,"master_deck":["Strike_B","Strike_B","Strike_B","Defend_B","Defend_B","Defend_B","Defend_B","Zap","Dualcast","Ball Lightning","Leap","Hello World+1","Genetic Algorithm","Beam Cell"],"relics":["Cracked Core","NeowsBlessing","Strawberry","Ornamental Fan","Boot"],"potions_floor_usage":[],"damage_taken":[{"damage":0,"enemies":"Jaw Worm","floor":1,"turns":1},{"damage":0,"enemies":"2 Louse","floor":4,"turns":1},{"damage":0,"enemies":"Cultist","floor":5,"turns":1},{"damage":35,"enemies":"3 Sentries","floor":6,"turns":6},{"damage":17,"enemies":"Lagavulin","floor":10,"turns":6},{"damage":19,"enemies":"Exordium Wildlife","floor":11,"turns":1}],"seed_played":"-6743388797073195629","potions_obtained":[{"floor":6,"key":"Ancient Potion"},{"floor":10,"key":"Energy Potion"}],"is_trial":false,"path_per_floor":["M","?","?","M","M","E","R","T","T","E","M"],"character_chosen":"DEFECT","items_purchased":[],"campfire_rested":0,"item_purchase_floors":[],"current_hp_per_floor":[75,64,64,64,64,36,36,36,36,19,0],"gold":329,"neow_bonus":"THREE_ENEMY_KILL","is_prod":false,"is_daily":false,"chose_seed":false,"campfire_upgraded":1,"win_rate":0,"timestamp":1543792566,"path_taken":["M","?","?","?","M","E","R","?","T","E","M"],"build_version":"2018-11-15","purchased_purges":0,"victory":false,"max_hp_per_floor":[75,75,75,75,75,82,82,82,82,82,82],"card_choices":[{"not_picked":["Redo","Steam"],"picked":"Ball Lightning","floor":1},{"not_picked":["Go for the Eyes","Redo"],"picked":"Leap","floor":4},{"not_picked":["Hologram","Recycle"],"picked":"Hello World","floor":5},{"not_picked":["Barrage","Redo"],"picked":"Genetic Algorithm","floor":6},{"not_picked":["Sweeping Beam","Self Repair"],"picked":"Beam Cell","floor":10}],"player_experience":237289,"relics_obtained":[{"floor":6,"key":"Strawberry"},{"floor":9,"key":"Ornamental Fan"},{"floor":10,"key":"Boot"}],"event_choices":[{"damage_healed":0,"gold_gain":75,"player_choice":"Gather Gold","damage_taken":11,"max_hp_gain":0,"max_hp_loss":0,"event_name":"World of Goop","floor":2,"gold_loss":0},{"cards_removed":["Strike_B"],"damage_healed":0,"gold_gain":0,"player_choice":"Offered Basic","damage_taken":0,"max_hp_gain":0,"max_hp_loss":0,"event_name":"Bonfire Elementals","floor":3,"gold_loss":0}],"is_beta":false,"boss_relics":[],"items_purged_floors":[],"is_endless":false,"potions_floor_spawned":[6,10],"killed_by":"Exordium Wildlife","ascension_level":4}