{"gold_per_floor":[118,138,138,153,328,328,353,369,424,424,440,455,455,455,455,455],"floor_reached":16,"playtime":857,"items_purged":[],"score":102,"play_id":"fb105ead-f89e-41fe-9020-ce440abbb05a","local_time":"20190108154841","is_ascension_mode":false,"campfire_choices":[{"data":"Armaments","floor":6,"key":"SMITH"},{"data":"Bash","floor":10,"key":"SMITH"},{"data":"Carnage","floor":13,"key":"SMITH"},{"floor":15,"key":"REST"}],"neow_cost":"NONE","seed_source_timestamp":649397940765041,"circlet_count":0,"master_deck":["Strike_R","Strike_R+1","Strike_R","Strike_R","Strike_R","Defend_R","Defend_R","Defend_R","Defend_R","Bash+1","Clothesline","Armaments+1","Headbutt+1","Doubt","Whirlwind","Carnage+1","Injury"],"relics":["Burning Blood","Kunai","Whetstone","Vajra","Golden Idol"],"potions_floor_usage":[],"damage_taken":[{"damage":11,"enemies":"Jaw Worm","floor":1,"turns":5},{"damage":7,"enemies":"Small Slimes","floor":2,"turns":5},{"damage":9,"enemies":"2 Louse","floor":4,"turns":4},{"damage":43,"enemies":"3 Sentries","floor":7,"turns":12},{"damage":5,"enemies":"2 Fungi Beasts","floor":8,"turns":4},{"damage":4,"enemies":"Looter","floor":11,"turns":4},{"damage":8,"enemies":"Exordium Wildlife","floor":12,"turns":4},{"damage":65,"enemies":"Hexaghost","floor":16,"turns":11}],"seed_played":"-4257230295070543026","potions_obtained":[{"floor":2,"key":"Energy Potion"},{"floor":8,"key":"EntropicBrew"},{"floor":11,"key":"SpeedPotion"}],"is_trial":false,"path_per_floor":["M","M","?","M","?","R","E","M","T","R","M","M","R","?","R","B"],"character_chosen":"IRONCLAD","items_purchased":[],"campfire_rested":1,"item_purchase_floors":[],"current_hp_per_floor":[83,82,75,72,72,72,35,36,36,36,38,36,36,36,62,0],"gold":455,"neow_bonus":"TEN_PERCENT_HP_BONUS","is_prod":false,"is_daily":false,"chose_seed":false,"campfire_upgraded":3,"win_rate":0.0,"timestamp":1546958921,"path_taken":["M","M","?","M","?","R","E","M","T","R","M","M","R","?","R","BOSS"],"build_version":"2019-01-03v4","purchased_purges":0,"victory":false,"max_hp_per_floor":[88,88,88,88,88,88,88,88,88,88,88,88,88,88,88,88],"card_choices":[{"not_picked":["Thunderclap","Wild Strike"],"picked":"Clothesline","floor":1},{"not_picked":["Heavy Blade","Thunderclap"],"picked":"Armaments","floor":2},{"not_picked":["Corruption","Clothesline"],"picked":"Headbutt","floor":4},{"not_picked":["Intimidate","Combust","Bloodletting"],"picked":"SKIP","floor":7},{"not_picked":["Sword Boomerang","True Grit"],"picked":"Whirlwind","floor":8},{"not_picked":["Whirlwind","Anger","Power Through"],"picked":"SKIP","floor":11},{"not_picked":["Battle Trance","Whirlwind"],"picked":"Carnage","floor":12}],"player_experience":128107,"relics_obtained":[{"floor":7,"key":"Whetstone"},{"floor":9,"key":"Vajra"}],"event_choices":[{"damage_healed":0,"gold_gain":0,"player_choice":"Success","damage_taken":7,"relics_obtained":["Kunai"],"max_hp_gain":0,"max_hp_loss":0,"event_name":"Scrap Ooze","floor":3,"gold_loss":0},{"damage_healed":0,"gold_gain":175,"player_choice":"AGREE","damage_taken":0,"max_hp_gain":0,"max_hp_loss":0,"event_name":"Liars Game","floor":5,"gold_loss":0,"cards_obtained":["Doubt"]},{"damage_healed":0,"gold_gain":0,"player_choice":"Take Wound","damage_taken":0,"relics_obtained":["Golden Idol"],"max_hp_gain":0,"max_hp_loss":0,"event_name":"Golden Idol","floor":14,"gold_loss":0,"cards_obtained":["Injury"]}],"is_beta":false,"boss_relics":[],"items_purged_floors":[],"is_endless":false,"potions_floor_spawned":[2,8,11,12],"killed_by":"Hexaghost","ascension_level":0}