{"gold_per_floor":[110,129,204,22,22,55,68,68,91,133,156,182,206,244,256,340,352,374,386,398,410,434,446,458],"floor_reached":24,"playtime":917,"items_purged":[],"score":482,"play_id":"834d66e6-edd1-4bb0-ace0-23769fbeaf7c","local_time":"20190208215103","is_ascension_mode":true,"campfire_choices":[{"data":"Flame Barrier","floor":15,"key":"SMITH"},{"data":"Limit Break","floor":23,"key":"SMITH"}],"neow_cost":"NONE","seed_source_timestamp":185692973219900,"circlet_count":0,"master_deck":["AscendersBane","Bash+1","Anger","Pommel Strike","Spot Weakness","Dramatic Entrance","Offering","Sword Boomerang","True Grit","Flame Barrier+1","Feel No Pain","Power Through","Limit Break+1","Dark Embrace","Double Tap","Power Through","Sword Boomerang","Entrench","Exhume","Ghostly Armor","Demon Form","Flame Barrier","Demon Form"],"relics":["Burning Blood","NeowsBlessing","Ancient Tea Set","MawBank","Blue Candle","Blood Vial","Pandora\u0027s Box"],"potions_floor_usage":[10,18,18,24],"damage_taken":[{"damage":0,"enemies":"Jaw Worm","floor":1,"turns":1},{"damage":0,"enemies":"Small Slimes","floor":2,"turns":1},{"damage":0,"enemies":"Lagavulin","floor":6,"turns":1},{"damage":0,"enemies":"Cultist","floor":7,"turns":2},{"damage":15,"enemies":"3 Sentries","floor":10,"turns":4},{"damage":23,"enemies":"Large Slime","floor":11,"turns":5},{"damage":7,"enemies":"Looter","floor":12,"turns":3},{"damage":6,"enemies":"3 Louse","floor":13,"turns":2},{"damage":26,"enemies":"Lagavulin","floor":14,"turns":4},{"damage":19,"enemies":"The Guardian","floor":16,"turns":9},{"damage":0,"enemies":"3 Byrds","floor":18,"turns":4},{"damage":23,"enemies":"Spheric Guardian","floor":22,"turns":8},{"damage":75,"enemies":"3 Cultists","floor":24,"turns":6}],"seed_played":"-5190842643487967606","potions_obtained":[{"floor":6,"key":"AttackPotion"},{"floor":11,"key":"Fire Potion"},{"floor":12,"key":"Explosive Potion"},{"floor":18,"key":"SpeedPotion"}],"is_trial":false,"path_per_floor":["M","M","?","$","?","E","M","?","T","E","M","M","M","E","R","B",null,"M","$","?","?","M","R","M"],"character_chosen":"IRONCLAD","items_purchased":["Spot Weakness","Dramatic Entrance"],"campfire_rested":0,"item_purchase_floors":[4,4],"current_hp_per_floor":[74,75,64,64,64,70,75,75,75,66,49,48,48,28,28,17,61,69,69,69,69,54,54,0],"gold":458,"neow_bonus":"THREE_ENEMY_KILL","is_prod":false,"is_daily":false,"chose_seed":false,"campfire_upgraded":2,"win_rate":0,"timestamp":1549659063,"path_taken":["M","M","?","$","?","E","?","?","T","E","M","M","M","E","R","BOSS","M","$","?","?","?","R","M"],"build_version":"2019-01-23","purchased_purges":0,"victory":false,"max_hp_per_floor":[75,75,75,75,75,75,75,75,75,75,75,75,75,75,75,75,75,75,75,75,75,75,75,75],"card_choices":[{"not_picked":["Searing Blow","Carnage"],"picked":"Anger","floor":1},{"not_picked":["Headbutt","Thunderclap"],"picked":"Pommel Strike","floor":2},{"not_picked":["Clothesline","Inflame"],"picked":"Offering","floor":6},{"not_picked":["Headbutt","Searing Blow"],"picked":"Sword Boomerang","floor":7},{"not_picked":["Sentinel","Carnage"],"picked":"True Grit","floor":10},{"not_picked":["Warcry","Perfected Strike"],"picked":"Flame Barrier","floor":11},{"not_picked":["Havoc","Clothesline"],"picked":"Feel No Pain","floor":12},{"not_picked":["Seeing Red","Flex","Body Slam"],"picked":"SKIP","floor":13},{"not_picked":["Wild Strike","Shrug It Off"],"picked":"Power Through","floor":14},{"not_picked":["Exhume","Bludgeon"],"picked":"Limit Break","floor":16},{"not_picked":["Bloodletting","Flex","True Grit"],"picked":"SKIP","floor":18},{"not_picked":["True Grit","Blood for Blood","Armaments"],"picked":"SKIP","floor":22}],"player_experience":645500,"relics_obtained":[{"floor":6,"key":"Ancient Tea Set"},{"floor":9,"key":"MawBank"},{"floor":10,"key":"Blue Candle"},{"floor":14,"key":"Blood Vial"}],"event_choices":[{"damage_healed":0,"gold_gain":75,"player_choice":"Gather Gold","damage_taken":11,"max_hp_gain":0,"max_hp_loss":0,"event_name":"World of Goop","floor":3,"gold_loss":0},{"cards_removed":["Strike_R"],"damage_healed":0,"gold_gain":0,"player_choice":"Purged","damage_taken":0,"max_hp_gain":0,"max_hp_loss":0,"event_name":"Purifier","floor":5,"gold_loss":0},{"damage_healed":0,"gold_gain":0,"player_choice":"Grow","damage_taken":0,"max_hp_gain":0,"max_hp_loss":0,"event_name":"Living Wall","floor":8,"gold_loss":0,"cards_upgraded":["Bash"]},{"damage_healed":0,"gold_gain":0,"player_choice":"Read","damage_taken":0,"max_hp_gain":0,"max_hp_loss":0,"event_name":"The Library","floor":20,"gold_loss":0,"cards_obtained":["Flame Barrier"]},{"damage_healed":0,"gold_gain":0,"player_choice":"Copied","damage_taken":0,"max_hp_gain":0,"max_hp_loss":0,"event_name":"Duplicator","floor":21,"gold_loss":0,"cards_obtained":["Demon Form"]}],"is_beta":false,"boss_relics":[{"not_picked":["Snecko Eye","Ectoplasm"],"picked":"Pandora\u0027s Box"}],"items_purged_floors":[],"is_endless":false,"potions_floor_spawned":[6,11,12,16,18],"killed_by":"3 Cultists","ascension_level":20}