{"gold_per_floor":[111,76,92,0,10,44,44,44,120,134,134,163,183,183,195,284,296,322,334,358,9,22,49,49,77,102,102,163,183,0,14,14,91,91,110,10,24,43,43,43,43],"floor_reached":41,"playtime":3151,"items_purged":["Parasite","Strike_G"],"score":1022,"play_id":"8eb427bf-67b2-4055-b088-99f703cf6f1a","local_time":"20190123223158","is_ascension_mode":true,"campfire_choices":[{"data":"Neutralize","floor":7.0,"key":"SMITH"},{"floor":11.0,"key":"REST"},{"floor":15.0,"key":"REST"},{"floor":24.0,"key":"REST"},{"data":"Noxious Fumes","floor":27.0,"key":"SMITH"},{"floor":32.0,"key":"REST"},{"floor":40,"key":"REST"}],"neow_cost":"NONE","seed_source_timestamp":74984621456900,"circlet_count":0,"master_deck":["AscendersBane","Defend_G","Defend_G","Defend_G","Defend_G","Defend_G","Strike_G","Survivor","Neutralize+1","Dagger Spray","Cloak And Dagger","Infinite Blades","Dagger Spray","Well Laid Plans","Dagger Throw","PiercingWail","Corpse Explosion","Escape Plan","PiercingWail+1","Noxious Fumes+1","Deflect+1","Envenom","Footwork","Storm of Steel","Bouncing Flask+1","Crippling Poison+1","Endless Agony+1","Terror","Escape Plan","Dash"],"special_seed":0,"relics":["Lizard Tail","Happy Flower","Ornamental Fan","Oddly Smooth Stone","MawBank","Eternal Feather","Enchiridion","Shuriken","Paper Crane","Dream Catcher","Snake Skull","Tiny Chest","Astrolabe"],"potions_floor_usage":[],"damage_taken":[{"damage":3.0,"enemies":"Cultist","floor":1.0,"turns":4.0},{"damage":4.0,"enemies":"2 Louse","floor":3.0,"turns":2.0},{"damage":9.0,"enemies":"Small Slimes","floor":5.0,"turns":4.0},{"damage":41.0,"enemies":"Lagavulin","floor":6.0,"turns":10.0},{"damage":2.0,"enemies":"2 Fungi Beasts","floor":10.0,"turns":4.0},{"damage":8.0,"enemies":"3 Sentries","floor":12.0,"turns":6.0},{"damage":0.0,"enemies":"Looter","floor":13.0,"turns":4.0},{"damage":25.0,"enemies":"Slime Boss","floor":16.0,"turns":13.0},{"damage":17.0,"enemies":"2 Thieves","floor":18.0,"turns":4.0},{"damage":21.0,"enemies":"Spheric Guardian","floor":20.0,"turns":6.0},{"damage":11.0,"enemies":"Snake Plant","floor":22.0,"turns":6.0},{"damage":0.0,"enemies":"Gremlin Leader","floor":23.0,"turns":7.0},{"damage":13.0,"enemies":"Book of Stabbing","floor":25.0,"turns":8.0},{"damage":30.0,"enemies":"Gremlin Leader","floor":28.0,"turns":8.0},{"damage":7.0,"enemies":"Centurion and Healer","floor":29.0,"turns":5.0},{"damage":19.0,"enemies":"Sentry and Sphere","floor":31.0,"turns":6.0},{"damage":11.0,"enemies":"Champ","floor":33.0,"turns":13.0},{"damage":9.0,"enemies":"Orb Walker","floor":35.0,"turns":5.0},{"damage":25,"enemies":"3 Shapes","floor":37,"turns":4},{"damage":15,"enemies":"3 Darklings","floor":38,"turns":4},{"damage":54,"enemies":"Reptomancer","floor":41,"turns":3}],"seed_played":"122694038046303902","potions_obtained":[{"floor":3.0,"key":"Explosive Potion"},{"floor":5.0,"key":"Ancient Potion"},{"floor":10.0,"key":"FearPotion"},{"floor":16.0,"key":"SkillPotion"},{"floor":23.0,"key":"SpeedPotion"},{"floor":25.0,"key":"LiquidBronze"},{"floor":31.0,"key":"Swift Potion"},{"floor":33.0,"key":"Fire Potion"}],"is_trial":false,"path_per_floor":["?","?","?","?","?","?"],"character_chosen":"THE_SILENT","items_purchased":["Infinite Blades","Dagger Spray","Shuriken"],"campfire_rested":5,"item_purchase_floors":[4,4,21],"current_hp_per_floor":[56,66,62,62,53,12,12,28,28,26,45,37,37,11,30,5,51,34,13,33,33,22,22,55,42,42,57,27,20,20,1,34,23,53,44,44,19,4,4,37,0],"gold":43,"neow_bonus":"BOSS_RELIC","is_prod":false,"is_daily":false,"chose_seed":false,"campfire_upgraded":2,"win_rate":0,"timestamp":1548300718,"path_taken":["M","?","M","$","M","E","R","?","T","M","R","E","M","?","R","BOSS","M","?","M","$","M","E","R","E","T","R","E","M","?","M","R","BOSS","M","$","M","M","?","R","E"],"build_version":"2019-01-22","purchased_purges":2,"victory":false,"max_hp_per_floor":[66,66,66,66,66,66,66,66,66,66,66,66,66,66,66,66,66,66,66,66,63,63,63,63,63,63,63,63,63,63,63,63,63,63,63,63,63,63,63,63,63],"card_choices":[{"not_picked":["Slice","PiercingWail"],"picked":"Dagger Spray","floor":1.0},{"not_picked":["Underhanded Strike","Sucker Punch"],"picked":"Cloak And Dagger","floor":3.0},{"not_picked":["Prepared","PiercingWail"],"picked":"Well Laid Plans","floor":5.0},{"not_picked":["Outmaneuver","Eviscerate"],"picked":"Dagger Throw","floor":6.0},{"not_picked":["Eviscerate","Expertise","Setup"],"picked":"SKIP","floor":10.0},{"not_picked":["Setup","Masterful Stab","Quick Slash"],"picked":"SKIP","floor":12.0},{"not_picked":["Poisoned Stab","Masterful Stab"],"picked":"PiercingWail","floor":13.0},{"not_picked":["Venomology","Wraith Form v2"],"picked":"Corpse Explosion","floor":16.0},{"not_picked":["Flying Knee+1","Masterful Stab"],"picked":"Escape Plan","floor":18.0},{"not_picked":["Slice","Deadly Poison"],"picked":"PiercingWail+1","floor":20.0},{"not_picked":["Riddle With Holes","Distraction"],"picked":"Noxious Fumes","floor":22.0},{"not_picked":["Underhanded Strike","Poisoned Stab"],"picked":"Deflect+1","floor":23.0},{"not_picked":["Outmaneuver","Dagger Throw","Slice"],"picked":"SKIP","floor":25.0},{"not_picked":["Dagger Throw","Distraction","Reflex"],"picked":"SKIP","floor":28.0},{"not_picked":["PiercingWail","Quick Slash"],"picked":"Envenom","floor":29.0},{"not_picked":["Flying Knee","Underhanded Strike+1"],"picked":"Footwork","floor":31.0},{"not_picked":["Unload","Grand Finale"],"picked":"Storm of Steel","floor":33.0},{"not_picked":["Deadly Poison","Masterful Stab","Eviscerate"],"picked":"SKIP","floor":35.0},{"not_picked":["Slice","Poisoned Stab"],"picked":"Terror","floor":37},{"not_picked":["Footwork","Quick Slash"],"picked":"Escape Plan","floor":38},{"not_picked":["Underhanded Strike","Bane"],"picked":"Dash","floor":40}],"player_experience":1929197,"relics_obtained":[{"floor":6.0,"key":"Happy Flower"},{"floor":9.0,"key":"Ornamental Fan"},{"floor":12.0,"key":"Oddly Smooth Stone"},{"floor":19.0,"key":"Enchiridion"},{"floor":23.0,"key":"Paper Crane"},{"floor":25.0,"key":"Dream Catcher"},{"floor":26.0,"key":"Snake Skull"},{"floor":28.0,"key":"Tiny Chest"}],"event_choices":[{"damage_healed":16.0,"max_hp_gain":0.0,"max_hp_loss":0.0,"gold_gain":0.0,"event_name":"The Cleric","player_choice":"Healed","floor":2.0,"gold_loss":35.0,"damage_taken":0.0},{"damage_healed":16.0,"max_hp_gain":0.0,"max_hp_loss":0.0,"gold_gain":0.0,"event_name":"Mushrooms","player_choice":"Healed and dodged fight","floor":8.0,"gold_loss":0.0,"damage_taken":0.0,"cards_obtained":["Parasite"]},{"damage_healed":0.0,"max_hp_gain":0.0,"max_hp_loss":0.0,"gold_gain":0.0,"event_name":"Scrap Ooze","player_choice":"Success","floor":14.0,"gold_loss":0.0,"damage_taken":26.0,"relics_obtained":["MawBank"]},{"damage_healed":0.0,"max_hp_gain":0.0,"max_hp_loss":0.0,"gold_gain":0.0,"event_name":"Cursed Tome","player_choice":"Obtained Book","floor":19.0,"gold_loss":0.0,"damage_taken":21.0},{"damage_healed":0.0,"max_hp_gain":0.0,"max_hp_loss":0.0,"gold_gain":0.0,"event_name":"Masked Bandits","player_choice":"Paid Fearfully","floor":30.0,"gold_loss":183.0,"damage_taken":0.0},{"damage_healed":0,"gold_gain":0,"player_choice":"Memory 1","damage_taken":0,"max_hp_gain":0,"max_hp_loss":0,"event_name":"SensoryStone","floor":39,"gold_loss":0}],"is_beta":true,"boss_relics":[{"not_picked":["Tiny House","Runic Dome"],"picked":"Eternal Feather"},{"not_picked":["Empty Cage","Orrery"],"picked":"Astrolabe"}],"items_purged_floors":[21,36],"is_endless":false,"potions_floor_spawned":[3,5,10,16,23,25,31,33],"killed_by":"Reptomancer","ascension_level":20}