{"gold_per_floor":[11,11,21,34,44,44,59,109,154,154,169,169],"floor_reached":12,"playtime":291,"items_purged":[],"score":133,"play_id":"6d1423a3-2e24-4b13-8777-0add943d3e10","local_time":"20190102224914","is_ascension_mode":true,"campfire_choices":[{"data":"Zap","floor":6,"key":"SMITH"},{"data":"Thunder Strike","floor":10,"key":"SMITH"}],"neow_cost":"NO_GOLD","seed_source_timestamp":1403508086756130,"circlet_count":0,"master_deck":["AscendersBane","Strike_B","Strike_B","Strike_B","Strike_B","Defend_B","Defend_B","Defend_B","Defend_B","Zap+1","Dualcast","Ball Lightning","Conserve Battery","Ball Lightning","Thunder Strike+1"],"relics":["Cracked Core","Gambling Chip","Vajra"],"potions_floor_usage":[],"damage_taken":[{"damage":1,"enemies":"Cultist","floor":1,"turns":3},{"damage":8,"enemies":"2 Louse","floor":3,"turns":3},{"damage":2,"enemies":"Jaw Worm","floor":4,"turns":3},{"damage":16,"enemies":"Lots of Slimes","floor":5,"turns":4},{"damage":1,"enemies":"Looter","floor":7,"turns":4},{"damage":9,"enemies":"Red Slaver","floor":11,"turns":2},{"damage":30,"enemies":"Gremlin Gang","floor":12,"turns":2}],"seed_played":"535073303041717419","potions_obtained":[{"floor":1,"key":"Swift Potion"},{"floor":7,"key":"Weak Potion"},{"floor":11,"key":"FocusPotion"}],"is_trial":false,"path_per_floor":["M","$","M","M","M","R","M","?","T","R","M","M"],"character_chosen":"DEFECT","items_purchased":[],"campfire_rested":0,"item_purchase_floors":[],"current_hp_per_floor":[63,63,55,53,37,37,36,36,36,36,27,0],"gold":169,"neow_bonus":"ONE_RARE_RELIC","is_prod":false,"is_daily":false,"chose_seed":false,"campfire_upgraded":2,"win_rate":0,"timestamp":1546436954,"path_taken":["M","?","M","M","M","R","M","?","T","R","M","?"],"build_version":"2018-12-20","purchased_purges":0,"victory":false,"max_hp_per_floor":[71,71,71,71,71,71,71,71,71,71,71,71],"card_choices":[{"not_picked":["Doom and Gloom","Sunder"],"picked":"Ball Lightning","floor":1},{"not_picked":["Cold Snap","Barrage"],"picked":"Conserve Battery","floor":3},{"not_picked":["Scrape","Tempest","Steam"],"picked":"SKIP","floor":4},{"not_picked":["Go for the Eyes","Rebound"],"picked":"Ball Lightning","floor":5},{"not_picked":["Beam Cell","Compile Driver"],"picked":"Thunder Strike","floor":7},{"not_picked":["Barrage","Melter","Leap"],"picked":"SKIP","floor":11}],"player_experience":721258,"relics_obtained":[{"floor":9,"key":"Vajra"}],"event_choices":[{"damage_healed":0,"gold_gain":50,"player_choice":"Pray","damage_taken":0,"max_hp_gain":0,"max_hp_loss":0,"event_name":"Golden Shrine","floor":8,"gold_loss":0}],"is_beta":false,"boss_relics":[],"items_purged_floors":[],"is_endless":false,"potions_floor_spawned":[1,7,11],"killed_by":"Gremlin Gang","ascension_level":17}