{"gold_per_floor":[113,41,116,130,130,130,48,48,72,92,102,118,147,65,65,65],"floor_reached":16,"playtime":669,"items_purged":[],"score":100,"play_id":"9edca9cf-58ed-4a20-841e-ad90b30a28b9","local_time":"20180803183302","is_ascension_mode":false,"campfire_choices":[{"data":"Buffer","floor":15,"key":"SMITH"}],"neow_cost":"NONE","seed_source_timestamp":0,"circlet_count":0,"master_deck":["Strike_B","Strike_B+1","Strike_B+1","Defend_B","Defend_B","Defend_B","Zap","Dualcast","Buffer+1","FTL","Capacitor","Conserve Battery","Steam","FTL","Creative AI","Barrage","Loop","Stack","Loop"],"special_seed":0,"relics":["Cracked Core","Dream Catcher","Ice Cream"],"potions_floor_usage":[13],"damage_taken":[{"damage":2.0,"enemies":"Small Slimes","floor":1.0,"turns":3.0},{"damage":0,"enemies":"2 Louse","floor":4,"turns":3},{"damage":0,"enemies":"Cultist","floor":10,"turns":3},{"damage":0,"enemies":"3 Louse","floor":11,"turns":3},{"damage":1,"enemies":"Exordium Wildlife","floor":12,"turns":3},{"damage":30,"enemies":"Gremlin Nob","floor":13,"turns":5},{"damage":32,"enemies":"The Guardian","floor":16,"turns":2}],"seed_played":"-3258892992992166913","potions_obtained":[{"floor":4,"key":"Strength Potion"},{"floor":10,"key":"AttackPotion"},{"floor":13,"key":"Dexterity Potion"}],"is_trial":false,"path_per_floor":["M","$","?","M","?","?","$","?","T","M","M","M","E","$","R"],"character_chosen":"DEFECT","items_purchased":["Capacitor","FTL","Loop"],"campfire_rested":0,"item_purchase_floors":[2,7,14],"current_hp_per_floor":[73,73,62,62,62,47,47,47,47,47,47,46,16,16,16,0],"gold":65,"neow_bonus":"ONE_RANDOM_RARE_CARD","is_prod":false,"is_daily":false,"chose_seed":false,"campfire_upgraded":1,"win_rate":0,"timestamp":1533288782,"path_taken":["M","$","?","M","?","?","?","?","T","M","M","M","E","$","R","BOSS"],"build_version":"2018-08-01","purchased_purges":0,"victory":false,"max_hp_per_floor":[75,75,75,75,75,75,75,75,75,75,75,75,75,75,75,75],"card_choices":[{"not_picked":["Compile Driver","Double Energy"],"picked":"FTL","floor":1},{"not_picked":["Streamline","Redo"],"picked":"Conserve Battery","floor":4},{"not_picked":["Turbo","Sweeping Beam"],"picked":"Creative AI","floor":10},{"not_picked":["Compile Driver","Sweeping Beam"],"picked":"Barrage","floor":11},{"not_picked":["Force Field","Coolheaded"],"picked":"Loop","floor":12},{"not_picked":["Sweeping Beam","Blizzard"],"picked":"Stack","floor":13}],"player_experience":323299,"relics_obtained":[{"floor":9,"key":"Dream Catcher"},{"floor":13,"key":"Ice Cream"}],"event_choices":[{"event_name":"World of Goop","player_choice":"Gather Gold","floor":3,"damage_taken":0},{"event_name":"Living Wall","player_choice":"Change","floor":5,"damage_taken":0},{"event_name":"Shining Light","player_choice":"Entered Light","floor":6,"damage_taken":0},{"event_name":"Bonfire Elementals","player_choice":"BASIC","floor":8,"damage_taken":0}],"is_beta":true,"boss_relics":[],"items_purged_floors":[],"is_endless":false,"potions_floor_spawned":[4,10,13],"killed_by":"The Guardian","ascension_level":0}