{"gold_per_floor":[119,43,43,58,76,76,76,1,26,26,41,54,71,71],"floor_reached":14,"playtime":417,"items_purged":["Defend_B"],"score":156,"play_id":"f068952e-d660-4702-97c5-65b7c3868425","local_time":"20190109233814","is_ascension_mode":true,"campfire_choices":[{"data":"Defragment","floor":6,"key":"SMITH"}],"neow_cost":"NONE","seed_source_timestamp":2011107459446683,"circlet_count":0,"master_deck":["AscendersBane","Strike_B","Strike_B","Defend_B","Defend_B","Defend_B","Zap","Dualcast","Go for the Eyes","Defragment+1","Rebound","BootSequence","Ball Lightning","Regret","Regret","Go for the Eyes","Machine Learning"],"relics":["Cracked Core","PreservedInsect","Centennial Puzzle"],"potions_floor_usage":[],"damage_taken":[{"damage":4,"enemies":"Small Slimes","floor":1,"turns":3},{"damage":7,"enemies":"Jaw Worm","floor":4,"turns":4},{"damage":1,"enemies":"Cultist","floor":5,"turns":3},{"damage":4,"enemies":"Looter","floor":11,"turns":3},{"damage":26,"enemies":"Large Slime","floor":12,"turns":5},{"damage":6,"enemies":"Blue Slaver","floor":13,"turns":3},{"damage":9,"enemies":"Exordium Thugs","floor":14,"turns":2}],"seed_played":"-5774313328203184142","potions_obtained":[{"floor":4,"key":"FearPotion"},{"floor":12,"key":"Strength Potion"}],"is_trial":false,"path_per_floor":["M","$","?","M","M","R","?","$","T","?","M","M","M","M"],"character_chosen":"DEFECT","items_purchased":["Defragment"],"campfire_rested":0,"item_purchase_floors":[2],"current_hp_per_floor":[60,60,60,53,52,52,45,45,45,45,41,15,9,0],"gold":71,"neow_bonus":"RANDOM_COMMON_RELIC","is_prod":false,"is_daily":false,"chose_seed":false,"campfire_upgraded":1,"win_rate":0,"timestamp":1547044694,"path_taken":["M","$","?","M","M","R","?","?","T","?","?","M","M","M"],"build_version":"2019-01-03v4","purchased_purges":1,"victory":false,"max_hp_per_floor":[71,71,71,71,71,71,71,71,71,71,71,71,71,71],"card_choices":[{"not_picked":["Streamline","Heatsinks"],"picked":"Go for the Eyes","floor":1},{"not_picked":["Darkness","Reinforced Body"],"picked":"BootSequence","floor":4},{"not_picked":["Fusion","Scrape"],"picked":"Ball Lightning","floor":5},{"not_picked":["Heatsinks","Chaos"],"picked":"Go for the Eyes","floor":11},{"not_picked":["Compile Driver","Steam","Chaos"],"picked":"SKIP","floor":12},{"not_picked":["Beam Cell","Redo"],"picked":"Machine Learning","floor":13}],"player_experience":807807,"relics_obtained":[{"floor":9,"key":"Centennial Puzzle"}],"event_choices":[{"damage_healed":0,"gold_gain":0,"cards_transformed":["Strike_B"],"player_choice":"Change","damage_taken":0,"max_hp_gain":0,"max_hp_loss":0,"event_name":"Living Wall","floor":3,"gold_loss":0,"cards_obtained":["Rebound"]},{"cards_removed":["Strike_B"],"damage_healed":0,"gold_gain":0,"player_choice":"Card Removal","damage_taken":7,"max_hp_gain":0,"max_hp_loss":0,"event_name":"Golden Wing","floor":7,"gold_loss":0},{"damage_healed":0,"gold_gain":0,"player_choice":"2 cards matched","damage_taken":0,"max_hp_gain":0,"max_hp_loss":0,"event_name":"Match and Keep!","floor":10,"gold_loss":0,"cards_obtained":["Regret","Regret"]}],"is_beta":false,"boss_relics":[],"items_purged_floors":[8],"is_endless":false,"potions_floor_spawned":[4,12],"killed_by":"Exordium Thugs","ascension_level":18}