{"gold_per_floor":[111,36,53,18,35,35,91,118,142,142,152,166,166,166,166,266,266,282,143,157,177,177,177,177],"floor_reached":24,"playtime":705,"items_purged":["Strike_B"],"score":295,"play_id":"923db4e6-e77d-44d0-80e4-780fadd1e5d4","local_time":"20190127121740","is_ascension_mode":true,"campfire_choices":[{"data":"Chaos","floor":6,"key":"SMITH"},{"floor":13,"key":"REST"},{"floor":15,"key":"REST"},{"floor":23,"key":"REST"}],"neow_cost":"TEN_PERCENT_HP_LOSS","seed_source_timestamp":2148382130835044,"circlet_count":0,"master_deck":["Strike_B","Strike_B","Strike_B","Defend_B","Defend_B","Defend_B","Defend_B","Zap","Dualcast","Electrodynamics","Ball Lightning","Chaos+1","FTL","Coolheaded","Sunder","Doom and Gloom","Seek","Coolheaded+1","Thunder Strike","Defragment","Double Energy"],"relics":["Cracked Core","Smiling Mask","Bronze Scales","Lantern","Juzu Bracelet","Inserter"],"potions_floor_usage":[24],"damage_taken":[{"damage":1,"enemies":"Cultist","floor":1,"turns":3},{"damage":0,"enemies":"Small Slimes","floor":3,"turns":2},{"damage":12,"enemies":"Jaw Worm","floor":5,"turns":2},{"damage":8,"enemies":"Gremlin Nob","floor":7,"turns":3},{"damage":29,"enemies":"Gremlin Nob","floor":8,"turns":4},{"damage":0,"enemies":"2 Fungi Beasts","floor":11,"turns":2},{"damage":0,"enemies":"Large Slime","floor":12,"turns":3},{"damage":0,"enemies":"Slime Boss","floor":16,"turns":6},{"damage":11,"enemies":"Spheric Guardian","floor":18,"turns":3},{"damage":6,"enemies":"3 Byrds","floor":20,"turns":2},{"damage":41,"enemies":"Shelled Parasite and Fungi","floor":21,"turns":5},{"damage":33,"enemies":"Slavers","floor":24,"turns":2}],"seed_played":"5917510490012298957","potions_obtained":[{"floor":3,"key":"Strength Potion"},{"floor":5,"key":"Dexterity Potion"},{"floor":8,"key":"Swift Potion"},{"floor":18,"key":"Fire Potion"}],"is_trial":false,"path_per_floor":["M","$","M","$","M","R","?","E","T","$","M","M","R","?","R","B",null,"M","$","M","M","?","R","E"],"character_chosen":"DEFECT","items_purchased":["FTL","Thunder Strike","Defragment"],"campfire_rested":3,"item_purchase_floors":[4,19,19],"current_hp_per_floor":[67,67,67,67,55,55,47,18,18,18,18,18,38,31,51,51,68,57,57,51,10,10,30,0],"gold":177,"neow_bonus":"THREE_RARE_CARDS","is_prod":false,"is_daily":false,"chose_seed":false,"campfire_upgraded":1,"win_rate":0,"timestamp":1548587860,"path_taken":["M","?","M","$","M","R","?","E","T","$","M","M","R","?","R","BOSS","M","$","M","M","?","R","E"],"build_version":"2019-01-23","purchased_purges":1,"victory":false,"max_hp_per_floor":[68,68,68,68,68,68,68,68,68,68,68,68,68,68,68,68,68,68,68,68,68,68,68,68],"card_choices":[{"not_picked":["Hyperbeam","Creative AI"],"picked":"Electrodynamics","floor":0},{"not_picked":["Turbo","Streamline"],"picked":"Ball Lightning","floor":1},{"not_picked":["Fusion","Chill"],"picked":"Chaos","floor":3},{"not_picked":["Chaos","Recycle","Rip and Tear"],"picked":"SKIP","floor":5},{"not_picked":["Beam Cell","Steam"],"picked":"Coolheaded","floor":7},{"not_picked":["Steam","Leap"],"picked":"Sunder","floor":8},{"not_picked":["Gash","Hologram","Sweeping Beam"],"picked":"SKIP","floor":11},{"not_picked":["Stack","Hologram"],"picked":"Doom and Gloom","floor":12},{"not_picked":["Electrodynamics","Amplify"],"picked":"Seek","floor":16},{"not_picked":["Beam Cell","Auto Shields+1"],"picked":"Coolheaded+1","floor":18},{"not_picked":["Beam Cell","Hologram+1","Compile Driver"],"picked":"SKIP","floor":20},{"not_picked":["Cold Snap","Loop"],"picked":"Double Energy","floor":21}],"player_experience":257099,"relics_obtained":[{"floor":7,"key":"Smiling Mask"},{"floor":8,"key":"Bronze Scales"},{"floor":9,"key":"Lantern"}],"event_choices":[{"damage_healed":0,"gold_gain":0,"player_choice":"Searched \u00272\u0027 times","damage_taken":0,"max_hp_gain":0,"max_hp_loss":0,"event_name":"Dead Adventurer","floor":7,"gold_loss":0},{"damage_healed":0,"gold_gain":0,"player_choice":"Success","damage_taken":7,"relics_obtained":["Juzu Bracelet"],"max_hp_gain":0,"max_hp_loss":0,"event_name":"Scrap Ooze","floor":14,"gold_loss":0},{"damage_healed":0,"gold_gain":0,"player_choice":"Bought 0 Potions","damage_taken":0,"max_hp_gain":0,"max_hp_loss":0,"event_name":"The Woman in Blue","floor":22,"gold_loss":0}],"is_beta":false,"boss_relics":[{"not_picked":["White Beast Statue","Lizard Tail"],"picked":"Inserter"}],"items_purged_floors":[2],"is_endless":false,"potions_floor_spawned":[3,5,8,11,16,18],"killed_by":"Slavers","ascension_level":4}