{"gold_per_floor":[115,9,9,23,23,57,57,80,125,125,160,178,178,193,193,282,282,298,11,11,31,55,55,89,109,109,140,140,165,165,190,190,283,346,366,379,379],"floor_reached":37,"playtime":2769,"items_purged":["Strike_G"],"score":892,"play_id":"7b29820c-5b0e-4dc2-b80f-029a1c103c73","local_time":"20190120212601","is_ascension_mode":true,"campfire_choices":[{"floor":7,"key":"REST"},{"data":"Leg Sweep","floor":13,"key":"SMITH"},{"data":"Blur","floor":15,"key":"SMITH"},{"data":"Corpse Explosion","floor":23,"key":"SMITH"},{"floor":28,"key":"REST"},{"data":"Leg Sweep","floor":30,"key":"SMITH"},{"floor":32,"key":"REST"}],"neow_cost":"NONE","seed_source_timestamp":18095319717100,"circlet_count":0,"master_deck":["AscendersBane","Defend_G","Defend_G","Defend_G","Defend_G+1","Defend_G","Strike_G","Strike_G","Strike_G","Strike_G","Survivor","Neutralize","Dagger Throw","Bouncing Flask+1","Backflip","Leg Sweep+1","Blur+1","Dagger Spray+1","Underhanded Strike+1","Corpse Explosion+1","Leg Sweep+1","Malaise","Well Laid Plans","Cloak And Dagger","Riddle With Holes+1","Doppelganger","Cloak And Dagger","Dodge and Roll","Bullet Time","PiercingWail","Skewer+1"],"relics":["Snecko Eye","Golden Idol","Centennial Puzzle","Blood Vial","Molten Egg 2","Cursed Key","Torii","Regal Pillow","The Specimen","Tiny House"],"potions_floor_usage":[8,11,16,16,24,33,33,37,37],"damage_taken":[{"damage":1,"enemies":"Cultist","floor":1,"turns":4},{"damage":2,"enemies":"Jaw Worm","floor":4,"turns":6},{"damage":32,"enemies":"Lagavulin","floor":6,"turns":7},{"damage":2,"enemies":"Small Slimes","floor":8,"turns":4},{"damage":15,"enemies":"3 Sentries","floor":11,"turns":11},{"damage":10,"enemies":"Exordium Wildlife","floor":12,"turns":4},{"damage":0,"enemies":"Looter","floor":14,"turns":4},{"damage":6,"enemies":"Slime Boss","floor":16,"turns":8},{"damage":15,"enemies":"Shell Parasite","floor":18,"turns":4},{"damage":0,"enemies":"Spheric Guardian","floor":21,"turns":3},{"damage":2,"enemies":"Cultist and Chosen","floor":22,"turns":5},{"damage":0,"enemies":"Book of Stabbing","floor":24,"turns":5},{"damage":2,"enemies":"Snecko","floor":25,"turns":5},{"damage":35,"enemies":"Gremlin Leader","floor":27,"turns":8},{"damage":1,"enemies":"Sentry and Sphere","floor":29,"turns":5},{"damage":0,"enemies":"3 Cultists","floor":31,"turns":2},{"damage":36,"enemies":"Champ","floor":33,"turns":15},{"damage":0,"enemies":"Orb Walker","floor":35,"turns":4},{"damage":1,"enemies":"3 Shapes","floor":36,"turns":5},{"damage":61,"enemies":"2 Orb Walkers","floor":37,"turns":4}],"seed_played":"-7023832406107864893","potions_obtained":[{"floor":6,"key":"Regen Potion"},{"floor":8,"key":"Energy Potion"},{"floor":12,"key":"Block Potion"},{"floor":16,"key":"Dexterity Potion"},{"floor":18,"key":"Energy Potion"},{"floor":24,"key":"Ancient Potion"},{"floor":27,"key":"PowerPotion"},{"floor":34,"key":"FearPotion"},{"floor":36,"key":"EssenceOfSteel"}],"is_trial":false,"path_per_floor":["M","$","?","M","?","E","R","M","T","?","E","M","R","M","R","B",null,"M","$","?","M","M","R","E","M","T","E","R","M","R","M","R","B",null,"M","M","?"],"character_chosen":"THE_SILENT","items_purchased":["Dagger Throw","Strength Potion","Malaise","Well Laid Plans"],"campfire_rested":3,"item_purchase_floors":[2,2,19,19],"current_hp_per_floor":[58,58,58,56,56,24,42,52,52,52,39,31,31,33,33,29,52,39,39,39,41,41,41,43,43,43,10,43,44,44,46,60,24,56,58,59,0],"gold":379,"neow_bonus":"BOSS_RELIC","is_prod":false,"is_daily":false,"chose_seed":false,"campfire_upgraded":4,"win_rate":0,"timestamp":1548037561,"path_taken":["M","?","?","M","?","E","R","M","T","?","E","?","R","M","R","BOSS","M","$","?","M","M","R","E","M","T","E","R","M","R","M","R","BOSS","M","?","?"],"build_version":"2019-01-16","purchased_purges":1,"victory":false,"max_hp_per_floor":[66,66,66,66,60,60,60,60,60,60,60,60,60,60,60,60,60,60,60,60,60,60,60,60,60,60,60,60,60,60,60,60,60,65,65,65,65],"card_choices":[{"not_picked":["Deadly Poison","Blade Dance"],"picked":"Quick Slash","floor":1},{"not_picked":["Flying Knee","Underhanded Strike"],"picked":"Bouncing Flask","floor":4},{"not_picked":["Setup","Dagger Spray"],"picked":"Backflip","floor":6},{"not_picked":["Slice","Poisoned Stab"],"picked":"Leg Sweep","floor":8},{"not_picked":["Quick Slash","Backstab"],"picked":"Blur","floor":11},{"not_picked":["Adrenaline","Flying Knee+1"],"picked":"Dagger Spray+1","floor":12},{"not_picked":["Reflex","PiercingWail"],"picked":"Underhanded Strike+1","floor":14},{"not_picked":["Night Terror","Envenom"],"picked":"Corpse Explosion","floor":16},{"not_picked":["Infinite Blades+1","Backflip+1"],"picked":"Leg Sweep","floor":18},{"not_picked":["Poisoned Stab+1","Flying Knee+1"],"picked":"Cloak And Dagger","floor":21},{"not_picked":["Deflect","Flying Knee+1"],"picked":"Riddle With Holes+1","floor":22},{"not_picked":["Bouncing Flask","Phantasmal Killer"],"picked":"Doppelganger","floor":24},{"not_picked":["Poisoned Stab+1","Bane+1"],"picked":"Cloak And Dagger","floor":25},{"not_picked":["Prepared+1","Deadly Poison","Poisoned Stab+1"],"picked":"SKIP","floor":27},{"not_picked":["Finisher+1","Riddle With Holes+1","Deflect"],"picked":"SKIP","floor":29},{"not_picked":["Deadly Poison","Cloak And Dagger"],"picked":"Dodge and Roll","floor":31},{"not_picked":["A Thousand Cuts","Phantasmal Killer"],"picked":"Bullet Time","floor":33},{"not_picked":["Tactician","Blade Dance"],"picked":"PiercingWail","floor":34},{"not_picked":["Acrobatics","Well Laid Plans+1"],"picked":"Skewer+1","floor":35},{"not_picked":["Acrobatics","Underhanded Strike+1","Reflex"],"picked":"SKIP","floor":36}],"player_experience":1909338,"relics_obtained":[{"floor":6,"key":"Centennial Puzzle"},{"floor":9,"key":"Blood Vial"},{"floor":11,"key":"Molten Egg 2"},{"floor":24,"key":"Regal Pillow"},{"floor":27,"key":"The Specimen"}],"event_choices":[{"damage_healed":0,"gold_gain":0,"player_choice":"Ignored","damage_taken":0,"max_hp_gain":0,"max_hp_loss":0,"event_name":"Liars Game","floor":3,"gold_loss":0},{"damage_healed":0,"gold_gain":0,"player_choice":"Lose Max HP","damage_taken":0,"relics_obtained":["Golden Idol"],"max_hp_gain":0,"max_hp_loss":6,"event_name":"Golden Idol","floor":5,"gold_loss":0},{"damage_healed":0,"gold_gain":0,"player_choice":"Grow","damage_taken":0,"max_hp_gain":0,"max_hp_loss":0,"event_name":"Living Wall","floor":10,"gold_loss":0,"cards_upgraded":["Bouncing Flask"]},{"cards_removed":["Quick Slash"],"damage_healed":0,"gold_gain":0,"player_choice":"Gave Card","damage_taken":0,"relics_obtained":["Torii"],"max_hp_gain":0,"max_hp_loss":0,"event_name":"WeMeetAgain","floor":20,"gold_loss":0},{"damage_healed":0,"gold_gain":0,"player_choice":"Fight","damage_taken":0,"max_hp_gain":0,"max_hp_loss":0,"event_name":"Mysterious Sphere","floor":37,"gold_loss":0}],"is_beta":true,"boss_relics":[{"not_picked":["Runic Pyramid","Empty Cage"],"picked":"Cursed Key"},{"not_picked":["HoveringKite","Eternal Feather"],"picked":"Tiny House"}],"items_purged_floors":[19],"is_endless":false,"potions_floor_spawned":[6,8,12,14,16,18,24,27,31,36],"killed_by":"2 Orb Walkers","ascension_level":20}