{"gold_per_floor":[111,386,6,19,19,19,53,53,76,93,106,106,119,130,130,202,202,218,230,14,14,27,27,52,68,113,113,145,145,163,175,175,249,249,259,259,279,295,312,312,337,337,337,337,356,356,34,45,45,45,45],"floor_reached":51,"playtime":4032,"items_purged":["Strike_B+1"],"score":1342,"play_id":"98458582-9dfc-47cf-974c-d53fe1b2d2dd","local_time":"20190123061140","is_ascension_mode":true,"campfire_choices":[{"data":"Regret","floor":6.0,"key":"PURGE"},{"floor":8.0,"key":"REST"},{"data":"Strike_B","floor":12.0,"key":"PURGE"},{"data":"Sunder","floor":15.0,"key":"SMITH"},{"data":"Pain","floor":23.0,"key":"PURGE"},{"data":"Defend_B","floor":27.0,"key":"PURGE"},{"floor":29.0,"key":"REST"},{"floor":32.0,"key":"REST"},{"data":"Defend_B","floor":40.0,"key":"PURGE"},{"data":"Storm","floor":42.0,"key":"SMITH"},{"floor":46.0,"key":"REST"},{"data":"Strike_B+1","floor":49.0,"key":"PURGE"}],"neow_cost":"NONE","seed_source_timestamp":38894406620600,"circlet_count":0,"master_deck":["AscendersBane","Zap","Dualcast","Reboot","White Noise","Sunder+1","Cold Snap","Coolheaded","Seek","Conserve Battery","Fission","Reinforced Body+1","Storm+1","Biased Cognition+1","White Noise","Storm","Coolheaded","Blizzard","Storm+1","Echo Form","Static Discharge","Cold Snap","White Noise+1","Panache","Jack Of All Trades","Blind","Flash of Steel","Loop"],"special_seed":0,"relics":["Cracked Core","Peace Pipe","Sundial","Centennial Puzzle","Astrolabe","Lee\u0027s Waffle","WarpedTongs","Whetstone","Bag of Marbles","Pen Nib","Philosopher\u0027s Stone","Lantern","Smiling Mask","DataDisk"],"potions_floor_usage":[50,50],"damage_taken":[{"damage":0.0,"enemies":"2 Louse","floor":1.0,"turns":2.0},{"damage":0.0,"enemies":"Cultist","floor":4.0,"turns":2.0},{"damage":36.0,"enemies":"3 Sentries","floor":7.0,"turns":7.0},{"damage":0.0,"enemies":"Jaw Worm","floor":10.0,"turns":4.0},{"damage":3.0,"enemies":"Gremlin Gang","floor":11.0,"turns":4.0},{"damage":8.0,"enemies":"Exordium Thugs","floor":13.0,"turns":4.0},{"damage":2.0,"enemies":"Large Slime","floor":14.0,"turns":5.0},{"damage":28.0,"enemies":"The Guardian","floor":16.0,"turns":10.0},{"damage":0.0,"enemies":"Chosen","floor":18.0,"turns":3.0},{"damage":11.0,"enemies":"Spheric Guardian","floor":19.0,"turns":4.0},{"damage":2.0,"enemies":"Cultist and Chosen","floor":22.0,"turns":2.0},{"damage":12.0,"enemies":"Book of Stabbing","floor":24.0,"turns":5.0},{"damage":5.0,"enemies":"Centurion and Healer","floor":25.0,"turns":4.0},{"damage":32.0,"enemies":"Slavers","floor":28.0,"turns":3.0},{"damage":0.0,"enemies":"Snecko","floor":30.0,"turns":3.0},{"damage":2.0,"enemies":"Sentry and Sphere","floor":31.0,"turns":4.0},{"damage":23.0,"enemies":"Champ","floor":33.0,"turns":9.0},{"damage":0.0,"enemies":"3 Shapes","floor":35.0,"turns":2.0},{"damage":12.0,"enemies":"Orb Walker","floor":37.0,"turns":2.0},{"damage":1.0,"enemies":"Maw","floor":38.0,"turns":6.0},{"damage":0.0,"enemies":"Transient","floor":39.0,"turns":6.0},{"damage":16.0,"enemies":"Giant Head","floor":41.0,"turns":6.0},{"damage":6.0,"enemies":"4 Shapes","floor":45.0,"turns":2.0},{"damage":0.0,"enemies":"3 Darklings","floor":48.0,"turns":2.0},{"damage":47,"enemies":"Awakened One","floor":50,"turns":5},{"damage":13,"enemies":"Donu and Deca","floor":51,"turns":1}],"seed_played":"-7753652750792654010","potions_obtained":[{"floor":1.0,"key":"Weak Potion"},{"floor":11.0,"key":"Strength Potion"},{"floor":19.0,"key":"SpeedPotion"},{"floor":28.0,"key":"SkillPotion"},{"floor":30.0,"key":"GamblersBrew"},{"floor":37.0,"key":"Swift Potion"},{"floor":39.0,"key":"Swift Potion"},{"floor":41.0,"key":"SteroidPotion"},{"floor":48.0,"key":"Strength Potion"}],"is_trial":false,"path_per_floor":["M","?","$","M","$","R","E","R","T","M","M","R","M","M","R","B",null,"M","M","$","?","M","R","E","M","T","R","E","R","M","M","R","B",null,"M","?","M","M","M","R","E","R","T","?","M","R","$","M","R","B","B"],"character_chosen":"DEFECT","items_purchased":["Peace Pipe","Sunder","Lee\u0027s Waffle","Flash of Steel","DataDisk"],"campfire_rested":4,"item_purchase_floors":[3,3,20,47,47],"current_hp_per_floor":[64,64,64,64,64,64,28,49,49,49,46,46,38,36,36,8,55,55,44,78,78,76,76,64,59,59,59,27,50,50,48,71,48,71,71,71,59,58,58,58,42,42,42,32,26,49,49,49,49,2,0],"gold":45,"neow_bonus":"ONE_RANDOM_RARE_CARD","is_prod":false,"is_daily":false,"chose_seed":false,"campfire_upgraded":2,"win_rate":0,"timestamp":1548241900,"path_taken":["M","?","$","?","?","R","E","R","T","M","M","R","M","M","R","BOSS","M","?","$","?","M","R","E","M","T","R","E","R","M","M","R","BOSS","M","?","M","M","M","R","E","R","T","?","M","R","$","M","R","BOSS","BOSS"],"build_version":"2019-01-17v2","purchased_purges":1,"victory":false,"max_hp_per_floor":[71,71,71,71,71,71,71,71,71,71,71,71,71,71,71,71,71,71,71,78,78,78,78,78,78,78,78,78,78,78,78,78,78,78,78,78,78,78,78,78,78,78,78,78,78,78,78,78,78,78,78],"card_choices":[{"not_picked":["Hello World","Gash"],"picked":"White Noise","floor":1.0},{"not_picked":["Static Discharge","Gash"],"picked":"Cold Snap","floor":4.0},{"not_picked":["Beam Cell","Gash"],"picked":"Coolheaded","floor":7.0},{"not_picked":["Beam Cell","Leap"],"picked":"Seek","floor":10.0},{"not_picked":["Redo","Compile Driver","Leap"],"picked":"SKIP","floor":11.0},{"not_picked":["Hello World","Glacier"],"picked":"Conserve Battery","floor":13.0},{"not_picked":["Cold Snap","Ball Lightning","Streamline"],"picked":"SKIP","floor":14.0},{"not_picked":["Thunder Strike","Biased Cognition"],"picked":"Fission","floor":16.0},{"not_picked":["Gash+1","Loop"],"picked":"White Noise","floor":18.0},{"not_picked":["Melter","Leap"],"picked":"Storm","floor":19.0},{"not_picked":["Gash","Darkness","Conserve Battery"],"picked":"SKIP","floor":22.0},{"not_picked":["Stack","Fusion","Conserve Battery"],"picked":"SKIP","floor":24.0},{"not_picked":["Genetic Algorithm","Recycle"],"picked":"Coolheaded","floor":25.0},{"not_picked":["Darkness","Beam Cell","Aggregate"],"picked":"SKIP","floor":28.0},{"not_picked":["Scrape+1","Consume"],"picked":"Blizzard","floor":30.0},{"not_picked":["Static Discharge","Heatsinks"],"picked":"Storm","floor":31.0},{"not_picked":["Fission","Thunder Strike"],"picked":"Echo Form","floor":33.0},{"not_picked":["Sweeping Beam","Coolheaded","Ball Lightning+1"],"picked":"SKIP","floor":35.0},{"not_picked":["Skim+1","Conserve Battery"],"picked":"Static Discharge","floor":37.0},{"not_picked":["Sweeping Beam","Ball Lightning"],"picked":"Cold Snap","floor":38.0},{"not_picked":["Streamline","Rebound+1"],"picked":"White Noise+1","floor":39.0},{"not_picked":["Compile Driver","Hologram","Cold Snap+1"],"picked":"SKIP","floor":41.0},{"not_picked":["Forethought","PanicButton"],"picked":"Panache","floor":44.0},{"not_picked":["Trip","Swift Strike"],"picked":"Jack Of All Trades","floor":44.0},{"not_picked":["Thinking Ahead","Discovery"],"picked":"Blind","floor":44.0},{"not_picked":["Stack","Steam","Redo"],"picked":"SKIP","floor":45.0},{"not_picked":["Cold Snap","Leap"],"picked":"Loop","floor":48.0}],"player_experience":518425,"relics_obtained":[{"floor":7.0,"key":"Sundial"},{"floor":9.0,"key":"Centennial Puzzle"},{"floor":24.0,"key":"Whetstone"},{"floor":26.0,"key":"Bag of Marbles"},{"floor":28.0,"key":"Pen Nib"},{"floor":41.0,"key":"Lantern"},{"floor":43.0,"key":"Smiling Mask"}],"event_choices":[{"damage_healed":0.0,"max_hp_gain":0.0,"max_hp_loss":0.0,"gold_gain":275.0,"event_name":"Golden Shrine","player_choice":"Desecrate","floor":2.0,"gold_loss":0.0,"damage_taken":0.0,"cards_obtained":["Regret"]},{"damage_healed":0.0,"max_hp_gain":0.0,"max_hp_loss":0.0,"gold_gain":0.0,"event_name":"Accursed Blacksmith","player_choice":"Rummage","floor":21.0,"gold_loss":0.0,"damage_taken":0.0,"relics_obtained":["WarpedTongs"],"cards_obtained":["Pain"]},{"damage_healed":0.0,"max_hp_gain":0.0,"max_hp_loss":0.0,"gold_gain":0.0,"event_name":"Tomb of Lord Red Mask","player_choice":"Ignored","floor":36.0,"gold_loss":0.0,"damage_taken":0.0},{"damage_healed":0.0,"max_hp_gain":0.0,"max_hp_loss":0.0,"gold_gain":0.0,"event_name":"SensoryStone","player_choice":"Memory 3","floor":44.0,"gold_loss":0.0,"damage_taken":10.0}],"is_beta":false,"boss_relics":[{"not_picked":["Inserter","Busted Crown"],"picked":"Astrolabe"},{"not_picked":["Black Star","Nuclear Battery"],"picked":"Philosopher\u0027s Stone"}],"items_purged_floors":[47],"is_endless":false,"potions_floor_spawned":[1,11,14,19,28,30,37,39,41,48],"killed_by":"Donu and Deca","ascension_level":20}