{"gold_per_floor":[110,123,134,59,59,59,93,93,123,142,142,161,161,174,174,174],"floor_reached":16,"playtime":776,"items_purged":["Strike_B"],"score":102,"play_id":"0fd6d9e8-c30a-43b8-8a6a-a10ba79bd17a","local_time":"20180819003244","is_ascension_mode":false,"campfire_choices":[{"data":"Zap","floor":6,"key":"SMITH"},{"data":"Beam Cell","floor":8,"key":"SMITH"},{"data":"Double Energy","floor":13,"key":"SMITH"},{"data":"Dualcast","floor":15,"key":"SMITH"}],"neow_cost":"","seed_source_timestamp":11430817805160,"circlet_count":0,"master_deck":["Strike_B","Strike_B","Defend_B+1","Defend_B+1","Defend_B","Defend_B","Zap+1","Dualcast+1","FTL","Double Energy+1","Beam Cell+1","Steam","Chill","Regret","Gash","Steam"],"relics":["Cracked Core","Ornamental Fan","Tiny Chest","War Paint"],"potions_floor_usage":[],"damage_taken":[{"damage":1,"enemies":"Cultist","floor":1,"turns":3},{"damage":0,"enemies":"2 Louse","floor":2,"turns":2},{"damage":6,"enemies":"Jaw Worm","floor":3,"turns":3},{"damage":29,"enemies":"Gremlin Nob","floor":7,"turns":4},{"damage":4,"enemies":"Red Slaver","floor":10,"turns":3},{"damage":3,"enemies":"Lots of Slimes","floor":12,"turns":5},{"damage":6,"enemies":"2 Fungi Beasts","floor":14,"turns":3},{"damage":22,"enemies":"Hexaghost","floor":16,"turns":10}],"seed_played":"6089028796586602652","potions_obtained":[{"floor":1,"key":"Strength Potion"},{"floor":3,"key":"FearPotion"}],"is_trial":false,"path_per_floor":["M","M","M","$","?","R","E","R","T","M","?","M","R","M","R"],"character_chosen":"DEFECT","items_purchased":[],"campfire_rested":0,"item_purchase_floors":[],"current_hp_per_floor":[74,74,68,68,61,61,32,32,32,28,28,25,25,19,19,0],"gold":174,"neow_bonus":"","is_prod":false,"is_daily":false,"chose_seed":false,"campfire_upgraded":4,"win_rate":0,"timestamp":1534606364,"path_taken":["M","M","?","$","?","R","E","R","T","?","?","M","R","M","R","BOSS"],"build_version":"2018-08-16","purchased_purges":1,"victory":false,"max_hp_per_floor":[75,75,75,75,75,75,75,75,75,75,75,75,75,75,75,75],"card_choices":[{"not_picked":["Heatsinks","Steam"],"picked":"FTL","floor":1},{"not_picked":["Leap","Force Field"],"picked":"Double Energy","floor":2},{"not_picked":["Cold Snap","Ball Lightning"],"picked":"Beam Cell","floor":3},{"not_picked":["Streamline","Reprogram"],"picked":"Steam","floor":7},{"not_picked":["Redo","Force Field"],"picked":"Chill","floor":10},{"not_picked":["Ball Lightning","Fission"],"picked":"Gash","floor":12},{"not_picked":["Turbo","Heatsinks"],"picked":"Steam","floor":14}],"player_experience":342318,"relics_obtained":[{"floor":7,"key":"Ornamental Fan"},{"floor":9,"key":"Tiny Chest"}],"event_choices":[{"event_name":"Golden Wing","player_choice":"Card Removal","floor":5,"damage_taken":0},{"event_name":"Big Fish","player_choice":"Box","floor":11,"damage_taken":0}],"is_beta":true,"boss_relics":[],"items_purged_floors":[4],"is_endless":false,"potions_floor_spawned":[1,3],"killed_by":"Hexaghost","ascension_level":0}