{"gold_per_floor":[117,117,29,29,46,46,78,78,78,102,128,140,164,196,208,291,303,328,340,18,18,18,18,28,38,112,143,161,161,72,99,99,172,172,188,200,145,145,29,29,63,81,81,81,114,131,165,37,37,37],"floor_reached":50,"playtime":3539,"items_purged":["Bite"],"score":1186,"play_id":"aa48e16a-ae69-4120-8e74-a8eb40c03338","local_time":"20181130050439","is_ascension_mode":true,"campfire_choices":[{"data":"Neutralize","floor":6.0,"key":"SMITH"},{"floor":8.0,"key":"REST"},{"data":"Bouncing Flask","floor":12.0,"key":"SMITH"},{"floor":15.0,"key":"REST"},{"data":"Caltrops","floor":23.0,"key":"SMITH"},{"data":"Night Terror","floor":29.0,"key":"SMITH"},{"data":"Footwork","floor":32.0,"key":"SMITH"},{"data":"Footwork","floor":40.0,"key":"SMITH"},{"floor":44.0,"key":"REST"},{"floor":49,"key":"REST"}],"neow_cost":"NONE","seed_source_timestamp":64907490915900,"circlet_count":0,"master_deck":["AscendersBane","Defend_G+1","Defend_G","Defend_G","Defend_G+1","Survivor","Neutralize+1","Blur+1","Dash","Quick Slash","Bouncing Flask+1","Glass Knife","Dodge and Roll","Dagger Throw","Night Terror+1","Backflip","Bite","Bite","Bite","Bite","Apotheosis+1","Caltrops+1","Skewer+1","Acrobatics+1","Dash","Footwork+1","Corpse Explosion","Catalyst","Backflip","Footwork+1","Backflip","Noxious Fumes","Backflip"],"special_seed":0,"relics":["Velvet Choker","War Paint","MawBank","Lizard Tail","Meat on the Bone","Art of War","Thread and Needle","Busted Crown","Dream Catcher","Strawberry","Pen Nib","Centennial Puzzle"],"potions_floor_usage":[],"damage_taken":[{"damage":2.0,"enemies":"Small Slimes","floor":1.0,"turns":4.0},{"damage":4.0,"enemies":"2 Louse","floor":5.0,"turns":2.0},{"damage":15.0,"enemies":"3 Sentries","floor":7.0,"turns":12.0},{"damage":0.0,"enemies":"Cultist","floor":10.0,"turns":3.0},{"damage":0.0,"enemies":"Exordium Wildlife","floor":11.0,"turns":4.0},{"damage":0.0,"enemies":"3 Louse","floor":13.0,"turns":3.0},{"damage":9.0,"enemies":"Gremlin Gang","floor":14.0,"turns":7.0},{"damage":42.0,"enemies":"Slime Boss","floor":16.0,"turns":14.0},{"damage":13.0,"enemies":"3 Byrds","floor":18.0,"turns":6.0},{"damage":13.0,"enemies":"Colosseum Slavers","floor":21.0,"turns":5.0},{"damage":20.0,"enemies":"Chosen","floor":24.0,"turns":4.0},{"damage":2.0,"enemies":"Centurion and Healer","floor":25.0,"turns":7.0},{"damage":23.0,"enemies":"Slavers","floor":27.0,"turns":7.0},{"damage":0.0,"enemies":"Snake Plant","floor":28.0,"turns":3.0},{"damage":7.0,"enemies":"Book of Stabbing","floor":31.0,"turns":5.0},{"damage":71.0,"enemies":"Automaton","floor":33.0,"turns":18.0},{"damage":0.0,"enemies":"3 Darklings","floor":35.0,"turns":3.0},{"damage":0.0,"enemies":"Orb Walker","floor":36.0,"turns":4.0},{"damage":58.0,"enemies":"Reptomancer","floor":41.0,"turns":11.0},{"damage":5.0,"enemies":"Sphere and 2 Shapes","floor":42.0,"turns":4.0},{"damage":16.0,"enemies":"Nemesis","floor":45.0,"turns":9.0},{"damage":32.0,"enemies":"Spire Growth","floor":46.0,"turns":6.0},{"damage":32,"enemies":"Reptomancer","floor":47,"turns":8},{"damage":55,"enemies":"Time Eater","floor":50,"turns":7}],"seed_played":"6933296086104614147","potions_obtained":[{"floor":1.0,"key":"Block Potion"},{"floor":10.0,"key":"AttackPotion"},{"floor":13.0,"key":"GhostInAJar"},{"floor":14.0,"key":"Dexterity Potion"},{"floor":24.0,"key":"Block Potion"},{"floor":28.0,"key":"Dexterity Potion"},{"floor":36.0,"key":"Energy Potion"},{"floor":41.0,"key":"EssenceOfSteel"},{"floor":47,"key":"Fire Potion"}],"is_trial":false,"path_per_floor":["M","?","$","?","M","R","E","R","T","M","M","R","M","M","R","B",null,"M","?","$","?","?","R","M","M","T","E","M","R","$","E","R","B",null,"M","M","$","?","$","R","E","M","T","R","E","M","E","$","R","B"],"character_chosen":"THE_SILENT","items_purchased":["Dash","Apotheosis","Caltrops","SkillPotion","Footwork","Backflip","Footwork","Backflip","Backflip"],"campfire_rested":4,"item_purchase_floors":[3,20,20,20,30,37,39,39,48],"current_hp_per_floor":[57,37,37,37,33,33,18,37,37,37,37,37,37,28,47,5,51,38,38,38,43,43,43,30,46,46,38,41,41,41,46,46,33,43,46,46,46,44,44,44,32,33,40,51,47,28,22,22,37,0],"gold":37,"neow_bonus":"BOSS_RELIC","is_prod":false,"is_daily":false,"chose_seed":false,"campfire_upgraded":6,"win_rate":0,"timestamp":1543572279,"path_taken":["M","?","$","?","?","R","E","R","T","M","M","R","M","M","R","BOSS","M","?","$","?","?","R","M","M","T","E","?","R","?","E","R","BOSS","M","M","?","?","?","R","E","M","T","R","E","M","E","$","R","BOSS"],"build_version":"2018-11-15","purchased_purges":1,"victory":false,"max_hp_per_floor":[66,66,66,66,66,66,66,66,66,66,66,66,66,66,66,66,66,66,46,46,46,46,46,46,46,46,46,46,46,46,46,46,46,46,46,46,46,44,44,44,44,44,51,51,51,51,51,51,51,51],"card_choices":[{"not_picked":["Blade Dance","Slice"],"picked":"Blur","floor":1.0},{"not_picked":["Accuracy","Deflect"],"picked":"Quick Slash","floor":5.0},{"not_picked":["Infinite Blades","Eviscerate","Prepared"],"picked":"SKIP","floor":7.0},{"not_picked":["Backflip","Slice"],"picked":"Bouncing Flask","floor":10.0},{"not_picked":["Setup","Blade Dance"],"picked":"Glass Knife","floor":11.0},{"not_picked":["Dagger Throw","Underhanded Strike"],"picked":"Dodge and Roll","floor":13.0},{"not_picked":["Finisher","Underhanded Strike"],"picked":"Dagger Throw","floor":14.0},{"not_picked":["Unload","Grand Finale"],"picked":"Night Terror","floor":16.0},{"not_picked":["Deadly Poison","Predator"],"picked":"Backflip","floor":18.0},{"not_picked":["Dagger Throw","Deflect"],"picked":"Skewer+1","floor":24.0},{"not_picked":["Endless Agony","Cloak And Dagger"],"picked":"Acrobatics+1","floor":25.0},{"not_picked":["Calculated Gamble","Accuracy","Infinite Blades"],"picked":"SKIP","floor":27.0},{"not_picked":["Deflect","Dagger Throw"],"picked":"Dash","floor":28.0},{"not_picked":["Dagger Throw","Poisoned Stab","Caltrops"],"picked":"SKIP","floor":31.0},{"not_picked":["Burst","A Thousand Cuts"],"picked":"Corpse Explosion","floor":33.0},{"not_picked":["Distraction+1"],"picked":"SKIP","floor":35.0},{"not_picked":[],"picked":"Catalyst","floor":36.0},{"not_picked":["Poisoned Stab"],"picked":"SKIP","floor":41.0},{"not_picked":["Poisoned Stab+1"],"picked":"SKIP","floor":42.0},{"not_picked":["Backstab"],"picked":"SKIP","floor":45.0},{"not_picked":[],"picked":"Noxious Fumes","floor":46.0},{"not_picked":["Deadly Poison"],"picked":"SKIP","floor":47}],"player_experience":1721151,"relics_obtained":[{"floor":7.0,"key":"War Paint"},{"floor":9.0,"key":"MawBank"},{"floor":26.0,"key":"Meat on the Bone"},{"floor":27.0,"key":"Art of War"},{"floor":31.0,"key":"Thread and Needle"},{"floor":41.0,"key":"Dream Catcher"},{"floor":43.0,"key":"Strawberry"},{"floor":45.0,"key":"Pen Nib"},{"floor":47,"key":"Centennial Puzzle"}],"event_choices":[{"damage_healed":0.0,"max_hp_gain":0.0,"max_hp_loss":0.0,"gold_gain":0.0,"event_name":"Shining Light","player_choice":"Entered Light","floor":2.0,"gold_loss":0.0,"damage_taken":20.0,"cards_upgraded":["Strike_G","Blur"]},{"cards_removed":["Defend_G"],"damage_healed":0.0,"max_hp_gain":0.0,"max_hp_loss":0.0,"gold_gain":0.0,"event_name":"Purifier","player_choice":"Purged","floor":4.0,"gold_loss":0.0,"damage_taken":0.0},{"damage_healed":0.0,"max_hp_gain":0.0,"max_hp_loss":20.0,"gold_gain":0.0,"event_name":"Vampires","player_choice":"Became a vampire","floor":19.0,"gold_loss":0.0,"damage_taken":0.0,"cards_obtained":["Bite","Bite","Bite","Bite","Bite"]},{"damage_healed":0.0,"max_hp_gain":0.0,"max_hp_loss":0.0,"gold_gain":0.0,"event_name":"Colosseum","player_choice":"Fight","floor":21.0,"gold_loss":0.0,"damage_taken":0.0},{"damage_healed":0.0,"max_hp_gain":0.0,"max_hp_loss":0.0,"gold_gain":0.0,"event_name":"Colosseum","player_choice":"Fled From Nobs","floor":21.0,"gold_loss":0.0,"damage_taken":0.0},{"damage_healed":0.0,"max_hp_gain":0.0,"max_hp_loss":0.0,"gold_gain":0.0,"event_name":"Accursed Blacksmith","player_choice":"Forge","floor":22.0,"gold_loss":0.0,"damage_taken":0.0,"cards_upgraded":["Apotheosis"]},{"damage_healed":0.0,"max_hp_gain":0.0,"max_hp_loss":2.0,"gold_gain":0.0,"event_name":"Winding Halls","player_choice":"Max HP","floor":38.0,"gold_loss":0.0,"damage_taken":0.0}],"is_beta":true,"boss_relics":[{"not_picked":["Ectoplasm","Runic Dome"],"picked":"Lizard Tail"},{"not_picked":["WristBlade","Eternal Feather"],"picked":"Busted Crown"}],"items_purged_floors":[48],"is_endless":false,"potions_floor_spawned":[1,10,13,14,24,25,28,36,41,47],"killed_by":"Time Eater","ascension_level":20}