{"gold_per_floor":[113,12,12,12,12,12,41,54,54,80,80,57,57,57,57,158,158,173,173,190,36,36,36,47,47],"floor_reached":25,"playtime":1335,"items_purged":[],"score":242,"play_id":"f02d1a73-845d-4598-945a-81b77868e077","local_time":"20190113214110","is_ascension_mode":true,"campfire_choices":[{"floor":6,"key":"RECALL"},{"floor":11,"key":"REST"},{"data":"Envenom","floor":15,"key":"SMITH"},{"floor":23,"key":"REST"}],"neow_cost":"NONE","seed_source_timestamp":410784374921780,"circlet_count":0,"master_deck":["Defend_G","Defend_G","Defend_G","Defend_G","Defend_G","Strike_G+1","Strike_G+1","Strike_G","Strike_G","Survivor","Neutralize","Catalyst","Sucker Punch","Footwork","Riddle With Holes","Envenom+1","Blade Dance","Finisher","Slice","Tools of the Trade","Poisoned Stab+1","Flying Knee+1","Backflip"],"relics":["Ring of the Snake","NeowsBlessing","Whetstone","Letter Opener","Art of War","Runic Pyramid","PreservedInsect","Omamori"],"potions_floor_usage":[16,24,25],"damage_taken":[{"damage":0,"enemies":"Jaw Worm","floor":1,"turns":1},{"damage":0,"enemies":"Lagavulin","floor":7,"turns":1},{"damage":0,"enemies":"Small Slimes","floor":8,"turns":1},{"damage":46,"enemies":"Gremlin Nob","floor":10,"turns":6},{"damage":28,"enemies":"The Guardian","floor":16,"turns":12},{"damage":16,"enemies":"Spheric Guardian","floor":18,"turns":6},{"damage":10,"enemies":"2 Thieves","floor":20,"turns":4},{"damage":49,"enemies":"Cultist and Chosen","floor":24,"turns":8},{"damage":11,"enemies":"Book of Stabbing","floor":25,"turns":3}],"seed_played":"779362105934177230","potions_obtained":[{"floor":1,"key":"Strength Potion"},{"floor":10,"key":"Fire Potion"},{"floor":20,"key":"Ancient Potion"},{"floor":24,"key":"GamblersBrew"}],"is_trial":false,"path_per_floor":["M","$","?","?","$","R","E","M","T","E","R","$","?","?","R","B",null,"M","?","M","$","?","R","M","E"],"character_chosen":"THE_SILENT","items_purchased":["Sucker Punch","Footwork","Slice","PreservedInsect"],"campfire_rested":2,"item_purchase_floors":[2,2,12,21],"current_hp_per_floor":[70,70,70,70,70,70,70,70,70,24,45,45,62,55,55,27,67,51,39,29,29,29,50,1,0],"gold":47,"neow_bonus":"THREE_ENEMY_KILL","is_prod":false,"is_daily":false,"chose_seed":false,"campfire_upgraded":1,"win_rate":0,"timestamp":1547444470,"path_taken":["M","$","?","?","$","R","E","?","T","E","R","?","?","?","R","BOSS","M","?","M","$","?","R","M","E"],"build_version":"2019-01-10","purchased_purges":0,"victory":false,"max_hp_per_floor":[70,70,70,70,70,70,70,70,70,70,70,70,70,67,67,67,67,67,72,72,72,72,72,72,72],"card_choices":[{"not_picked":["Well Laid Plans","Sucker Punch"],"picked":"Catalyst","floor":1},{"not_picked":["Flying Knee","Quick Slash"],"picked":"Envenom","floor":7},{"not_picked":["PiercingWail","Underhanded Strike"],"picked":"Blade Dance","floor":8},{"not_picked":["Poisoned Stab","Bane"],"picked":"Finisher","floor":10},{"not_picked":["Unload","Malaise"],"picked":"Tools of the Trade","floor":16},{"not_picked":["Dash","Dagger Spray"],"picked":"Poisoned Stab+1","floor":18},{"not_picked":["Bane","Dagger Throw"],"picked":"Flying Knee+1","floor":20},{"not_picked":["Dash","Blade Dance"],"picked":"Backflip","floor":24}],"player_experience":209004,"relics_obtained":[{"floor":7,"key":"Whetstone"},{"floor":9,"key":"Letter Opener"},{"floor":10,"key":"Art of War"},{"floor":22,"key":"Omamori"}],"event_choices":[{"damage_healed":0,"gold_gain":0,"player_choice":"Leave","damage_taken":0,"max_hp_gain":0,"max_hp_loss":0,"event_name":"The Cleric","floor":3,"gold_loss":0},{"damage_healed":0,"gold_gain":0,"cards_transformed":["Strike_G"],"player_choice":"Transformed","damage_taken":0,"max_hp_gain":0,"max_hp_loss":0,"event_name":"Transmorgrifier","floor":4,"gold_loss":0,"cards_obtained":["Riddle With Holes"]},{"damage_healed":17,"gold_gain":0,"player_choice":"Healed and dodged fight","damage_taken":0,"max_hp_gain":0,"max_hp_loss":0,"event_name":"Mushrooms","floor":13,"gold_loss":0,"cards_obtained":["Parasite"]},{"cards_removed":["Parasite"],"damage_healed":0,"gold_gain":0,"player_choice":"Card Removal","damage_taken":7,"max_hp_gain":0,"max_hp_loss":0,"event_name":"Golden Wing","floor":14,"gold_loss":0},{"damage_healed":0,"gold_gain":0,"player_choice":"Shed Blood","damage_taken":17,"max_hp_gain":5,"max_hp_loss":0,"event_name":"Forgotten Altar","floor":19,"gold_loss":0},{"damage_healed":0,"gold_gain":0,"player_choice":"Relic","damage_taken":0,"max_hp_gain":0,"max_hp_loss":0,"event_name":"Wheel of Change","floor":22,"gold_loss":0}],"is_beta":false,"boss_relics":[{"not_picked":["Cursed Key","Philosopher\u0027s Stone"],"picked":"Runic Pyramid"}],"items_purged_floors":[],"is_endless":false,"potions_floor_spawned":[1,10,20,24],"killed_by":"Book of Stabbing","ascension_level":1}