{"gold_per_floor":[11,23,23,40,55,87,87,117,144,172,172,172,172,196,196,319,319,338,388,403,439,439,475,475,501,579,610,179,179,179,202,202,326,326,342,361,377,71,95,95,109,143,143,143,18,37,162,181,181,181],"floor_reached":51,"playtime":4141,"items_purged":["Strike_G","Strike_G","Doubt"],"score":769,"play_id":"7ca8acfe-ac8e-4d8b-ac02-6dc27bb12c06","local_time":"20190130201130","is_ascension_mode":true,"campfire_choices":[{"data":"Adrenaline","floor":7.0,"key":"SMITH"},{"floor":12.0,"key":"REST"},{"floor":15.0,"key":"REST"},{"data":"Tactician","floor":24.0,"key":"SMITH"},{"data":"Venomology","floor":29.0,"key":"SMITH"},{"floor":32.0,"key":"REST"},{"data":"Envenom","floor":40,"key":"SMITH"},{"data":"After Image","floor":44,"key":"SMITH"},{"data":"Prepared","floor":49,"key":"SMITH"}],"neow_cost":"NO_GOLD","seed_source_timestamp":2350562394021336,"circlet_count":0,"master_deck":["Defend_G","Defend_G+1","Defend_G","Defend_G","Defend_G","Survivor","Neutralize","Phantasmal Killer","Escape Plan","Backflip","Choke","Cloak And Dagger","Adrenaline+1","Backstab","Flying Knee","Injury","Leg Sweep","Skewer","Venomology+1","Blade Dance+1","Infinite Blades","Caltrops","Quick Slash","Tactician+1","Burst+1","Adrenaline+1","Underhanded Strike","Reflex","After Image+1","Acrobatics","Underhanded Strike","Prepared+1","Parasite","Envenom+1","Tactician+1","Acrobatics","Noxious Fumes+1","Dagger Throw"],"special_seed":0,"relics":["Ring of the Snake","Mercury Hourglass","Regal Pillow","Strawberry","Dream Catcher","Golden Idol","Runic Pyramid","Red Mask","Bronze Scales","Bag of Preparation","Meat on the Bone","Boot","Sling","Blood Vial","Cursed Key","War Paint","Bird Faced Urn","Thread and Needle","StoneCalendar"],"potions_floor_usage":[33,33,33,36,37,39,41,42,42,47,48,50,50,50,50],"damage_taken":[{"damage":0.0,"enemies":"Cultist","floor":1.0,"turns":4.0},{"damage":0.0,"enemies":"Small Slimes","floor":2.0,"turns":6.0},{"damage":1.0,"enemies":"Jaw Worm","floor":4.0,"turns":5.0},{"damage":8.0,"enemies":"Blue Slaver","floor":5.0,"turns":5.0},{"damage":34.0,"enemies":"3 Sentries","floor":6.0,"turns":10.0},{"damage":10.0,"enemies":"Gremlin Nob","floor":8.0,"turns":3.0},{"damage":22.0,"enemies":"Lagavulin","floor":10.0,"turns":6.0},{"damage":3.0,"enemies":"3 Louse","floor":14.0,"turns":2.0},{"damage":64.0,"enemies":"Hexaghost","floor":16.0,"turns":13.0},{"damage":12.0,"enemies":"Spheric Guardian","floor":18.0,"turns":5.0},{"damage":5.0,"enemies":"Chosen","floor":20.0,"turns":4.0},{"damage":3.0,"enemies":"Masked Bandits","floor":21.0,"turns":5.0},{"damage":23.0,"enemies":"Slavers","floor":23.0,"turns":4.0},{"damage":18.0,"enemies":"Book of Stabbing","floor":27.0,"turns":5.0},{"damage":14.0,"enemies":"Sentry and Sphere","floor":31.0,"turns":5.0},{"damage":68,"enemies":"Collector","floor":33,"turns":10},{"damage":0,"enemies":"3 Shapes","floor":35,"turns":3},{"damage":7,"enemies":"3 Darklings","floor":36,"turns":4},{"damage":4,"enemies":"Spire Growth","floor":37,"turns":3},{"damage":0,"enemies":"Writhing Mass","floor":39,"turns":4},{"damage":14,"enemies":"Maw","floor":41,"turns":6},{"damage":42,"enemies":"Giant Head","floor":42,"turns":8},{"damage":3,"enemies":"Spire Growth","floor":46,"turns":5},{"damage":0,"enemies":"Mind Bloom Boss Battle","floor":47,"turns":7},{"damage":0,"enemies":"Transient","floor":48,"turns":5},{"damage":33,"enemies":"Donu and Deca","floor":50,"turns":9}],"seed_played":"5725261327516316190","potions_obtained":[{"floor":1.0,"key":"FairyPotion"},{"floor":2.0,"key":"Energy Potion"},{"floor":14.0,"key":"Energy Potion"},{"floor":20.0,"key":"GhostInAJar"},{"floor":21.0,"key":"GhostInAJar"},{"floor":33,"key":"GhostInAJar"},{"floor":35,"key":"LiquidBronze"},{"floor":39,"key":"Dexterity Potion"},{"floor":47,"key":"Fire Potion"}],"is_trial":false,"path_per_floor":["M","M","?","M","M","E","R","E","T","E","?","R","?","M","R","B",null,"M","?","M","?","?","E","R","T","T","E","$","R","?","M","R","B",null,"M","M","M","$","M","R","M","E","T","R","$","M","?","M","R","B",null],"character_chosen":"THE_SILENT","items_purchased":["Sling","Blood Vial","War Paint","Prepared"],"campfire_rested":3,"item_purchase_floors":[28,28,38,38],"current_hp_per_floor":[70,70,70,69,61,27,27,17,24,2,2,40,40,37,75,11,77,65,65,60,57,57,34,34,34,34,28,28,28,28,28,66,19,77,77,70,68,68,70,70,58,30,30,30,30,49,59,71,71,67],"gold":181,"neow_bonus":"THREE_RARE_CARDS","is_prod":false,"is_daily":false,"chose_seed":false,"campfire_upgraded":6,"win_rate":0,"timestamp":1548875490,"path_taken":["M","M","?","M","M","E","R","E","T","E","?","R","?","M","R","BOSS","M","?","?","?","?","E","R","?","T","E","$","R","?","M","R","BOSS","M","M","M","$","M","R","?","E","T","R","$","M","?","M","R","BOSS"],"build_version":"2019-01-23","purchased_purges":3,"victory":true,"max_hp_per_floor":[70,70,70,70,70,70,70,70,77,77,77,77,77,77,77,77,77,77,77,77,77,77,77,77,77,77,77,77,77,77,77,77,77,77,77,77,77,77,77,77,77,77,77,77,77,77,77,77,77,77],"card_choices":[{"not_picked":["Burst","Doppelganger"],"picked":"Phantasmal Killer","floor":0.0},{"not_picked":["PiercingWail","Dagger Spray"],"picked":"Escape Plan","floor":1.0},{"not_picked":["Bane","Dodge and Roll"],"picked":"Backflip","floor":2.0},{"not_picked":["Setup","Reflex"],"picked":"Choke","floor":4.0},{"not_picked":["Dodge and Roll","All Out Attack"],"picked":"Cloak And Dagger","floor":5.0},{"not_picked":["Deflect","Prepared"],"picked":"Adrenaline","floor":6.0},{"not_picked":["Dodge and Roll","PiercingWail"],"picked":"Backstab","floor":8.0},{"not_picked":["Backflip","Setup"],"picked":"Flying Knee","floor":10.0},{"not_picked":["Slice","Cloak And Dagger"],"picked":"Leg Sweep","floor":14.0},{"not_picked":["Flying Knee","Underhanded Strike"],"picked":"Skewer","floor":15.0},{"not_picked":["Envenom","Adrenaline"],"picked":"Venomology","floor":16.0},{"not_picked":["Expertise","Endless Agony","Sucker Punch"],"picked":"SKIP","floor":18.0},{"not_picked":["Outmaneuver","Crippling Poison+1"],"picked":"Blade Dance+1","floor":20.0},{"not_picked":["PiercingWail","Dagger Throw"],"picked":"Infinite Blades","floor":21.0},{"not_picked":["Dash","Deadly Poison"],"picked":"Tactician","floor":23.0},{"not_picked":["Cloak And Dagger+1","Underhanded Strike+1"],"picked":"Burst","floor":27.0},{"not_picked":["Riddle With Holes","Deflect"],"picked":"Underhanded Strike","floor":31.0},{"not_picked":["Slice+1","Masterful Stab"],"picked":"Reflex","floor":32.0},{"not_picked":["Night Terror","Phantasmal Killer"],"picked":"After Image","floor":33},{"not_picked":["Choke","Flying Knee+1","Riddle With Holes"],"picked":"SKIP","floor":35},{"not_picked":["Terror+1","Outmaneuver"],"picked":"Acrobatics","floor":36},{"not_picked":["PiercingWail","Quick Slash"],"picked":"Underhanded Strike","floor":37},{"not_picked":["Sucker Punch+1","Well Laid Plans"],"picked":"Envenom","floor":39},{"not_picked":["Caltrops+1","Poisoned Stab"],"picked":"Tactician+1","floor":41},{"not_picked":["Blur","Corpse Explosion","PiercingWail+1"],"picked":"SKIP","floor":42},{"not_picked":["Outmaneuver+1","Deadly Poison+1"],"picked":"Acrobatics","floor":46},{"not_picked":["Catalyst+1","Dagger Throw"],"picked":"Noxious Fumes+1","floor":47},{"not_picked":["Underhanded Strike+1","Poisoned Stab"],"picked":"Dagger Throw","floor":48}],"player_experience":275076,"relics_obtained":[{"floor":6.0,"key":"Mercury Hourglass"},{"floor":8.0,"key":"Regal Pillow"},{"floor":9.0,"key":"Strawberry"},{"floor":10.0,"key":"Dream Catcher"},{"floor":21.0,"key":"Red Mask"},{"floor":23.0,"key":"Bronze Scales"},{"floor":25.0,"key":"Bag of Preparation"},{"floor":26.0,"key":"Meat on the Bone"},{"floor":27.0,"key":"Boot"},{"floor":42,"key":"Bird Faced Urn"},{"floor":43,"key":"Thread and Needle"},{"floor":47,"key":"StoneCalendar"}],"event_choices":[{"damage_healed":0.0,"max_hp_gain":0.0,"max_hp_loss":0.0,"gold_gain":0.0,"event_name":"The Cleric","player_choice":"Leave","floor":3.0,"gold_loss":0.0,"damage_taken":0.0},{"cards_removed":["Strike_G"],"damage_healed":0.0,"max_hp_gain":0.0,"max_hp_loss":0.0,"gold_gain":0.0,"event_name":"Living Wall","player_choice":"Forget","floor":11.0,"gold_loss":0.0,"damage_taken":0.0},{"damage_healed":0.0,"max_hp_gain":0.0,"max_hp_loss":0.0,"gold_gain":0.0,"event_name":"Golden Idol","player_choice":"Take Wound","floor":13.0,"gold_loss":0.0,"damage_taken":0.0,"relics_obtained":["Golden Idol"],"cards_obtained":["Injury"]},{"damage_healed":0.0,"max_hp_gain":0.0,"max_hp_loss":0.0,"gold_gain":100.0,"event_name":"The Joust","player_choice":"Bet on Murderer","floor":19.0,"gold_loss":50.0,"damage_taken":0.0},{"damage_healed":0.0,"max_hp_gain":0.0,"max_hp_loss":0.0,"gold_gain":0.0,"event_name":"Masked Bandits","player_choice":"Fought Bandits","floor":21.0,"gold_loss":0.0,"damage_taken":0.0},{"damage_healed":0.0,"max_hp_gain":0.0,"max_hp_loss":0.0,"gold_gain":0.0,"cards_transformed":["Strike_G","Strike_G"],"event_name":"Drug Dealer","player_choice":"Became Test Subject","floor":22.0,"gold_loss":0.0,"damage_taken":0.0,"cards_obtained":["Caltrops","Quick Slash"]},{"damage_healed":0.0,"max_hp_gain":0.0,"max_hp_loss":0.0,"gold_gain":0.0,"event_name":"Duplicator","player_choice":"Copied","floor":30.0,"gold_loss":0.0,"damage_taken":0.0,"cards_obtained":["Adrenaline"]},{"damage_healed":0,"gold_gain":0,"player_choice":"Fight","damage_taken":0,"max_hp_gain":0,"max_hp_loss":0,"event_name":"MindBloom","floor":47,"gold_loss":0}],"is_beta":false,"boss_relics":[{"not_picked":["Philosopher\u0027s Stone","Black Star"],"picked":"Runic Pyramid"},{"not_picked":["Pandora\u0027s Box","Calling Bell"],"picked":"Cursed Key"}],"items_purged_floors":[28,38,45],"is_endless":false,"potions_floor_spawned":[1,2,14,20,21,33,35,36,39,41,47],"ascension_level":1}