{"gold_per_floor":[109,109,41,61,61,78,109,109,178,211,230,243,259,275,275,375,375,386,403,313,326,64,91,91,117,144,163,91,122,122,132,132,230,280,298,298,298,314,333,333,349,376,376,392,392],"floor_reached":45,"playtime":4568,"items_purged":["Strike_G"],"score":649,"play_id":"72963f46-2a4f-48f3-b7d8-da04d7e0da36","local_time":"20190106161826","is_ascension_mode":true,"campfire_choices":[{"floor":8,"key":"REST"},{"data":"Noxious Fumes","floor":15,"key":"SMITH"},{"data":"Envenom","floor":24,"key":"SMITH"},{"floor":32,"key":"REST"},{"floor":40,"key":"REST"}],"neow_cost":"NONE","seed_source_timestamp":1013401433586262,"circlet_count":0,"master_deck":["Defend_G","Defend_G","Defend_G","Defend_G","Defend_G","Strike_G","Strike_G","Strike_G","Survivor","Neutralize","Adrenaline","Heel Hook","Deep Breath","Caltrops","Noxious Fumes+1","Dagger Throw","Blur+1","Backflip+1","PiercingWail","Dodge and Roll","PiercingWail","Footwork","Envenom+1","PiercingWail","Blade Dance+1","Footwork","Deflect+1","Terror","Blade Dance","Noxious Fumes","Leg Sweep+1","Envenom","Deflect","Madness","Madness","PanicButton","Night Terror","Dagger Spray","Deadly Poison+1","Backstab"],"relics":["Ring of the Snake","Vajra","Ornamental Fan","Thread and Needle","Busted Crown","Oddly Smooth Stone","Gremlin Horn","Dodecahedron","Pen Nib","Unceasing Top","Enchiridion","Tiny House","Bag of Preparation","Omamori"],"potions_floor_usage":[16,25,27,29,33,41,42,45],"damage_taken":[{"damage":9,"enemies":"Cultist","floor":1,"turns":4},{"damage":9,"enemies":"Jaw Worm","floor":4,"turns":4},{"damage":5,"enemies":"2 Louse","floor":6,"turns":3},{"damage":26,"enemies":"Lagavulin","floor":7,"turns":8},{"damage":12,"enemies":"3 Sentries","floor":10,"turns":8},{"damage":1,"enemies":"Lots of Slimes","floor":11,"turns":4},{"damage":0,"enemies":"Red Slaver","floor":12,"turns":5},{"damage":0,"enemies":"Blue Slaver","floor":13,"turns":4},{"damage":0,"enemies":"2 Fungi Beasts","floor":14,"turns":4},{"damage":11,"enemies":"The Guardian","floor":16,"turns":10},{"damage":2,"enemies":"3 Byrds","floor":18,"turns":5},{"damage":0,"enemies":"Chosen","floor":19,"turns":6},{"damage":0,"enemies":"Snake Plant","floor":21,"turns":6},{"damage":0,"enemies":"Book of Stabbing","floor":23,"turns":7},{"damage":17,"enemies":"Gremlin Leader","floor":25,"turns":8},{"damage":0,"enemies":"Shelled Parasite and Fungi","floor":27,"turns":7},{"damage":7,"enemies":"Book of Stabbing","floor":29,"turns":6},{"damage":0,"enemies":"Snecko","floor":31,"turns":5},{"damage":0,"enemies":"Collector","floor":33,"turns":7},{"damage":3,"enemies":"Orb Walker","floor":35,"turns":4},{"damage":11,"enemies":"3 Shapes","floor":38,"turns":4},{"damage":13,"enemies":"Writhing Mass","floor":39,"turns":7},{"damage":20,"enemies":"Sphere and 2 Shapes","floor":41,"turns":9},{"damage":19,"enemies":"Reptomancer","floor":42,"turns":7},{"damage":12,"enemies":"4 Shapes","floor":44,"turns":6},{"damage":15,"enemies":"Nemesis","floor":45,"turns":4}],"seed_played":"-5368653279867776202","potions_obtained":[{"floor":7,"key":"SmokeBomb"},{"floor":10,"key":"Dexterity Potion"},{"floor":11,"key":"GamblersBrew"},{"floor":12,"key":"Explosive Potion"},{"floor":13,"key":"AttackPotion"},{"floor":19,"key":"Regen Potion"},{"floor":25,"key":"Regen Potion"},{"floor":33,"key":"Swift Potion"},{"floor":34,"key":"Ancient Potion"},{"floor":35,"key":"SpeedPotion"},{"floor":44,"key":"AttackPotion"}],"is_trial":false,"path_per_floor":["M","?","$","M","?","M","E","R","T","E","M","M","M","M","R","B",null,"M","M","?","M","$","E","R","E","T","M","$","E","?","M","R","B",null,"M","?","?","M","M","R","M","E","T","M","E"],"character_chosen":"THE_SILENT","items_purchased":["Noxious Fumes","Oddly Smooth Stone","Footwork","Noxious Fumes"],"campfire_rested":3,"item_purchase_floors":[3,22,22,28],"current_hp_per_floor":[61,61,61,52,70,65,39,60,60,48,47,47,47,47,47,36,70,68,68,68,68,68,68,68,51,51,66,66,70,54,54,70,70,75,72,63,63,52,39,61,41,22,22,10,0],"gold":392,"neow_bonus":"ONE_RANDOM_RARE_CARD","is_prod":false,"is_daily":false,"chose_seed":false,"campfire_upgraded":2,"win_rate":0,"timestamp":1546809506,"path_taken":["M","?","$","?","?","M","E","R","T","E","M","?","M","M","R","BOSS","M","?","?","?","$","E","R","E","T","M","?","E","?","M","R","BOSS","M","?","?","M","M","R","?","E","T","M","E"],"build_version":"2019-01-03v4","purchased_purges":1,"victory":false,"max_hp_per_floor":[70,70,70,70,70,70,70,70,70,70,70,70,70,70,70,70,70,70,70,70,70,70,70,70,70,70,70,70,70,70,70,70,70,75,75,75,75,75,75,75,75,75,75,75,75],"card_choices":[{"not_picked":["Acrobatics","Outmaneuver"],"picked":"Heel Hook","floor":1},{"not_picked":["Calculated Gamble","Underhanded Strike"],"picked":"Dagger Throw","floor":4},{"not_picked":["Dagger Throw","Acrobatics"],"picked":"Blur","floor":6},{"not_picked":["Deflect","Grand Finale"],"picked":"Backflip","floor":7},{"not_picked":["Backflip","Outmaneuver"],"picked":"PiercingWail","floor":10},{"not_picked":["Blade Dance","Backflip","Riddle With Holes"],"picked":"SKIP","floor":11},{"not_picked":["Eviscerate","Calculated Gamble"],"picked":"Dodge and Roll","floor":12},{"not_picked":["Deflect","Outmaneuver"],"picked":"PiercingWail","floor":13},{"not_picked":["PiercingWail","Choke"],"picked":"Footwork","floor":14},{"not_picked":["A Thousand Cuts","Tools of the Trade"],"picked":"Envenom","floor":16},{"not_picked":["Predator"],"picked":"SKIP","floor":18},{"not_picked":[],"picked":"PiercingWail","floor":19},{"not_picked":[],"picked":"Blade Dance+1","floor":21},{"not_picked":[],"picked":"Deflect+1","floor":23},{"not_picked":[],"picked":"Terror","floor":25},{"not_picked":[],"picked":"Blade Dance","floor":27},{"not_picked":["Predator"],"picked":"SKIP","floor":29},{"not_picked":[],"picked":"Leg Sweep+1","floor":31},{"not_picked":[],"picked":"Envenom","floor":33},{"not_picked":[],"picked":"Deflect","floor":35},{"not_picked":["Blade Dance"],"picked":"SKIP","floor":38},{"not_picked":[],"picked":"Dagger Spray","floor":39},{"not_picked":["Outmaneuver"],"picked":"SKIP","floor":41},{"not_picked":[],"picked":"Deadly Poison+1","floor":42},{"not_picked":[],"picked":"Backstab","floor":44}],"player_experience":158937,"relics_obtained":[{"floor":7,"key":"Vajra"},{"floor":9,"key":"Ornamental Fan"},{"floor":10,"key":"Thread and Needle"},{"floor":23,"key":"Gremlin Horn"},{"floor":25,"key":"Dodecahedron"},{"floor":26,"key":"Pen Nib"},{"floor":29,"key":"Unceasing Top"},{"floor":30,"key":"Enchiridion"},{"floor":42,"key":"Bag of Preparation"},{"floor":43,"key":"Omamori"}],"event_choices":[{"damage_healed":0,"gold_gain":0,"player_choice":"2 cards matched","damage_taken":0,"max_hp_gain":0,"max_hp_loss":0,"event_name":"Match and Keep!","floor":2,"gold_loss":0,"cards_obtained":["Deep Breath","Caltrops"]},{"damage_healed":18,"gold_gain":0,"player_choice":"Full Heal","damage_taken":0,"max_hp_gain":0,"max_hp_loss":0,"event_name":"Wheel of Change","floor":5,"gold_loss":0},{"cards_removed":["Strike_G"],"damage_healed":0,"gold_gain":0,"player_choice":"Upgrade and Remove","damage_taken":0,"max_hp_gain":0,"max_hp_loss":0,"event_name":"Designer","floor":20,"gold_loss":90,"cards_upgraded":["Blur"]},{"damage_healed":0,"gold_gain":0,"player_choice":"Obtained Book","damage_taken":16,"max_hp_gain":0,"max_hp_loss":0,"event_name":"Cursed Tome","floor":30,"gold_loss":0},{"damage_healed":0,"gold_gain":0,"player_choice":"Embrace Madness","damage_taken":9,"max_hp_gain":0,"max_hp_loss":0,"event_name":"Winding Halls","floor":36,"gold_loss":0,"cards_obtained":["Madness","Madness"]},{"damage_healed":0,"gold_gain":0,"player_choice":"2 cards matched","damage_taken":0,"max_hp_gain":0,"max_hp_loss":0,"event_name":"Match and Keep!","floor":37,"gold_loss":0,"cards_obtained":["PanicButton","Night Terror"]}],"is_beta":false,"boss_relics":[{"not_picked":["WristBlade","Ectoplasm"],"picked":"Busted Crown"},{"not_picked":["Pandora\u0027s Box","Snecko Eye"],"picked":"Tiny House"}],"items_purged_floors":[22],"is_endless":false,"potions_floor_spawned":[7,10,11,12,13,19,25,33,35,44],"killed_by":"Nemesis","ascension_level":1}