{"path_per_floor":["M","$","M","?","?","E","M","R","T","M","T","M","R","E","R","B",null,"M","?","$","M","?","E","M","R","T","$","E","R","M","M","R","B",null,"M","T","?","M","$","E","R","E","T","M","R","M","M","M","R","B"],"character_chosen":"THE_SILENT","items_purchased":["Meat on the Bone","Cloak And Dagger","Adrenaline","Choke"],"gold_per_floor":[116,41,57,57,132,167,187,187,187,206,279,297,297,325,325,425,425,443,443,59,69,69,99,111,111,111,30,55,55,68,87,87,182,182,201,201,246,265,104,135,135,166,211,226,226,241,253,273,273,273],"floor_reached":51,"campfire_rested":1,"playtime":4912,"current_hp_per_floor":[68,68,68,68,57,36,36,36,36,35,35,35,35,29,29,7,70,66,50,50,50,50,43,45,45,45,45,45,45,47,45,45,36,70,64,64,61,63,63,44,44,21,21,27,27,38,20,17,38,15],"items_purged":["Strike_G","Defend_G","Defend_G"],"gold":273,"score":807,"play_id":"c55f52ba-81e6-491b-9aed-1ee23f448b9f","local_time":"20180414150651","is_prod":false,"is_daily":false,"chose_seed":false,"is_ascension_mode":false,"campfire_upgraded":3,"timestamp":1523686011,"path_taken":["M","$","M","?","?","E","M","R","T","?","?","M","R","E","R","BOSS","M","?","$","M","?","E","M","R","T","?","E","R","M","M","R","BOSS","M","?","?","M","$","E","R","E","T","M","R","M","M","M","R","BOSS"],"build_version":"2018-04-12","seed_source_timestamp":278024403429040,"purchased_purges":3,"victory":true,"master_deck":["Defend_G","Defend_G","Defend_G","Survivor","Neutralize","Dagger Spray+1","Eviscerate+1","Choke+1","Cloak And Dagger+1","Blade Dance+1","Escape Plan","Infinite Blades","Finisher","Cloak And Dagger+1","Flying Knee","Tactician","Deflect+1","Cloak And Dagger","Well Laid Plans+1","Dodge and Roll+1","Deflect+1","Adrenaline","Die Die Die","Distraction+1","After Image","Cloak And Dagger","Prepared+1","Accuracy","Infinite Blades","Choke","Infinite Blades","Noxious Fumes+1","Finisher","Noxious Fumes+1","Distraction+1","Calculated Gamble+1"],"max_hp_per_floor":[70,70,70,70,70,70,70,70,70,70,70,70,70,70,70,70,70,70,70,70,70,70,70,70,70,70,70,70,70,70,70,70,70,70,70,70,70,70,70,70,70,70,70,70,70,70,70,70,70,70],"relics":["Astrolabe","Calipers","Tough Bandages","Darkstone Periapt","Gremlin Horn","Black Star","Enchiridion","Meat on the Bone","Shovel","Sundial","Bottled Tornado","Girya","Prayer Wheel","Blood Vial","Bottled Flame","Pantograph","Philosopher\u0027s Stone","Torii","Gambling Chip","Smiling Mask","Toxic Egg 2","Orichalcum","Lantern","Omamori","Oddly Smooth Stone","Juzu Bracelet"],"card_choices":[{"not_picked":["PiercingWail","Deflect"],"picked":"Cloak And Dagger","floor":1},{"not_picked":["Sucker Punch","Quick Slash"],"picked":"Blade Dance","floor":3},{"not_picked":["Acrobatics","Poisoned Stab"],"picked":"Escape Plan","floor":6},{"not_picked":["Crippling Poison","Finisher"],"picked":"Infinite Blades","floor":7},{"not_picked":["Terror","Skewer"],"picked":"Finisher","floor":10},{"not_picked":["Backstab","Heel Hook"],"picked":"Cloak And Dagger","floor":12},{"not_picked":["Dagger Spray","Underhanded Strike"],"picked":"Flying Knee","floor":14},{"not_picked":["Glass Knife","Die Die Die"],"picked":"Tactician","floor":16},{"not_picked":["PiercingWail","Dash"],"picked":"Deflect","floor":18},{"not_picked":["Quick Slash","Expertise"],"picked":"Well Laid Plans","floor":21},{"not_picked":["Eviscerate","Poisoned Stab"],"picked":"Dodge and Roll","floor":23},{"not_picked":["PiercingWail","Masterful Stab"],"picked":"Deflect","floor":24},{"not_picked":["Flying Knee","Deadly Poison"],"picked":"Die Die Die","floor":28},{"not_picked":["Well Laid Plans","Dagger Spray"],"picked":"Distraction","floor":31},{"not_picked":["Phantasmal Killer","Doppelganger"],"picked":"After Image","floor":33},{"not_picked":["Crippling Poison","Bane"],"picked":"Cloak And Dagger","floor":35},{"not_picked":["Sucker Punch","Caltrops"],"picked":"Prepared","floor":36},{"not_picked":["Dagger Spray","Quick Slash"],"picked":"Accuracy","floor":37},{"not_picked":["Terror","Venomology"],"picked":"Infinite Blades","floor":38},{"not_picked":["Dodge and Roll","PiercingWail"],"picked":"Infinite Blades","floor":40},{"not_picked":["PiercingWail","Slice"],"picked":"Noxious Fumes","floor":43},{"not_picked":["Riddle With Holes","Skewer"],"picked":"Finisher","floor":44},{"not_picked":["Heel Hook","Blur"],"picked":"Noxious Fumes","floor":46},{"not_picked":["Bane","Night Terror"],"picked":"Distraction","floor":47},{"not_picked":["Flechettes","Flying Knee"],"picked":"Calculated Gamble","floor":48}],"player_experience":45608,"potions_floor_usage":[16,16,16,21,33,33,33,33,37,42,42,46,47,50,50],"damage_taken":[{"damage":2,"enemies":"Small Slimes","floor":1,"turns":4},{"damage":0,"enemies":"2 Louse","floor":3,"turns":2},{"damage":21,"enemies":"Gremlin Nob","floor":6,"turns":4},{"damage":0,"enemies":"Cultist","floor":7,"turns":2},{"damage":1,"enemies":"3 Louse","floor":10,"turns":2},{"damage":0,"enemies":"Large Slime","floor":12,"turns":3},{"damage":6,"enemies":"Lagavulin","floor":14,"turns":5},{"damage":22,"enemies":"The Guardian","floor":16,"turns":10},{"damage":4,"enemies":"Shell Parasite","floor":18,"turns":5},{"damage":0,"enemies":"Chosen","floor":21,"turns":4},{"damage":7,"enemies":"Slavers","floor":23,"turns":7},{"damage":10,"enemies":"3 Cultists","floor":24,"turns":6},{"damage":12,"enemies":"Book of Stabbing","floor":28,"turns":6},{"damage":0,"enemies":"Chosen and Byrds","floor":30,"turns":4},{"damage":4,"enemies":"Centurion and Healer","floor":31,"turns":6},{"damage":46,"enemies":"Collector","floor":33,"turns":11},{"damage":6,"enemies":"3 Darklings","floor":35,"turns":4},{"damage":5,"enemies":"ê_îÈÇÃãÖëÃ","floor":37,"turns":4},{"damage":0,"enemies":"Orb Walker","floor":38,"turns":2},{"damage":21,"enemies":"2 Orb Walkers","floor":40,"turns":6},{"damage":37,"enemies":"Nemesis","floor":42,"turns":5},{"damage":8,"enemies":"Maw","floor":44,"turns":7},{"damage":3,"enemies":"4 Shapes","floor":46,"turns":3},{"damage":32,"enemies":"3 Darklings","floor":47,"turns":3},{"damage":17,"enemies":"Maw","floor":48,"turns":6},{"damage":62,"enemies":"Time Eater","floor":50,"turns":10}],"event_choices":[{"event_name":"Living Wall","player_choice":"Forget","floor":4,"damage_taken":0},{"event_name":"World of Goop","player_choice":"Gather Gold","floor":5,"damage_taken":0},{"event_name":"Cursed Tome","player_choice":"Obtained Book","floor":19,"damage_taken":0},{"event_name":"Vampires","player_choice":"Ignored","floor":22,"damage_taken":0},{"event_name":"Mysterious Sphere","player_choice":"Fight","floor":37,"damage_taken":0}],"boss_relics":[{"not_picked":["Runic Dome","Velvet Choker"],"picked":"Black Star"},{"not_picked":["Tiny House","Snecko Eye"],"picked":"Philosopher\u0027s Stone"}],"potions_floor_spawned":[1,10,14,16,24,28,31,33,37,40,42,46,48],"seed_played":"6487141478226842583","ascension_level":0,"is_trial":false}