{"gold_per_floor":[214,58,71,91,105,135,135,145,145,158,158,174,174,203,203,308,308,325,325,325,325,67,67,95,106,133,133,152,164,184,210,210,311,311,326,326,106,125,140,140,155,155,155,155,167,183,183,194,194,194],"floor_reached":50,"playtime":4486,"items_purged":["Defend_B"],"score":573,"play_id":"866527b1-5b44-4b0e-a413-5326acf05ec3","local_time":"20181009195943","is_ascension_mode":true,"campfire_choices":[{"floor":7,"key":"REST"},{"data":"Coolheaded","floor":13,"key":"SMITH"},{"data":"Conserve Battery","floor":15,"key":"SMITH"},{"floor":23,"key":"REST"},{"floor":27,"key":"REST"},{"floor":32,"key":"REST"},{"floor":40,"key":"REST"},{"floor":42,"key":"REST"},{"floor":47,"key":"REST"},{"data":"White Noise","floor":49,"key":"SMITH"}],"neow_cost":"NONE","seed_source_timestamp":0,"circlet_count":0,"master_deck":["Strike_B","Strike_B","Strike_B+1","Defend_B","Defend_B","Defend_B","Zap","Dualcast","Sweeping Beam+1","Sweeping Beam","Gash","Auto Shields","Coolheaded+1","Steam Power","Ball Lightning","Conserve Battery+1","Meteor Strike","Rainbow","Go for the Eyes","Sunder","Static Discharge+1","FTL+1","White Noise+1","Stack+1","Gash+1","Cold Snap","Thunder Strike","Beam Cell","Scrape+1","Double Energy+1","Go for the Eyes+1","White Noise"],"special_seed":0,"relics":["Cracked Core","Vajra","Potion Belt","Centennial Puzzle","Bronze Scales","Frozen Egg 2","Sozu","Nilry\u0027s Codex","Shuriken","Whetstone","DataDisk","Strawberry","Inserter","PreservedInsect","Bag of Marbles"],"potions_floor_usage":[8,10,25],"damage_taken":[{"damage":1.0,"enemies":"Cultist","floor":1.0,"turns":3.0},{"damage":7.0,"enemies":"Small Slimes","floor":3.0,"turns":3.0},{"damage":0.0,"enemies":"2 Louse","floor":4.0,"turns":2.0},{"damage":12.0,"enemies":"Exordium Wildlife","floor":5.0,"turns":3.0},{"damage":9.0,"enemies":"3 Sentries","floor":6.0,"turns":8.0},{"damage":0,"enemies":"2 Fungi Beasts","floor":8,"turns":4},{"damage":5,"enemies":"Blue Slaver","floor":10,"turns":3},{"damage":1,"enemies":"Looter","floor":12,"turns":2},{"damage":6,"enemies":"Gremlin Nob","floor":14,"turns":3},{"damage":43,"enemies":"Hexaghost","floor":16,"turns":9},{"damage":3,"enemies":"Shell Parasite","floor":18,"turns":5},{"damage":26,"enemies":"Book of Stabbing","floor":24,"turns":5},{"damage":4,"enemies":"2 Thieves","floor":25,"turns":2},{"damage":4,"enemies":"Centurion and Healer","floor":28,"turns":4},{"damage":23,"enemies":"Shelled Parasite and Fungi","floor":29,"turns":4},{"damage":17,"enemies":"Snecko","floor":30,"turns":5},{"damage":2,"enemies":"Gremlin Leader","floor":31,"turns":5},{"damage":19,"enemies":"Champ","floor":33,"turns":7},{"damage":20,"enemies":"3 Darklings","floor":35,"turns":5},{"damage":47,"enemies":"3 Shapes","floor":38,"turns":3},{"damage":10,"enemies":"3 Darklings","floor":39,"turns":4},{"damage":18,"enemies":"Reptomancer","floor":41,"turns":4},{"damage":7,"enemies":"Transient","floor":45,"turns":5},{"damage":20,"enemies":"4 Shapes","floor":46,"turns":4},{"damage":4,"enemies":"Reptomancer","floor":48,"turns":4},{"damage":72,"enemies":"Awakened One","floor":50,"turns":5}],"seed_played":"1921950962236246019","potions_obtained":[{"floor":4.0,"key":"FearPotion"},{"floor":5.0,"key":"Dexterity Potion"},{"floor":6.0,"key":"EssenceOfSteel"},{"floor":8,"key":"FearPotion"},{"floor":16,"key":"Weak Potion"}],"is_trial":false,"path_per_floor":["M","$","M","M","M","E","R","M","T","M","?","M","R","E","R","B",null,"M","?","?","?","$","R","E","M","T","R","M","M","M","E","R","B",null,"M","?","$","M","M","R","M","R","T","?","M","M","R","M","R"],"character_chosen":"DEFECT","items_purchased":["Vajra","Shuriken","PreservedInsect"],"campfire_rested":7,"item_purchase_floors":[2,22,37],"current_hp_per_floor":[74,74,67,67,55,46,68,68,68,63,63,62,62,56,56,13,75,72,72,65,49,49,71,45,41,41,63,59,36,19,24,48,29,82,62,62,62,15,5,29,11,35,35,72,65,45,66,62,62,0],"gold":194,"neow_bonus":"HUNDRED_GOLD","is_prod":false,"is_daily":false,"chose_seed":false,"campfire_upgraded":3,"win_rate":0,"timestamp":1539129583,"path_taken":["M","$","?","M","M","E","R","?","T","M","?","?","R","E","R","BOSS","M","?","?","?","$","R","E","M","T","R","?","M","M","E","R","BOSS","M","?","$","M","M","R","M","R","T","?","M","M","R","?","R","BOSS"],"build_version":"2018-10-04v2","purchased_purges":1,"victory":false,"max_hp_per_floor":[75,75,75,75,75,75,75,75,75,75,75,75,75,75,75,75,75,75,75,75,75,75,75,75,75,75,75,75,75,75,82,82,82,82,82,82,82,82,82,82,82,82,82,72,72,72,72,72,72,72],"card_choices":[{"not_picked":["Compile Driver","Barrage"],"picked":"Sweeping Beam","floor":1.0},{"not_picked":["Rebound","Echo Form"],"picked":"Sweeping Beam","floor":3.0},{"not_picked":["Steam Power","Redo"],"picked":"Gash","floor":4.0},{"not_picked":["Fusion","Ball Lightning"],"picked":"Auto Shields","floor":5.0},{"not_picked":["Echo Form","Tempest"],"picked":"Coolheaded","floor":6.0},{"not_picked":["Reinforced Body","Leap"],"picked":"Steam Power","floor":8},{"not_picked":["Darkness","Streamline"],"picked":"Ball Lightning","floor":10},{"not_picked":["Reboot","Rip and Tear"],"picked":"Conserve Battery","floor":12},{"not_picked":["Fusion","Steam"],"picked":"Meteor Strike","floor":14},{"not_picked":["Amplify","All For One"],"picked":"Rainbow","floor":16},{"not_picked":["Stack","Sweeping Beam"],"picked":"Go for the Eyes","floor":18},{"not_picked":["Streamline","Chaos+1"],"picked":"Static Discharge+1","floor":24},{"not_picked":["Glacier+1","Coolheaded"],"picked":"FTL+1","floor":25},{"not_picked":["FTL","Beam Cell"],"picked":"White Noise","floor":28},{"not_picked":["Rebound","Chaos"],"picked":"Stack+1","floor":29},{"not_picked":["Scrape+1","Tempest"],"picked":"Gash+1","floor":30},{"not_picked":["Undo","Steam"],"picked":"Cold Snap","floor":31},{"not_picked":["Amplify","Seek"],"picked":"Thunder Strike","floor":33},{"not_picked":["Stack","Gash"],"picked":"Beam Cell","floor":35},{"not_picked":["Go for the Eyes","Leap"],"picked":"Scrape+1","floor":38},{"not_picked":["Fusion","Cold Snap"],"picked":"Double Energy+1","floor":39},{"not_picked":["Rebound+1","Melter"],"picked":"Go for the Eyes+1","floor":41},{"not_picked":["Heatsinks+1","Coolheaded+1"],"picked":"White Noise","floor":45},{"not_picked":["Rebound","Sweeping Beam+1","Conserve Battery+1"],"picked":"SKIP","floor":46},{"not_picked":["Skim","Redo","Chill"],"picked":"SKIP","floor":48}],"player_experience":213283,"relics_obtained":[{"floor":6.0,"key":"Potion Belt"},{"floor":9,"key":"Centennial Puzzle"},{"floor":14,"key":"Frozen Egg 2"},{"floor":21,"key":"Nilry\u0027s Codex"},{"floor":24,"key":"Whetstone"},{"floor":26,"key":"DataDisk"},{"floor":31,"key":"Strawberry"},{"floor":43,"key":"Bag of Marbles"}],"event_choices":[{"event_name":"WeMeetAgain","player_choice":"Potion","floor":11,"damage_taken":0},{"event_name":"The Library","player_choice":"Read","floor":19,"damage_taken":0},{"event_name":"Wheel of Change","player_choice":"Damage","floor":20,"damage_taken":0},{"event_name":"Cursed Tome","player_choice":"Obtained Book","floor":21,"damage_taken":0},{"event_name":"Falling","player_choice":"Removed Attack","floor":36,"damage_taken":0},{"event_name":"The Moai Head","player_choice":"Heal","floor":44,"damage_taken":0}],"is_beta":false,"boss_relics":[{"not_picked":["Philosopher\u0027s Stone","Empty Cage"],"picked":"Sozu"},{"not_picked":["Pandora\u0027s Box","Velvet Choker"],"picked":"Inserter"}],"items_purged_floors":[37],"is_endless":false,"potions_floor_spawned":[4,5,6,8,16,18,24,25,29,33,39,41,46,48],"killed_by":"Awakened One","ascension_level":3}