{"gold_per_floor":[119,119,30,30,43,70,42,42,42,42,69,79,79,44,44,122,122,133,147,72,72],"floor_reached":21,"playtime":501,"items_purged":[],"score":378,"play_id":"164c449e-73b3-4f6a-9d68-9ad874d41c28","local_time":"20181231141701","is_ascension_mode":true,"campfire_choices":[{"data":"Zap","floor":8.0,"key":"SMITH"},{"floor":10.0,"key":"RECALL"},{"data":"Go for the Eyes","floor":15.0,"key":"SMITH"}],"neow_cost":"NONE","seed_source_timestamp":0,"circlet_count":0,"master_deck":["AscendersBane","Strike_B","Strike_B","Strike_B","Defend_B","Defend_B","Defend_B","Defend_B","Zap+1","Dualcast","Gash","FTL","Cold Snap","Turbo","Ball Lightning","All For One","Go for the Eyes+1","Echo Form","Sweeping Beam","Undo"],"special_seed":0,"relics":["Cracked Core","NeowsBlessing","Ornamental Fan","Sundial","Philosopher\u0027s Stone"],"potions_floor_usage":[21],"damage_taken":[{"damage":0.0,"enemies":"Small Slimes","floor":1.0,"turns":1.0},{"damage":0.0,"enemies":"2 Louse","floor":5.0,"turns":1.0},{"damage":0.0,"enemies":"Gremlin Nob","floor":6.0,"turns":1.0},{"damage":26.0,"enemies":"3 Sentries","floor":11.0,"turns":8.0},{"damage":0.0,"enemies":"Cultist","floor":12.0,"turns":3.0},{"damage":31.0,"enemies":"Hexaghost","floor":16.0,"turns":9.0},{"damage":32.0,"enemies":"Shell Parasite","floor":18.0,"turns":4.0},{"damage":14,"enemies":"Chosen","floor":19,"turns":3},{"damage":12,"enemies":"Snake Plant","floor":21,"turns":3}],"seed_played":"4600361520325585830","potions_obtained":[{"floor":1.0,"key":"SneckoOil"},{"floor":4.0,"key":"SteroidPotion"},{"floor":16.0,"key":"FocusPotion"},{"floor":19,"key":"AttackPotion"}],"is_trial":false,"path_per_floor":["M","?","$","?","M","E","$","R","T","R","E","M","$","?","R","B",null,"M","M","?","M"],"character_chosen":"DEFECT","items_purchased":["FTL","Ball Lightning"],"campfire_rested":0,"item_purchase_floors":[3,7],"current_hp_per_floor":[64,69,69,69,69,69,69,69,69,69,43,43,43,62,62,31,65,33,19,19,7],"gold":72,"neow_bonus":"THREE_ENEMY_KILL","is_prod":false,"is_daily":false,"chose_seed":false,"campfire_upgraded":2,"win_rate":0,"timestamp":1546283821,"path_taken":["M","?","$","?","M","E","$","R","T","R","E","?","$","?","R","BOSS","M","M","?","M"],"build_version":"2018-12-20","purchased_purges":0,"victory":false,"max_hp_per_floor":[71,76,76,76,76,76,76,76,76,76,76,76,76,76,76,76,76,76,76,76,76],"card_choices":[{"not_picked":["Undo","Cold Snap"],"picked":"Gash","floor":1.0},{"not_picked":["Stack","Streamline"],"picked":"Cold Snap","floor":5.0},{"not_picked":["Static Discharge","Redo"],"picked":"Turbo","floor":6.0},{"not_picked":["FTL","Hologram"],"picked":"All For One","floor":11.0},{"not_picked":["Chaos","Darkness"],"picked":"Go for the Eyes","floor":12.0},{"not_picked":["Multi-Cast","Biased Cognition"],"picked":"Echo Form","floor":16.0},{"not_picked":["Compile Driver","Consume"],"picked":"Sweeping Beam","floor":18.0},{"not_picked":["Aggregate","Streamline"],"picked":"Undo","floor":19}],"player_experience":460648,"relics_obtained":[{"floor":6.0,"key":"Ornamental Fan"},{"floor":11.0,"key":"Sundial"}],"event_choices":[{"damage_healed":0.0,"max_hp_gain":5.0,"max_hp_loss":0.0,"gold_gain":0.0,"event_name":"Big Fish","player_choice":"Donut","floor":2.0,"gold_loss":0.0,"damage_taken":0.0},{"damage_healed":0.0,"max_hp_gain":0.0,"max_hp_loss":0.0,"gold_gain":0.0,"event_name":"Lab","player_choice":"Got Potions","floor":4.0,"gold_loss":0.0,"damage_taken":0.0},{"damage_healed":19.0,"max_hp_gain":0.0,"max_hp_loss":0.0,"gold_gain":0.0,"event_name":"The Cleric","player_choice":"Healed","floor":14.0,"gold_loss":35.0,"damage_taken":0.0},{"cards_removed":["Strike_B"],"damage_healed":0,"gold_gain":0,"player_choice":"Gave Gold","damage_taken":0,"max_hp_gain":0,"max_hp_loss":0,"event_name":"Beggar","floor":20,"gold_loss":75}],"is_beta":false,"boss_relics":[{"not_picked":["Snecko Eye","Orrery"],"picked":"Philosopher\u0027s Stone"}],"items_purged_floors":[],"is_endless":false,"potions_floor_spawned":[1,12,16,19],"killed_by":"Snake Plant","ascension_level":16}