{"gold_per_floor":[117,117,133,145,159,184,184,259,259,54,70,83,98,114,114,209,209,192,209,16,31,44,44,64,64,64,78,78,89,105,125,125,225,225,244,154,65,84,104,104,119,119,119,20,20,39,52,0,0,0],"floor_reached":50,"playtime":2934,"items_purged":["Clumsy","Defend_R","Strike_R","Strike_R"],"score":481,"play_id":"58c6d0aa-177f-4dcf-a612-2ecd0cf0f1df","local_time":"20190202152038","is_ascension_mode":false,"campfire_choices":[{"data":"Bludgeon","floor":7.0,"key":"SMITH"},{"data":"Armaments","floor":15,"key":"SMITH"},{"data":"Immolate","floor":23,"key":"SMITH"},{"data":"Infernal Blade","floor":25,"key":"SMITH"},{"data":"Infernal Blade","floor":28,"key":"SMITH"},{"data":"Searing Blow+1","floor":32,"key":"SMITH"},{"data":"Shrug It Off","floor":40,"key":"SMITH"},{"data":"Shrug It Off","floor":42,"key":"SMITH"},{"data":"Demon Form","floor":49,"key":"SMITH"}],"neow_cost":"CURSE","seed_source_timestamp":0,"circlet_count":0,"master_deck":["Strike_R","Strike_R+1","Defend_R+1","Defend_R","Bash","Bludgeon+1","Shrug It Off","Anger","Clothesline","Armaments+1","Shockwave","Shrug It Off","Ghostly Armor","Shrug It Off+1","Infernal Blade+1","Immolate+1","Dropkick","Infernal Blade+1","Headbutt+1","Shockwave+1","Pommel Strike+1","Demon Form+1","Searing Blow+2","Impervious","Pommel Strike+1","Rage","Shrug It Off+1","Body Slam+1"],"special_seed":0,"relics":["Burning Blood","Smiling Mask","Pear","PreservedInsect","Philosopher\u0027s Stone","Omamori","Molten Egg 2","Coffee Dripper","Gambling Chip","Red Mask"],"potions_floor_usage":[18,21,22,31,33,33,39,50],"damage_taken":[{"damage":6.0,"enemies":"Jaw Worm","floor":1.0,"turns":3.0},{"damage":12.0,"enemies":"Small Slimes","floor":3.0,"turns":5.0},{"damage":0.0,"enemies":"Cultist","floor":4.0,"turns":2.0},{"damage":0.0,"enemies":"Blue Slaver","floor":5.0,"turns":4.0},{"damage":4.0,"enemies":"Lagavulin","floor":6.0,"turns":6.0},{"damage":17.0,"enemies":"Exordium Thugs","floor":11.0,"turns":5.0},{"damage":0,"enemies":"Large Slime","floor":12,"turns":5},{"damage":10,"enemies":"2 Fungi Beasts","floor":13,"turns":3},{"damage":6,"enemies":"3 Louse","floor":14,"turns":4},{"damage":41,"enemies":"Slime Boss","floor":16,"turns":14},{"damage":0,"enemies":"2 Thieves","floor":18,"turns":4},{"damage":10,"enemies":"3 Byrds","floor":19,"turns":4},{"damage":8,"enemies":"Snake Plant","floor":21,"turns":4},{"damage":17,"enemies":"Chosen and Byrds","floor":22,"turns":6},{"damage":8,"enemies":"Cultist and Chosen","floor":24,"turns":5},{"damage":14,"enemies":"3 Cultists","floor":27,"turns":4},{"damage":8,"enemies":"Chosen and Byrds","floor":29,"turns":6},{"damage":1,"enemies":"Centurion and Healer","floor":30,"turns":4},{"damage":5,"enemies":"Snake Plant","floor":31,"turns":3},{"damage":44,"enemies":"Automaton","floor":33,"turns":12},{"damage":26,"enemies":"3 Shapes","floor":35,"turns":4},{"damage":2,"enemies":"Orb Walker","floor":38,"turns":3},{"damage":7,"enemies":"Transient","floor":39,"turns":5},{"damage":12,"enemies":"Writhing Mass","floor":41,"turns":3},{"damage":26,"enemies":"Sphere and 2 Shapes","floor":46,"turns":4},{"damage":0,"enemies":"Jaw Worm Horde","floor":47,"turns":5},{"damage":71,"enemies":"Awakened One","floor":50,"turns":10}],"seed_played":"4715203758319747282","potions_obtained":[{"floor":4.0,"key":"FairyPotion"},{"floor":5.0,"key":"SkillPotion"},{"floor":12,"key":"SpeedPotion"},{"floor":19,"key":"PowerPotion"},{"floor":21,"key":"AttackPotion"},{"floor":24,"key":"BloodPotion"},{"floor":27,"key":"BloodPotion"},{"floor":31,"key":"Weak Potion"},{"floor":38,"key":"EssenceOfSteel"},{"floor":47,"key":"Poison Potion"}],"is_trial":false,"path_per_floor":["M","?","M","M","M","E","R","?","T","$","M","M","M","M","R","B",null,"M","M","$","M","M","R","M","R","T","M","R","M","M","M","R","B",null,"M","?","$","M","M","R","M","R","T","$","?","M","M","?","R","B"],"character_chosen":"IRONCLAD","items_purchased":["PreservedInsect","Omamori","Rage","Fire Potion"],"campfire_rested":0,"item_purchase_floors":[10,20,37,44],"current_hp_per_floor":[80,64,58,64,70,72,72,61,71,71,60,66,62,62,62,27,90,90,86,86,84,73,73,71,71,71,63,63,61,66,76,76,38,90,70,70,70,74,73,73,67,67,67,67,67,47,53,53,53,0],"gold":0,"neow_bonus":"THREE_RARE_CARDS","is_prod":false,"is_daily":false,"chose_seed":false,"campfire_upgraded":9,"win_rate":0.0,"timestamp":1549156838,"path_taken":["M","?","M","M","M","E","R","?","T","?","?","M","M","M","R","BOSS","M","M","$","M","?","R","M","R","T","M","R","M","M","M","R","BOSS","M","?","$","M","M","R","?","R","T","$","?","M","M","?","R","BOSS"],"build_version":"2019-01-23","purchased_purges":4,"victory":false,"max_hp_per_floor":[80,80,80,80,80,80,80,80,90,90,90,90,90,90,90,90,90,90,90,90,90,90,90,90,90,90,90,90,90,90,90,90,90,90,90,90,90,90,90,90,90,90,90,90,90,90,90,90,90,90],"card_choices":[{"not_picked":["Double Tap","Offering"],"picked":"Bludgeon","floor":0.0},{"not_picked":["Warcry","Anger"],"picked":"Shrug It Off","floor":1.0},{"not_picked":["Body Slam","Wild Strike"],"picked":"Anger","floor":3.0},{"not_picked":["Blood for Blood","True Grit"],"picked":"Clothesline","floor":4.0},{"not_picked":["Shrug It Off","Wild Strike"],"picked":"Armaments","floor":5.0},{"not_picked":["Warcry","Armaments"],"picked":"Shockwave","floor":6.0},{"not_picked":["Pummel","Clothesline"],"picked":"Shrug It Off","floor":11},{"not_picked":["Sword Boomerang","Warcry"],"picked":"Ghostly Armor","floor":12},{"not_picked":["Reaper","Flex"],"picked":"Shrug It Off","floor":13},{"not_picked":["Headbutt","Ghostly Armor"],"picked":"Infernal Blade","floor":14},{"not_picked":["Limit Break","Double Tap"],"picked":"Immolate","floor":16},{"not_picked":["Rampage","Clothesline"],"picked":"Dropkick","floor":18},{"not_picked":["True Grit","Iron Wave"],"picked":"Infernal Blade","floor":19},{"not_picked":["Sever Soul","Thunderclap"],"picked":"Headbutt+1","floor":21},{"not_picked":["Body Slam","Uppercut"],"picked":"Shockwave+1","floor":22},{"not_picked":["Sentinel","Power Through","Headbutt"],"picked":"SKIP","floor":24},{"not_picked":["Havoc","Bloodletting","Clash+1"],"picked":"SKIP","floor":27},{"not_picked":["Flex","Warcry"],"picked":"Pommel Strike+1","floor":29},{"not_picked":["Rage","Second Wind"],"picked":"Demon Form","floor":30},{"not_picked":["Blood for Blood+1","Havoc"],"picked":"Searing Blow+1","floor":31},{"not_picked":["Feed+1","Barricade"],"picked":"Impervious","floor":33},{"not_picked":["Shockwave+1","True Grit"],"picked":"Pommel Strike+1","floor":35},{"not_picked":["Pommel Strike+1","Dual Wield+1","Shockwave"],"picked":"SKIP","floor":38},{"not_picked":["Twin Strike+1","Berserk"],"picked":"Shrug It Off","floor":39},{"not_picked":["Sword Boomerang+1","Warcry","Pommel Strike+1"],"picked":"SKIP","floor":41},{"not_picked":["Perfected Strike+1","Armaments+1"],"picked":"Body Slam+1","floor":46},{"not_picked":["Rupture+1","Havoc+1","Clash+1"],"picked":"SKIP","floor":47}],"player_experience":60535,"relics_obtained":[{"floor":6.0,"key":"Smiling Mask"},{"floor":9.0,"key":"Pear"},{"floor":26,"key":"Molten Egg 2"},{"floor":43,"key":"Gambling Chip"}],"event_choices":[{"damage_healed":0.0,"max_hp_gain":0.0,"max_hp_loss":0.0,"gold_gain":0.0,"event_name":"Shining Light","player_choice":"Entered Light","floor":2.0,"gold_loss":0.0,"damage_taken":16.0,"cards_upgraded":["Defend_R","Defend_R"]},{"damage_healed":0.0,"max_hp_gain":0.0,"max_hp_loss":0.0,"gold_gain":75.0,"event_name":"World of Goop","player_choice":"Gather Gold","floor":8.0,"gold_loss":0.0,"damage_taken":11.0},{"cards_removed":["Strike_R"],"damage_healed":0,"gold_gain":0,"player_choice":"Upgrade and Remove","damage_taken":0,"max_hp_gain":0,"max_hp_loss":0,"event_name":"Designer","floor":36,"gold_loss":90,"cards_upgraded":["Strike_R"]},{"cards_removed":["Defend_R"],"damage_healed":0,"gold_gain":0,"player_choice":"Removed Skill","damage_taken":0,"max_hp_gain":0,"max_hp_loss":0,"event_name":"Falling","floor":45,"gold_loss":0},{"damage_healed":0,"gold_gain":0,"player_choice":"Paid","damage_taken":0,"relics_obtained":["Red Mask"],"max_hp_gain":0,"max_hp_loss":0,"event_name":"Tomb of Lord Red Mask","floor":48,"gold_loss":52}],"is_beta":false,"boss_relics":[{"not_picked":["Astrolabe","Runic Pyramid"],"picked":"Philosopher\u0027s Stone"},{"not_picked":["Runic Cube","Snecko Eye"],"picked":"Coffee Dripper"}],"items_purged_floors":[10,20,37,44],"is_endless":false,"potions_floor_spawned":[4,5,12,19,21,24,27,31,38,47],"killed_by":"Awakened One","ascension_level":0}