{"gold_per_floor":[112,112,92,111,122,122,137,137,164,181,33,33,44,55,55,134,134,154,167,82,82,98,98,98,98,98,112,112],"floor_reached":28,"playtime":906,"items_purged":["Defend_B"],"score":371,"play_id":"b367cd87-0b9f-46b9-b5c5-ff706a1bd43e","local_time":"20190102162506","is_ascension_mode":true,"campfire_choices":[{"data":"Zap","floor":6,"key":"SMITH"},{"data":"Auto Shields","floor":8,"key":"SMITH"},{"data":"Loop","floor":12,"key":"SMITH"},{"data":"Defragment","floor":15,"key":"SMITH"},{"data":"Defragment","floor":23,"key":"SMITH"},{"data":"Seek","floor":25,"key":"SMITH"}],"neow_cost":"TEN_PERCENT_HP_LOSS","seed_source_timestamp":1379845130728394,"circlet_count":0,"master_deck":["AscendersBane","Strike_B","Defend_B","Defend_B","Zap+1","Dualcast","Cold Snap","Double Energy","Auto Shields+1","Beam Cell","Undo","Coolheaded","Loop+1","FTL","Defragment+1","Seek+1","Static Discharge","Coolheaded","Defragment+1","Tempest","Clumsy"],"relics":["Cracked Core","DataDisk","Cursed Key","Bag of Marbles","Art of War"],"potions_floor_usage":[19,27,28],"damage_taken":[{"damage":0,"enemies":"Cultist","floor":1,"turns":3},{"damage":11,"enemies":"Jaw Worm","floor":4,"turns":4},{"damage":0,"enemies":"Small Slimes","floor":5,"turns":4},{"damage":6,"enemies":"Blue Slaver","floor":7,"turns":3},{"damage":7,"enemies":"Exordium Thugs","floor":10,"turns":4},{"damage":13,"enemies":"3 Louse","floor":13,"turns":3},{"damage":0,"enemies":"2 Fungi Beasts","floor":14,"turns":4},{"damage":7,"enemies":"Hexaghost","floor":16,"turns":11},{"damage":2,"enemies":"Shell Parasite","floor":18,"turns":4},{"damage":18,"enemies":"3 Byrds","floor":19,"turns":3},{"damage":5,"enemies":"Centurion and Healer","floor":22,"turns":6},{"damage":13,"enemies":"3 Cultists","floor":27,"turns":5},{"damage":34,"enemies":"Shelled Parasite and Fungi","floor":28,"turns":3}],"seed_played":"2484059485514233133","potions_obtained":[{"floor":1,"key":"Explosive Potion"},{"floor":3,"key":"Swift Potion"},{"floor":22,"key":"Ancient Potion"},{"floor":27,"key":"Regen Potion"}],"is_trial":false,"path_per_floor":["M","?","?","M","M","R","M","R","T","M","$","R","M","M","R","B",null,"M","M","?","$","M","R","?","R","T","M","M"],"character_chosen":"DEFECT","items_purchased":["Loop"],"campfire_rested":0,"item_purchase_floors":[11],"current_hp_per_floor":[64,64,64,53,53,53,47,47,47,40,40,40,27,27,27,20,53,51,33,33,33,28,28,28,28,28,15,0],"gold":112,"neow_bonus":"TRANSFORM_TWO_CARDS","is_prod":false,"is_daily":false,"chose_seed":false,"campfire_upgraded":6,"win_rate":0,"timestamp":1546413906,"path_taken":["M","?","?","M","M","R","M","R","T","M","$","R","M","?","R","BOSS","M","M","?","$","M","R","?","R","T","M","?"],"build_version":"2018-12-20","purchased_purges":1,"victory":false,"max_hp_per_floor":[64,64,64,64,64,64,64,64,64,64,64,64,64,64,64,64,64,64,64,64,64,64,64,64,64,64,64,64],"card_choices":[{"not_picked":["Aggregate","Barrage"],"picked":"Auto Shields","floor":1},{"not_picked":["Rebound","Leap","Go for the Eyes"],"picked":"SKIP","floor":4},{"not_picked":["Steam","Aggregate","Stack"],"picked":"SKIP","floor":5},{"not_picked":["Reinforced Body","Hologram"],"picked":"Undo","floor":7},{"not_picked":["Hologram","Stack"],"picked":"Coolheaded","floor":10},{"not_picked":["Coolheaded","Barrage"],"picked":"FTL","floor":13},{"not_picked":["Rebound","Stack"],"picked":"Defragment","floor":14},{"not_picked":["Meteor Strike","All For One"],"picked":"Seek","floor":16},{"not_picked":["Sweeping Beam","Barrage"],"picked":"Static Discharge","floor":18},{"not_picked":["Ball Lightning","Rebound"],"picked":"Coolheaded","floor":19},{"not_picked":["Hologram","Rebound"],"picked":"Defragment","floor":22},{"not_picked":["Melter","Storm","Streamline"],"picked":"SKIP","floor":27}],"player_experience":703713,"relics_obtained":[{"floor":9,"key":"DataDisk"},{"floor":26,"key":"Art of War"}],"event_choices":[{"damage_healed":0,"gold_gain":0,"cards_transformed":["Defend_B"],"player_choice":"Change","damage_taken":0,"max_hp_gain":0,"max_hp_loss":0,"event_name":"Living Wall","floor":2,"gold_loss":0,"cards_obtained":["Beam Cell"]},{"damage_healed":0,"gold_gain":0,"player_choice":"Bought 1 Potion","damage_taken":0,"max_hp_gain":0,"max_hp_loss":0,"event_name":"The Woman in Blue","floor":3,"gold_loss":0},{"damage_healed":0,"gold_gain":0,"player_choice":"Obtained Relic","damage_taken":0,"relics_obtained":["Bag of Marbles"],"max_hp_gain":0,"max_hp_loss":0,"event_name":"Addict","floor":20,"gold_loss":85},{"damage_healed":0,"gold_gain":0,"cards_transformed":["Strike_B"],"player_choice":"Transformed","damage_taken":0,"max_hp_gain":0,"max_hp_loss":0,"event_name":"Transmorgrifier","floor":24,"gold_loss":0,"cards_obtained":["Tempest"]}],"is_beta":false,"boss_relics":[{"not_picked":["Fusion Hammer","Coffee Dripper"],"picked":"Cursed Key"}],"items_purged_floors":[11],"is_endless":false,"potions_floor_spawned":[1,4,13,22,27],"killed_by":"Shelled Parasite and Fungi","ascension_level":15}