{"gold_per_floor":[114,129,54,54,54,54,84,84,109,124,139,154,52,67,67,167,167,182,102,117,217,217,217,232,232,257,272,287,302,332,347,347,447,447,462,462,477,492,592,622,622,637,662,677,677,692,692,151,151,151],"floor_reached":51,"playtime":5797,"items_purged":["Leap"],"score":828,"play_id":"4f32b33e-4322-4ab6-a5b9-41c1be3272b4","local_time":"20181110175559","daily_mods":["SealedDeck","Uncertain Future","Night Terrors"],"is_ascension_mode":false,"campfire_choices":[{"data":"Coolheaded","floor":6.0,"key":"SMITH"},{"data":"Chill","floor":8.0,"key":"SMITH"},{"data":"Defragment","floor":15.0,"key":"SMITH"},{"data":"Fission","floor":23.0,"key":"SMITH"},{"floor":25.0,"key":"REST"},{"floor":32,"key":"REST"},{"floor":41,"key":"REST"},{"floor":47,"key":"REST"},{"data":"The Bomb","floor":49,"key":"SMITH"}],"neow_cost":"","seed_source_timestamp":0,"circlet_count":0,"master_deck":["Hologram","Coolheaded+1","Compile Driver","Chill+1","Ball Lightning","Cold Snap","Ball Lightning","Cold Snap","White Noise","BootSequence+1","Loop+1","Barrage","Consume+1","Cold Snap","Defragment+1","Conserve Battery","Fission+1","Capacitor","Ball Lightning+1","Conserve Battery+1","Ball Lightning","Go for the Eyes+1","Echo Form","Ball Lightning+1","Force Field","Echo Form","Conserve Battery+1","Streamline","Defragment","Meteor Strike","Consume+1","White Noise","Glacier","The Bomb+1","Capacitor","Dark Shackles"],"special_seed":17845,"relics":["Cracked Core","Blood Vial","Dream Catcher","Philosopher\u0027s Stone","StoneCalendar","Gremlin Horn","War Paint","Dodecahedron","Snecko Eye","Gambling Chip","Potion Belt","Centennial Puzzle","DataDisk","Membership Card"],"potions_floor_usage":[29,33,50],"damage_taken":[{"damage":0.0,"enemies":"Small Slimes","floor":1.0,"turns":2.0},{"damage":0.0,"enemies":"Jaw Worm","floor":2.0,"turns":2.0},{"damage":1.0,"enemies":"3 Sentries","floor":7.0,"turns":5.0},{"damage":0.0,"enemies":"2 Louse","floor":10.0,"turns":2.0},{"damage":0.0,"enemies":"Lots of Slimes","floor":11.0,"turns":2.0},{"damage":0.0,"enemies":"Exordium Wildlife","floor":12.0,"turns":3.0},{"damage":6.0,"enemies":"Looter","floor":14.0,"turns":3.0},{"damage":2.0,"enemies":"Hexaghost","floor":16.0,"turns":8.0},{"damage":0.0,"enemies":"2 Thieves","floor":18.0,"turns":4.0},{"damage":0.0,"enemies":"Chosen","floor":20.0,"turns":4.0},{"damage":9.0,"enemies":"Colosseum Slavers","floor":21.0,"turns":6.0},{"damage":14.0,"enemies":"Colosseum Nobs","floor":21.0,"turns":5.0},{"damage":2.0,"enemies":"Sentry and Sphere","floor":24.0,"turns":4.0},{"damage":0.0,"enemies":"Centurion and Healer","floor":27.0,"turns":3.0},{"damage":9.0,"enemies":"Shelled Parasite and Fungi","floor":28.0,"turns":5.0},{"damage":22,"enemies":"3 Cultists","floor":29,"turns":5},{"damage":12,"enemies":"Slavers","floor":30,"turns":5},{"damage":0,"enemies":"Centurion and Healer","floor":31,"turns":4},{"damage":0,"enemies":"Automaton","floor":33,"turns":7},{"damage":10,"enemies":"3 Darklings","floor":35,"turns":4},{"damage":0,"enemies":"3 Shapes","floor":37,"turns":3},{"damage":1,"enemies":"3 Darklings","floor":38,"turns":5},{"damage":15,"enemies":"Mind Bloom Boss Battle","floor":39,"turns":6},{"damage":0,"enemies":"Reptomancer","floor":40,"turns":4},{"damage":12,"enemies":"Jaw Worm Horde","floor":42,"turns":4},{"damage":22,"enemies":"Spire Growth","floor":44,"turns":5},{"damage":0,"enemies":"Sphere and 2 Shapes","floor":46,"turns":3},{"damage":0,"enemies":"Donu and Deca","floor":50,"turns":6}],"seed_played":"720756091651424505","potions_obtained":[{"floor":2.0,"key":"Weak Potion"},{"floor":10.0,"key":"Poison Potion"},{"floor":12.0,"key":"Strength Potion"},{"floor":20.0,"key":"FocusPotion"},{"floor":27.0,"key":"Dexterity Potion"},{"floor":28,"key":"Fire Potion"},{"floor":29,"key":"SteroidPotion"},{"floor":35,"key":"SteroidPotion"},{"floor":38,"key":"Dexterity Potion"},{"floor":44,"key":"Fire Potion"}],"is_trial":false,"path_per_floor":["M","M","$","?","?","R","E","R","T","M","M","M","$","M","R","B",null,"M","$","M","?","?","R","M","R","T","M","M","M","M","E","M","R","B",null,"M","?","M","M","?","E","R","M","T","M","?","M","R","$","R","B",null],"character_chosen":"DEFECT","items_purchased":["Loop","Defragment","Conserve Battery","Capacitor","DataDisk","Membership Card","The Bomb","Capacitor","Dark Shackles"],"campfire_rested":4,"item_purchase_floors":[3,13,13,19,48,48,48,48,48],"current_hp_per_floor":[75,75,75,75,75,75,74,74,74,75,75,75,75,69,69,69,75,75,75,75,54,54,54,54,70,70,70,61,41,31,33,65,65,65,55,55,57,58,45,47,60,48,48,28,28,30,55,55,55,55],"gold":151,"neow_bonus":"","is_prod":false,"is_daily":true,"chose_seed":false,"campfire_upgraded":5,"win_rate":0,"timestamp":1541890559,"path_taken":["M","M","$","?","?","R","E","R","T","M","M","M","?","M","R","BOSS","M","$","M","?","?","R","M","R","T","M","M","M","E","?","R","BOSS","M","?","M","M","?","E","R","M","T","M","?","M","R","$","R","BOSS"],"build_version":"2018-11-08","purchased_purges":1,"victory":true,"max_hp_per_floor":[75,75,75,75,75,75,75,75,75,75,75,75,75,75,75,75,75,75,75,75,75,75,75,75,70,70,70,70,70,70,70,65,65,65,65,65,65,65,65,65,60,60,60,60,60,60,55,55,55,55],"card_choices":[{"not_picked":["Beam Cell","Sweeping Beam"],"picked":"Leap","floor":1.0},{"not_picked":["Steam","Auto Shields"],"picked":"BootSequence","floor":2.0},{"not_picked":["Streamline","Rainbow"],"picked":"Barrage","floor":7.0},{"not_picked":["Sweeping Beam","Beam Cell","Stack"],"picked":"SKIP","floor":10.0},{"not_picked":["Multi-Cast","Beam Cell"],"picked":"Consume","floor":11.0},{"not_picked":["Turbo","Steam"],"picked":"Cold Snap","floor":12.0},{"not_picked":["Stack","Steam","Cold Snap"],"picked":"SKIP","floor":14.0},{"not_picked":["Reboot","Rainbow"],"picked":"Fission","floor":16.0},{"not_picked":["Barrage","Steam Power","Turbo+1"],"picked":"SKIP","floor":18.0},{"not_picked":["Beam Cell+1","Loop"],"picked":"Ball Lightning+1","floor":20.0},{"not_picked":["Loop+1","Sweeping Beam"],"picked":"Conserve Battery+1","floor":21.0},{"not_picked":["Steam+1","Fusion"],"picked":"Ball Lightning","floor":24.0},{"not_picked":["Chaos","Rip and Tear+1"],"picked":"Go for the Eyes+1","floor":25.0},{"not_picked":["Tempest","Fusion"],"picked":"Echo Form","floor":27.0},{"not_picked":["Compile Driver","Gash","Stack"],"picked":"SKIP","floor":28},{"not_picked":["Stack","Glacier+1"],"picked":"Ball Lightning+1","floor":29},{"not_picked":["Beam Cell+1","Doom and Gloom","Tempest"],"picked":"SKIP","floor":30},{"not_picked":["Chaos","Sweeping Beam+1","Multi-Cast"],"picked":"SKIP","floor":31},{"not_picked":["Turbo","Reinforced Body"],"picked":"Force Field","floor":32},{"not_picked":["Machine Learning","Hyperbeam"],"picked":"Echo Form","floor":33},{"not_picked":["Sweeping Beam","Redo+1"],"picked":"Conserve Battery+1","floor":35},{"not_picked":["Conserve Battery+1","Beam Cell"],"picked":"Streamline","floor":37},{"not_picked":["Genetic Algorithm","Steam"],"picked":"Defragment","floor":38},{"not_picked":["Beam Cell","Undo"],"picked":"Meteor Strike","floor":39},{"not_picked":["Barrage+1","Coolheaded+1","Stack"],"picked":"SKIP","floor":40},{"not_picked":["Streamline","Heatsinks+1"],"picked":"Consume+1","floor":41},{"not_picked":["Steam+1","Rebound+1"],"picked":"White Noise","floor":42},{"not_picked":["Rebound","Compile Driver+1"],"picked":"Glacier","floor":44},{"not_picked":["Coolheaded","Steam+1","Barrage+1"],"picked":"SKIP","floor":46}],"player_experience":500882,"relics_obtained":[{"floor":7.0,"key":"Blood Vial"},{"floor":9.0,"key":"Dream Catcher"},{"floor":21.0,"key":"StoneCalendar"},{"floor":21.0,"key":"Gremlin Horn"},{"floor":26.0,"key":"War Paint"},{"floor":30,"key":"Dodecahedron"},{"floor":39,"key":"Gambling Chip"},{"floor":40,"key":"Potion Belt"},{"floor":43,"key":"Centennial Puzzle"}],"event_choices":[{"damage_healed":0.0,"max_hp_gain":0.0,"max_hp_loss":0.0,"gold_gain":0.0,"event_name":"Living Wall","player_choice":"Grow","floor":4.0,"gold_loss":0.0,"damage_taken":0.0,"cards_upgraded":["Loop"]},{"damage_healed":0.0,"max_hp_gain":0.0,"max_hp_loss":0.0,"gold_gain":0.0,"event_name":"Liars Game","player_choice":"Ignored","floor":5.0,"gold_loss":0.0,"damage_taken":0.0},{"damage_healed":0.0,"max_hp_gain":0.0,"max_hp_loss":0.0,"gold_gain":0.0,"event_name":"Colosseum","player_choice":"Fight","floor":21.0,"gold_loss":0.0,"damage_taken":0.0},{"damage_healed":0.0,"max_hp_gain":0.0,"max_hp_loss":0.0,"gold_gain":0.0,"event_name":"Colosseum","player_choice":"Fought Nobs","floor":21.0,"gold_loss":0.0,"damage_taken":0.0},{"damage_healed":0.0,"max_hp_gain":0.0,"max_hp_loss":0.0,"gold_gain":0.0,"event_name":"Purifier","player_choice":"Ignored","floor":22.0,"gold_loss":0.0,"damage_taken":0.0},{"damage_healed":0,"gold_gain":0,"player_choice":"Ignored","damage_taken":0,"max_hp_gain":0,"max_hp_loss":0,"event_name":"Tomb of Lord Red Mask","floor":36,"gold_loss":0},{"damage_healed":0,"gold_gain":0,"player_choice":"Fight","damage_taken":0,"max_hp_gain":0,"max_hp_loss":0,"event_name":"MindBloom","floor":39,"gold_loss":0},{"cards_removed":["Leap"],"damage_healed":0,"gold_gain":0,"player_choice":"Removed Skill","damage_taken":0,"max_hp_gain":0,"max_hp_loss":0,"event_name":"Falling","floor":45,"gold_loss":0}],"is_beta":false,"boss_relics":[{"not_picked":["Tiny House","Pandora\u0027s Box"],"picked":"Philosopher\u0027s Stone"},{"not_picked":["Velvet Choker","Eternal Feather"],"picked":"Snecko Eye"}],"items_purged_floors":[48],"is_endless":false,"potions_floor_spawned":[2,10,12,14,20,21,27,28,29,35,38,44],"ascension_level":0}