{"gold_per_floor":[110,127,142,142,142,142,154,154,154,229,261,261,294,309,309,414,414,433,209,226,226,242,242],"floor_reached":23,"playtime":1719,"items_purged":[],"score":201,"play_id":"8ae7ebdd-fd6b-434b-8aca-4b81ac4f1552","local_time":"20180626005457","is_ascension_mode":false,"campfire_choices":[{"data":"Heavy Blade","floor":6,"key":"SMITH"},{"data":"Shrug It Off","floor":8,"key":"SMITH"},{"floor":15,"key":"REST"}],"neow_cost":"NONE","seed_source_timestamp":12696202571100,"circlet_count":0,"master_deck":["Strike_R","Strike_R","Strike_R","Strike_R","Strike_R","Defend_R","Defend_R","Defend_R","Defend_R","Bash","Demon Form+1","Clash","Heavy Blade+1","Shrug It Off","Cleave","Barricade","Perfected Strike","Impervious","Anger","Searing Blow","Rampage+1","Necronomicurse","Heavy Blade"],"relics":["Burning Blood","Centennial Puzzle","Thread and Needle","Happy Flower","Sozu","Regal Pillow","Necronomicon"],"potions_floor_usage":[16],"damage_taken":[{"damage":10,"enemies":"Jaw Worm","floor":1,"turns":5},{"damage":15,"enemies":"Small Slimes","floor":2,"turns":4},{"damage":0,"enemies":"2 Louse","floor":3,"turns":3},{"damage":0,"enemies":"Large Slime","floor":7,"turns":4},{"damage":18,"enemies":"Lagavulin","floor":11,"turns":5},{"damage":6,"enemies":"3 Sentries","floor":13,"turns":9},{"damage":15,"enemies":"3 Louse","floor":14,"turns":3},{"damage":20,"enemies":"Slime Boss","floor":16,"turns":9},{"damage":0,"enemies":"Shell Parasite","floor":18,"turns":7},{"damage":19,"enemies":"2 Thieves","floor":20,"turns":4},{"damage":11,"enemies":"3 Cultists","floor":22,"turns":5},{"damage":52,"enemies":"Book of Stabbing","floor":23,"turns":5}],"seed_played":"4059393819561467369","potions_obtained":[{"floor":3,"key":"Fire Potion"},{"floor":11,"key":"SteroidPotion"}],"is_trial":false,"path_per_floor":["M","M","M","?","?","R","M","R","T","?","E","?","E","M","R","B",null,"M","$","M","?","M"],"character_chosen":"IRONCLAD","items_purchased":["Searing Blow","Regal Pillow"],"campfire_rested":1,"item_purchase_floors":[19,19],"current_hp_per_floor":[76,67,73,73,78,78,84,84,84,73,61,66,66,57,82,68,85,85,85,72,56,51,0],"gold":242,"neow_bonus":"ONE_RANDOM_RARE_CARD","is_prod":false,"is_daily":false,"chose_seed":false,"campfire_upgraded":2,"win_rate":0.0,"timestamp":1529999697,"path_taken":["M","M","M","?","?","R","?","R","T","?","E","?","E","M","R","BOSS","M","$","?","?","M","E"],"build_version":"2018-06-21v2","purchased_purges":0,"victory":false,"max_hp_per_floor":[80,80,80,80,85,85,85,85,85,85,85,85,85,85,85,85,85,85,85,85,85,85,85],"card_choices":[{"not_picked":["Sever Soul","Hemokinesis"],"picked":"Clash","floor":1},{"not_picked":["Pommel Strike","Shrug It Off"],"picked":"Heavy Blade","floor":2},{"not_picked":["True Grit","Second Wind"],"picked":"Shrug It Off","floor":3},{"not_picked":["Clothesline","Pummel"],"picked":"Shrug It Off","floor":7},{"not_picked":["Shrug It Off","Heavy Blade"],"picked":"Cleave","floor":11},{"not_picked":["Pommel Strike","Spot Weakness"],"picked":"Barricade","floor":13},{"not_picked":["Inflame","Infernal Blade"],"picked":"Perfected Strike","floor":14},{"not_picked":["Dark Embrace","Fiend Fire"],"picked":"Impervious","floor":16},{"not_picked":["Perfected Strike","Inflame"],"picked":"Anger","floor":18},{"not_picked":["Hemokinesis","Flex+1"],"picked":"Rampage+1","floor":20},{"not_picked":["Flex","Burning Pact"],"picked":"Heavy Blade","floor":22}],"player_experience":9932,"relics_obtained":[{"floor":9,"key":"Centennial Puzzle"},{"floor":11,"key":"Thread and Needle"},{"floor":13,"key":"Happy Flower"},{"floor":21,"key":"Necronomicon"}],"event_choices":[{"event_name":"Living Wall","player_choice":"Grow","floor":4,"damage_taken":0},{"event_name":"Big Fish","player_choice":"Donut","floor":5,"damage_taken":0},{"event_name":"World of Goop","player_choice":"Gather Gold","floor":10,"damage_taken":0},{"event_name":"Bonfire Elementals","player_choice":"COMMON","floor":12,"damage_taken":0},{"event_name":"Cursed Tome","player_choice":"Obtained Book","floor":21,"damage_taken":0}],"boss_relics":[{"not_picked":["Coffee Dripper","Calling Bell"],"picked":"Sozu"}],"items_purged_floors":[],"is_endless":false,"potions_floor_spawned":[3,11,22],"killed_by":"Book of Stabbing","ascension_level":0}