{"gold_per_floor":[115,130,130,130,141,175,175,192,219,219,252,262,278,289,289,394,394,405,416,433,433,433,433,463,463,537,554,574,12,32,44,44,44],"floor_reached":33,"playtime":4787,"items_purged":[],"score":283,"play_id":"1d7a2275-a0f9-4a73-a272-e48edf324462","local_time":"20190102222958","is_ascension_mode":false,"campfire_choices":[{"floor":7,"key":"REST"},{"data":"Shrug It Off","floor":10,"key":"SMITH"},{"floor":15,"key":"REST"},{"floor":23,"key":"REST"},{"floor":25,"key":"REST"},{"floor":32,"key":"REST"}],"neow_cost":"NONE","seed_source_timestamp":998838598019612,"circlet_count":0,"master_deck":["Strike_R","Strike_R","Strike_R","Strike_R","Strike_R","Defend_R+1","Defend_R+1","Defend_R","Bash","Power Through","Second Wind","Shrug It Off+1","True Grit","Warcry","Corruption","Heavy Blade","Feed","Searing Blow","Carnage","Flex","Entrench","Disarm","Armaments+1","Ghostly Armor"],"relics":["Burning Blood","NeowsBlessing","Regal Pillow","Bag of Marbles","Red Skull","Velvet Choker","Question Card","Self Forming Clay","Ice Cream","HandDrill"],"potions_floor_usage":[11,12,12,12,16,16,18,18,19,20,20,33,33],"damage_taken":[{"damage":0,"enemies":"Jaw Worm","floor":1,"turns":1},{"damage":0,"enemies":"Cultist","floor":2,"turns":1},{"damage":0,"enemies":"Small Slimes","floor":5,"turns":1},{"damage":38,"enemies":"Gremlin Nob","floor":6,"turns":5},{"damage":3,"enemies":"2 Fungi Beasts","floor":8,"turns":4},{"damage":25,"enemies":"3 Sentries","floor":11,"turns":15},{"damage":15,"enemies":"Gremlin Gang","floor":12,"turns":7},{"damage":10,"enemies":"Looter","floor":13,"turns":2},{"damage":10,"enemies":"Exordium Thugs","floor":14,"turns":3},{"damage":74,"enemies":"Hexaghost","floor":16,"turns":11},{"damage":31,"enemies":"Shell Parasite","floor":18,"turns":6},{"damage":34,"enemies":"3 Byrds","floor":19,"turns":6},{"damage":25,"enemies":"Cultist and Chosen","floor":20,"turns":5},{"damage":30,"enemies":"Book of Stabbing","floor":24,"turns":5},{"damage":30,"enemies":"Shelled Parasite and Fungi","floor":27,"turns":6},{"damage":28,"enemies":"Snake Plant","floor":28,"turns":3},{"damage":0,"enemies":"Snecko","floor":30,"turns":3},{"damage":12,"enemies":"Shelled Parasite and Fungi","floor":31,"turns":5},{"damage":85,"enemies":"Automaton","floor":33,"turns":10}],"seed_played":"6744178858198862046","potions_obtained":[{"floor":5,"key":"EntropicBrew"},{"floor":6,"key":"Energy Potion"},{"floor":8,"key":"SteroidPotion"},{"floor":11,"key":"LiquidBronze"},{"floor":16,"key":"EntropicBrew"},{"floor":19,"key":"LiquidBronze"},{"floor":24,"key":"SpeedPotion"},{"floor":30,"key":"Block Potion"},{"floor":31,"key":"EssenceOfSteel"}],"is_trial":false,"path_per_floor":["M","M","?","?","M","E","R","M","T","R","E","M","M","M","R","B",null,"M","M","M","?","?","R","E","R","T","M","M","$","M","M","R","B"],"character_chosen":"IRONCLAD","items_purchased":["Disarm","Ice Cream","HandDrill"],"campfire_rested":5,"item_purchase_floors":[29,29,29],"current_hp_per_floor":[80,80,64,64,70,38,77,80,80,80,61,52,48,44,80,12,80,55,30,11,11,11,50,29,69,69,45,23,23,29,27,69,0],"gold":44,"neow_bonus":"THREE_ENEMY_KILL","is_prod":false,"is_daily":false,"chose_seed":false,"campfire_upgraded":1,"win_rate":0.0,"timestamp":1546486198,"path_taken":["M","M","?","?","?","E","R","M","T","R","E","M","M","M","R","BOSS","M","M","?","?","?","R","E","R","T","M","M","$","?","M","R","BOSS"],"build_version":"2018-12-20","purchased_purges":0,"victory":false,"max_hp_per_floor":[80,80,80,80,80,80,80,80,80,80,80,80,80,80,80,80,80,80,83,83,83,83,83,86,86,86,86,86,86,86,90,90,90],"card_choices":[{"not_picked":["Clash","Flex"],"picked":"Power Through","floor":1},{"not_picked":["Twin Strike","Rage","Thunderclap"],"picked":"SKIP","floor":2},{"not_picked":["Feel No Pain","Dual Wield"],"picked":"Shrug It Off","floor":5},{"not_picked":["Dropkick","Bloodletting"],"picked":"True Grit","floor":6},{"not_picked":["Blood for Blood","Perfected Strike"],"picked":"Warcry","floor":8},{"not_picked":["Shrug It Off","Headbutt"],"picked":"Corruption","floor":11},{"not_picked":["Flex","Thunderclap"],"picked":"Heavy Blade","floor":12},{"not_picked":["Berserk","Cleave"],"picked":"Carnage","floor":13},{"not_picked":["Flex","Combust","Cleave"],"picked":"SKIP","floor":14},{"not_picked":["Juggernaut","Double Tap"],"picked":"Feed","floor":16},{"not_picked":["Pommel Strike","Reckless Charge"],"picked":"Searing Blow","floor":18},{"not_picked":["Body Slam","Pommel Strike"],"picked":"Carnage","floor":19},{"not_picked":["Carnage","Sword Boomerang"],"picked":"Flex","floor":20},{"not_picked":["Infernal Blade","True Grit","Second Wind"],"picked":"SKIP","floor":24},{"not_picked":["Fire Breathing","Thunderclap","Perfected Strike"],"picked":"Entrench","floor":27},{"not_picked":["Armaments","Thunderclap","Sword Boomerang","Headbutt"],"picked":"SKIP","floor":28},{"not_picked":["Carnage","Anger","Intimidate"],"picked":"Armaments+1","floor":30},{"not_picked":["Combust","Infernal Blade","Sword Boomerang"],"picked":"Ghostly Armor","floor":31}],"player_experience":15511,"relics_obtained":[{"floor":6,"key":"Regal Pillow"},{"floor":9,"key":"Bag of Marbles"},{"floor":11,"key":"Red Skull"},{"floor":24,"key":"Question Card"},{"floor":26,"key":"Self Forming Clay"}],"event_choices":[{"damage_healed":0,"gold_gain":0,"player_choice":"Entered Light","damage_taken":16,"max_hp_gain":0,"max_hp_loss":0,"event_name":"Shining Light","floor":3,"gold_loss":0,"cards_upgraded":["Defend_R","Defend_R"]},{"cards_removed":["Defend_R"],"damage_healed":0,"gold_gain":0,"player_choice":"Took Card","damage_taken":0,"max_hp_gain":0,"max_hp_loss":0,"event_name":"NoteForYourself","floor":4,"gold_loss":0,"cards_obtained":["Second Wind"]},{"cards_removed":["Carnage"],"damage_healed":0,"gold_gain":0,"player_choice":"Elegance","damage_taken":0,"max_hp_gain":0,"max_hp_loss":0,"event_name":"Back to Basics","floor":21,"gold_loss":0},{"damage_healed":0,"gold_gain":0,"player_choice":"Ignored","damage_taken":0,"max_hp_gain":0,"max_hp_loss":0,"event_name":"N\u0027loth","floor":22,"gold_loss":0}],"is_beta":false,"boss_relics":[{"not_picked":["Runic Pyramid","Sozu"],"picked":"Velvet Choker"}],"items_purged_floors":[],"is_endless":false,"potions_floor_spawned":[5,6,8,11,12,16,19,24,30,31],"killed_by":"Automaton","ascension_level":0}