{"gold_per_floor":[110,120,140,140,152,192,218,263,275,1,1,20,20,38,38,139,139,155,175,32,32,49,49],"floor_reached":23,"playtime":1939,"items_purged":["Strike_G"],"score":294,"play_id":"cd93f825-7db0-4003-be2a-88c6c82f50dc","local_time":"20190204204041","is_ascension_mode":true,"campfire_choices":[{"data":"A Thousand Cuts","floor":11,"key":"SMITH"},{"floor":15,"key":"REST"}],"neow_cost":"NONE","seed_source_timestamp":346606607894252,"circlet_count":0,"master_deck":["Defend_G","Defend_G","Defend_G","Defend_G","Defend_G","Strike_G","Strike_G","Strike_G","Survivor","Neutralize+1","Poisoned Stab+1","Blur","Cloak And Dagger","Deadly Poison","A Thousand Cuts+1","Dagger Spray+1","Footwork","Noxious Fumes","Envenom","Predator+1","Sucker Punch+1","Dagger Throw+1","Dagger Throw+1","Heel Hook+1","Catalyst","Noxious Fumes","Well Laid Plans","Decay","Backflip"],"relics":["Ring of the Snake","MawBank","Strawberry","Molten Egg 2","Snake Skull","Ninja Scroll","Orrery"],"potions_floor_usage":[7,8,16,18,23,23],"damage_taken":[{"damage":1,"enemies":"Jaw Worm","floor":1,"turns":4},{"damage":0,"enemies":"Cultist","floor":2,"turns":3},{"damage":0,"enemies":"2 Louse","floor":3,"turns":4},{"damage":23,"enemies":"Gremlin Nob","floor":6,"turns":5},{"damage":0,"enemies":"Exordium Wildlife","floor":7,"turns":6},{"damage":13,"enemies":"Lagavulin","floor":8,"turns":7},{"damage":0,"enemies":"3 Louse","floor":12,"turns":1},{"damage":4,"enemies":"Blue Slaver","floor":14,"turns":3},{"damage":20,"enemies":"Hexaghost","floor":16,"turns":7},{"damage":22,"enemies":"2 Thieves","floor":18,"turns":3},{"damage":0,"enemies":"3 Byrds","floor":19,"turns":3},{"damage":5,"enemies":"Snecko","floor":22,"turns":3},{"damage":45,"enemies":"Book of Stabbing","floor":23,"turns":6}],"seed_played":"-1017486038254663313","potions_obtained":[{"floor":2,"key":"Regen Potion"},{"floor":3,"key":"SkillPotion"},{"floor":12,"key":"Poison Potion"},{"floor":16,"key":"Block Potion"},{"floor":18,"key":"GhostInAJar"},{"floor":19,"key":"Swift Potion"}],"is_trial":false,"path_per_floor":["M","M","M","?","?","E","M","E","T","$","R","M","?","M","R","B",null,"M","M","$","?","M","E"],"character_chosen":"THE_SILENT","items_purchased":["Ninja Scroll","Dagger Spray+1","Well Laid Plans"],"campfire_rested":1,"item_purchase_floors":[10,10,20],"current_hp_per_floor":[62,62,62,44,44,28,43,30,30,30,30,30,30,26,49,29,65,43,43,43,43,38,0],"gold":49,"neow_bonus":"UPGRADE_CARD","is_prod":false,"is_daily":false,"chose_seed":false,"campfire_upgraded":1,"win_rate":0,"timestamp":1549341641,"path_taken":["M","M","M","?","?","E","?","E","T","$","R","?","?","M","R","BOSS","M","?","$","?","M","E"],"build_version":"2019-01-23","purchased_purges":1,"victory":false,"max_hp_per_floor":[70,70,70,70,70,77,77,77,77,77,77,77,77,77,77,77,77,77,77,77,77,77,77],"card_choices":[{"not_picked":["Backflip","Distraction"],"picked":"Poisoned Stab","floor":1},{"not_picked":["Blade Dance","Underhanded Strike"],"picked":"Blur","floor":2},{"not_picked":["Reflex","Tactician"],"picked":"Cloak And Dagger","floor":3},{"not_picked":["Underhanded Strike","Prepared","Setup"],"picked":"SKIP","floor":6},{"not_picked":["Blur","Backflip"],"picked":"Deadly Poison","floor":7},{"not_picked":["Dash","Quick Slash"],"picked":"A Thousand Cuts","floor":8},{"not_picked":["Setup","Deflect"],"picked":"Footwork","floor":12},{"not_picked":["Deadly Poison","Dagger Spray+1"],"picked":"Noxious Fumes","floor":14},{"not_picked":["Doppelganger","Night Terror"],"picked":"Envenom","floor":16},{"not_picked":["Acrobatics","Blade Dance"],"picked":"Predator+1","floor":17},{"not_picked":["Calculated Gamble","Tactician"],"picked":"Sucker Punch+1","floor":17},{"not_picked":["Concentrate","Quick Slash+1"],"picked":"Dagger Throw+1","floor":17},{"not_picked":["Deflect","Deadly Poison"],"picked":"Dagger Throw+1","floor":17},{"not_picked":["Slice+1","Dagger Throw+1"],"picked":"Heel Hook+1","floor":17},{"not_picked":["Crippling Poison","Blade Dance+1"],"picked":"Catalyst","floor":18},{"not_picked":["Sucker Punch+1","Catalyst"],"picked":"Noxious Fumes","floor":19},{"not_picked":["Dagger Throw+1","Escape Plan"],"picked":"Backflip","floor":22}],"player_experience":468276,"relics_obtained":[{"floor":6,"key":"Strawberry"},{"floor":8,"key":"Molten Egg 2"},{"floor":9,"key":"Snake Skull"}],"event_choices":[{"damage_healed":0,"gold_gain":0,"player_choice":"Success","damage_taken":18,"relics_obtained":["MawBank"],"max_hp_gain":0,"max_hp_loss":0,"event_name":"Scrap Ooze","floor":4,"gold_loss":0},{"damage_healed":0,"gold_gain":0,"player_choice":"Upgraded","damage_taken":0,"max_hp_gain":0,"max_hp_loss":0,"event_name":"Upgrade Shrine","floor":5,"gold_loss":0,"cards_upgraded":["Poisoned Stab"]},{"cards_removed":["Strike_G"],"damage_healed":0,"gold_gain":0,"player_choice":"Purged","damage_taken":0,"max_hp_gain":0,"max_hp_loss":0,"event_name":"Purifier","floor":13,"gold_loss":0},{"damage_healed":0,"gold_gain":0,"player_choice":"Smashed Altar","damage_taken":0,"max_hp_gain":0,"max_hp_loss":0,"event_name":"Forgotten Altar","floor":21,"gold_loss":0,"cards_obtained":["Decay"]}],"is_beta":false,"boss_relics":[{"not_picked":["White Beast Statue","Pandora\u0027s Box"],"picked":"Orrery"}],"items_purged_floors":[20],"is_endless":false,"potions_floor_spawned":[2,3,12,16,18,19],"killed_by":"Book of Stabbing","ascension_level":9}