{"gold_per_floor":[118,118,130,130,153,153,188,204,204,229,229,76,144,2,2,128,191,206,206,186,115,128,128,128,144,169,169,94,110,128,141,141,141],"floor_reached":33,"playtime":2516,"items_purged":["Strike_R"],"score":249,"play_id":"427db529-80f4-4286-9a41-f5ea5bbac987","local_time":"20190208222128","is_ascension_mode":false,"campfire_choices":[{"data":"Iron Wave","floor":6,"key":"SMITH"},{"floor":11,"key":"REST"},{"data":"Discovery","floor":15,"key":"SMITH"},{"data":"Uppercut","floor":23,"key":"SMITH"},{"data":"Armaments","floor":27,"key":"SMITH"},{"floor":32,"key":"REST"}],"neow_cost":"NONE","seed_source_timestamp":740664839981664,"circlet_count":0,"master_deck":["Strike_R","Strike_R+1","Strike_R","Strike_R","Defend_R","Defend_R","Defend_R","Defend_R","Bash+1","Iron Wave+1","Iron Wave","Anger","Armaments+1","Shrug It Off+1","Discovery+1","Battle Trance","Uppercut+1","Flame Barrier"],"relics":["Burning Blood","Golden Idol","Calipers","Ornamental Fan","Vajra","Tiny House","MutagenicStrength","Blood Vial"],"potions_floor_usage":[18,29,30,31,31,33],"damage_taken":[{"damage":1,"enemies":"Cultist","floor":1,"turns":3},{"damage":7,"enemies":"Small Slimes","floor":3,"turns":4},{"damage":10,"enemies":"Jaw Worm","floor":5,"turns":4},{"damage":37,"enemies":"Lagavulin","floor":7,"turns":7},{"damage":0,"enemies":"2 Fungi Beasts","floor":8,"turns":4},{"damage":5,"enemies":"Gremlin Gang","floor":10,"turns":7},{"damage":13,"enemies":"Slime Boss","floor":16,"turns":12},{"damage":15,"enemies":"3 Byrds","floor":18,"turns":5},{"damage":19,"enemies":"2 Thieves","floor":20,"turns":5},{"damage":17,"enemies":"Snake Plant","floor":22,"turns":6},{"damage":9,"enemies":"Centurion and Healer","floor":25,"turns":4},{"damage":3,"enemies":"3 Cultists","floor":29,"turns":6},{"damage":5,"enemies":"Chosen and Byrds","floor":30,"turns":7},{"damage":13,"enemies":"Snecko","floor":31,"turns":6},{"damage":90,"enemies":"Collector","floor":33,"turns":10}],"seed_played":"-969568164404091096","potions_obtained":[{"floor":7,"key":"LiquidBronze"},{"floor":8,"key":"PowerPotion"},{"floor":10,"key":"PowerPotion"},{"floor":18,"key":"Weak Potion"},{"floor":29,"key":"Weak Potion"},{"floor":30,"key":"Energy Potion"}],"is_trial":false,"path_per_floor":["M","?","M","?","M","R","E","M","T","M","R","$","?","$","R","B",null,"M","?","M","$","M","R","?","M","T","R","$","M","M","M","R","B"],"character_chosen":"IRONCLAD","items_purchased":["Vajra","Shrug It Off","Discovery","Battle Trance"],"campfire_rested":2,"item_purchase_floors":[12,14,14,21],"current_hp_per_floor":[88,88,87,65,61,61,30,36,36,37,63,63,63,63,63,56,93,84,84,71,71,60,60,60,57,57,57,57,62,65,60,87,0],"gold":141,"neow_bonus":"TEN_PERCENT_HP_BONUS","is_prod":false,"is_daily":false,"chose_seed":false,"campfire_upgraded":4,"win_rate":0,"timestamp":1549682488,"path_taken":["M","?","M","?","M","R","E","M","T","M","R","$","?","$","R","BOSS","M","?","M","$","M","R","?","M","T","R","$","M","?","M","R","BOSS"],"build_version":"2019-01-23","purchased_purges":1,"victory":false,"max_hp_per_floor":[88,88,88,88,88,88,88,88,88,88,88,88,88,88,88,88,93,93,93,93,93,93,93,93,93,93,93,93,93,93,93,93,93],"card_choices":[{"not_picked":["Heavy Blade","Warcry","Havoc"],"picked":"SKIP","floor":1},{"not_picked":["Perfected Strike","Evolve"],"picked":"Iron Wave","floor":3},{"not_picked":["Pummel","Havoc"],"picked":"Iron Wave","floor":5},{"not_picked":["Carnage","Iron Wave"],"picked":"Anger","floor":7},{"not_picked":["True Grit","Shockwave","Body Slam"],"picked":"SKIP","floor":8},{"not_picked":["Anger","Thunderclap"],"picked":"Armaments","floor":10},{"not_picked":["True Grit","Sword Boomerang+1","Flex"],"picked":"SKIP","floor":18},{"not_picked":["Thunderclap","Iron Wave","Perfected Strike"],"picked":"SKIP","floor":20},{"not_picked":["Twin Strike","Anger"],"picked":"Uppercut","floor":22},{"not_picked":["Sentinel","Thunderclap+1","Clash"],"picked":"SKIP","floor":25},{"not_picked":["True Grit","Armaments"],"picked":"Flame Barrier","floor":29},{"not_picked":["Limit Break","Pommel Strike","Shrug It Off"],"picked":"SKIP","floor":30},{"not_picked":["Pommel Strike","Perfected Strike","Corruption+1"],"picked":"SKIP","floor":31}],"player_experience":210487,"relics_obtained":[{"floor":7,"key":"Calipers"},{"floor":9,"key":"Ornamental Fan"},{"floor":26,"key":"Blood Vial"}],"event_choices":[{"damage_healed":0,"gold_gain":0,"player_choice":"Grow","damage_taken":0,"max_hp_gain":0,"max_hp_loss":0,"event_name":"Living Wall","floor":2,"gold_loss":0,"cards_upgraded":["Bash"]},{"damage_healed":0,"gold_gain":0,"player_choice":"Take Damage","damage_taken":22,"relics_obtained":["Golden Idol"],"max_hp_gain":0,"max_hp_loss":0,"event_name":"Golden Idol","floor":4,"gold_loss":0},{"damage_healed":0,"gold_gain":68,"player_choice":"Gained Gold","damage_taken":0,"max_hp_gain":0,"max_hp_loss":0,"event_name":"Golden Wing","floor":13,"gold_loss":0},{"damage_healed":0,"gold_gain":0,"player_choice":"Inject Mutagens","damage_taken":0,"relics_obtained":["MutagenicStrength"],"max_hp_gain":0,"max_hp_loss":0,"event_name":"Drug Dealer","floor":19,"gold_loss":0},{"damage_healed":0,"gold_gain":0,"player_choice":"Upgraded","damage_taken":0,"max_hp_gain":0,"max_hp_loss":0,"event_name":"Upgrade Shrine","floor":24,"gold_loss":0,"cards_upgraded":["Shrug It Off"]}],"is_beta":false,"boss_relics":[{"not_picked":["Lizard Tail","Ectoplasm"],"picked":"Tiny House"}],"items_purged_floors":[28],"is_endless":false,"potions_floor_spawned":[7,8,10,16,18,22,29,30],"killed_by":"Collector","ascension_level":0}