{"gold_per_floor":[119,130,150,8,20,75,75,86,111,111,143,143,143,160,160,262,262,275,275,21,21,28,57,57],"floor_reached":24,"playtime":2397,"items_purged":["Strike_R"],"score":251,"play_id":"280c0091-0d99-4570-bbc9-74104d991e35","local_time":"20190119192856","is_ascension_mode":false,"campfire_choices":[{"data":"Clothesline","floor":7,"key":"SMITH"},{"floor":13,"key":"REST"},{"data":"Evolve","floor":15,"key":"SMITH"}],"neow_cost":"NONE","seed_source_timestamp":0,"circlet_count":0,"master_deck":["Strike_R","Strike_R","Strike_R+1","Strike_R+1","Defend_R","Defend_R","Defend_R","Defend_R","Bash","Power Through","Feel No Pain","Heavy Blade","True Grit","Clothesline+1","Body Slam","Disarm","Inflame","Evolve+1","Limit Break","RitualDagger","Ghostly","Ghostly","Ghostly","Ghostly","Ghostly","Sentinel","Metallicize+1"],"special_seed":0,"relics":["Burning Blood","Tiny Chest","Boot","Whetstone","Orichalcum","Runic Pyramid","Frozen Egg 2","Ancient Tea Set"],"potions_floor_usage":[6,16,16,16,16,23,23,23],"damage_taken":[{"damage":10.0,"enemies":"Cultist","floor":1.0,"turns":4.0},{"damage":8.0,"enemies":"Jaw Worm","floor":2.0,"turns":4.0},{"damage":0.0,"enemies":"Small Slimes","floor":3.0,"turns":3.0},{"damage":11.0,"enemies":"Looter","floor":5.0,"turns":4.0},{"damage":41,"enemies":"Gremlin Nob","floor":6,"turns":5},{"damage":9,"enemies":"2 Fungi Beasts","floor":8,"turns":4},{"damage":21,"enemies":"3 Sentries","floor":11,"turns":10},{"damage":14,"enemies":"Exordium Thugs","floor":14,"turns":6},{"damage":24,"enemies":"Hexaghost","floor":16,"turns":12},{"damage":4,"enemies":"Chosen","floor":18,"turns":8},{"damage":0,"enemies":"2 Thieves","floor":22,"turns":5},{"damage":25,"enemies":"Slavers","floor":23,"turns":8},{"damage":24,"enemies":"Masked Bandits","floor":24,"turns":2}],"seed_played":"3021600989535310692","potions_obtained":[{"floor":2.0,"key":"Poison Potion"},{"floor":6,"key":"Dexterity Potion"},{"floor":11,"key":"EntropicBrew"},{"floor":14,"key":"Block Potion"},{"floor":18,"key":"Poison Potion"}],"is_trial":false,"path_per_floor":["M","M","M","$","M","E","R","M","T","T","E","?","R","M","R","B",null,"M","?","$","?","M","E","?"],"character_chosen":"IRONCLAD","items_purchased":["Clothesline","Body Slam","Frozen Egg 2"],"campfire_rested":1,"item_purchase_floors":[4,4,20],"current_hp_per_floor":[76,74,80,80,75,40,40,37,37,37,22,22,46,38,38,20,80,80,74,74,40,40,21,0],"gold":57,"neow_bonus":"THREE_CARDS","is_prod":false,"is_daily":false,"chose_seed":false,"campfire_upgraded":2,"win_rate":0,"timestamp":1547944136,"path_taken":["M","M","?","$","M","E","R","?","T","?","E","?","R","M","R","BOSS","M","?","$","?","M","E","?"],"build_version":"2019-01-17v2","purchased_purges":1,"victory":false,"max_hp_per_floor":[80,80,80,80,80,80,80,80,80,80,80,80,80,80,80,80,80,80,80,80,40,40,40,40],"card_choices":[{"not_picked":["Wild Strike","Intimidate"],"picked":"Power Through","floor":0.0},{"not_picked":["Twin Strike","Body Slam"],"picked":"Feel No Pain","floor":1.0},{"not_picked":["Intimidate","Wild Strike"],"picked":"Heavy Blade","floor":2.0},{"not_picked":["Iron Wave","Bloodletting"],"picked":"True Grit","floor":3.0},{"not_picked":["Seeing Red","Dropkick"],"picked":"Disarm","floor":5},{"not_picked":["Rupture","Thunderclap"],"picked":"Inflame","floor":6},{"not_picked":["Reckless Charge","Flex","Dual Wield"],"picked":"SKIP","floor":8},{"not_picked":["Clash","Power Through"],"picked":"Evolve","floor":11},{"not_picked":["Searing Blow","Clothesline","Sword Boomerang"],"picked":"SKIP","floor":14},{"not_picked":["Dark Embrace","Bludgeon"],"picked":"Limit Break","floor":16},{"not_picked":["Warcry","Reckless Charge","Searing Blow"],"picked":"SKIP","floor":18},{"not_picked":["Headbutt","Dual Wield"],"picked":"Sentinel","floor":22},{"not_picked":["Thunderclap","Iron Wave+1"],"picked":"Metallicize+1","floor":23}],"player_experience":66599,"relics_obtained":[{"floor":6,"key":"Tiny Chest"},{"floor":9,"key":"Boot"},{"floor":10,"key":"Whetstone"},{"floor":11,"key":"Orichalcum"},{"floor":23,"key":"Ancient Tea Set"}],"event_choices":[{"damage_healed":0,"gold_gain":0,"player_choice":"Leave","damage_taken":0,"max_hp_gain":0,"max_hp_loss":0,"event_name":"The Cleric","floor":12,"gold_loss":0},{"damage_healed":0,"gold_gain":0,"player_choice":"Joined the Cult","damage_taken":6,"max_hp_gain":0,"max_hp_loss":0,"event_name":"Nest","floor":19,"gold_loss":0,"cards_obtained":["RitualDagger"]},{"damage_healed":0,"gold_gain":0,"player_choice":"Became a Ghost","damage_taken":0,"max_hp_gain":0,"max_hp_loss":40,"event_name":"Ghosts","floor":21,"gold_loss":0,"cards_obtained":["Ghostly","Ghostly","Ghostly","Ghostly","Ghostly"]},{"damage_healed":0,"gold_gain":0,"player_choice":"Fought Bandits","damage_taken":0,"max_hp_gain":0,"max_hp_loss":0,"event_name":"Masked Bandits","floor":24,"gold_loss":0}],"is_beta":false,"boss_relics":[{"not_picked":["Cursed Key","White Beast Statue"],"picked":"Runic Pyramid"}],"items_purged_floors":[4],"is_endless":false,"potions_floor_spawned":[2,6,11,14,18],"killed_by":"Masked Bandits","ascension_level":0}