{"path_per_floor":["M","M","M","?","M","R","?","E","T","T","?","M","$","M","R","B",null,"M","?","M","$","M","E","R","E","T","M","M","R","M","$","R","B",null,"M","?","M","$","M","R","M","$","T","R","?","$","M","E","R"],"character_chosen":"DEFECT","items_purchased":["FTL","Self Repair","Gremlin Horn","Streamline","Steam","Steam Power","Ornamental Fan"],"gold_per_floor":[117,134,154,154,171,171,271,305,335,335,335,351,195,211,211,312,312,325,325,344,172,184,218,218,244,244,262,279,279,296,2,2,102,102,117,117,128,70,89,89,99,34,57,57,357,29,48,75,75,75],"floor_reached":50,"campfire_rested":0,"playtime":2790,"item_purchase_floors":[13,21,31,38,38,42,46],"current_hp_per_floor":[38,35,35,35,35,35,35,26,26,26,26,24,24,24,24,34,75,75,75,67,67,68,75,75,75,75,75,75,75,75,72,72,28,72,72,72,72,72,72,72,55,55,55,55,62,62,69,69,69,0],"items_purged":["Strike_B","Strike_B","Parasite","Parasite"],"gold":75,"score":814,"play_id":"aeaafb21-f47d-4628-b0fe-9767cdcc3da7","local_time":"20180606171041","is_prod":false,"is_daily":false,"chose_seed":false,"is_ascension_mode":false,"campfire_upgraded":8,"win_rate":0,"timestamp":1528272641,"campfire_choices":[{"data":"Loop","floor":6,"key":"SMITH"},{"data":"Dualcast","floor":15,"key":"SMITH"},{"data":"Hyperbeam","floor":24,"key":"SMITH"},{"data":"Hyperbeam","floor":29,"key":"SMITH"},{"data":"Beam Cell","floor":32,"key":"SMITH"},{"data":"Buffer","floor":40,"key":"SMITH"},{"data":"Steam Power","floor":44,"key":"SMITH"},{"data":"Streamline","floor":49,"key":"SMITH"}],"path_taken":["M","M","M","?","M","R","?","E","T","?","?","M","$","M","R","BOSS","M","?","M","$","M","E","R","E","T","M","M","R","M","?","R","BOSS","M","?","M","$","M","R","M","$","T","R","?","?","M","E","R","BOSS"],"build_version":"2018-06-04v2","seed_source_timestamp":70616743886157,"purchased_purges":4,"victory":false,"master_deck":["Defend_B","Defend_B","Defend_B","Zap","Dualcast+1","Hyperbeam+1","Beam Cell+1","Turbo","Sweeping Beam","Self Repair+1","Redo","Go for the Eyes","FTL","FTL","Hyperbeam+1","Streamline+1","Loop","RitualDagger","Turbo","Self Repair","Melter","FTL+1","Compile Driver+1","Go for the Eyes","Go for the Eyes","Hologram","Buffer+1","Rebound+1","Dark Shackles","Streamline+1","Streamline","Steam","Compile Driver","Go for the Eyes+1","Steam Power+1","Turbo+1","Compile Driver+1","Doom and Gloom+1"],"max_hp_per_floor":[75,75,75,75,75,75,75,75,75,75,75,75,75,75,75,75,75,75,75,75,75,75,75,75,75,75,75,75,75,75,72,72,72,72,72,72,72,72,72,72,72,72,72,72,72,69,69,69,69,69],"relics":["Cracked Core","Anchor","Tiny Chest","Ice Cream","Cursed Key","The Courier","Centennial Puzzle","Pen Nib","Gremlin Horn","Lizard Tail","Singing Bowl","Old Coin","Ornamental Fan","Emotion Chip"],"card_choices":[{"not_picked":["Coolheaded","Rebound"],"picked":"Turbo","floor":1},{"not_picked":["Hello World","Coolheaded"],"picked":"Sweeping Beam","floor":2},{"not_picked":["Redo","Reprogram"],"picked":"Loop","floor":3},{"not_picked":["Ball Lightning","Capacitor"],"picked":"Self Repair","floor":5},{"not_picked":["Gash","Rebound"],"picked":"Redo","floor":8},{"not_picked":["Skim","Hologram"],"picked":"Go for the Eyes","floor":12},{"not_picked":["Blizzard","Beam Cell"],"picked":"FTL","floor":14},{"not_picked":["Buffer","Electrodynamics"],"picked":"Hyperbeam","floor":16},{"not_picked":["Stack","Scrape"],"picked":"Streamline","floor":18},{"not_picked":["Rebound","Capacitor"],"picked":"Turbo","floor":20},{"not_picked":["Go for the Eyes","Ball Lightning+1"],"picked":"Melter","floor":22},{"not_picked":["Reinforced Body","Ball Lightning"],"picked":"FTL+1","floor":23},{"not_picked":["Static Discharge","Coolheaded"],"picked":"Compile Driver+1","floor":25},{"not_picked":["Rip and Tear+1","Rebound+1"],"picked":"Go for the Eyes","floor":27},{"not_picked":["Gash","Conserve Battery"],"picked":"Go for the Eyes","floor":28},{"not_picked":["Scrape","Electrodynamics"],"picked":"Hologram","floor":30},{"not_picked":["Seek","Rainbow"],"picked":"Buffer","floor":33},{"not_picked":["Compile Driver","Sunder+1"],"picked":"Rebound+1","floor":35},{"not_picked":["Swift Strike","Flash of Steel"],"picked":"Dark Shackles","floor":36},{"not_picked":["Redo+1","Aggregate"],"picked":"Streamline+1","floor":37},{"not_picked":["Conserve Battery+1","Lockon+1"],"picked":"Compile Driver","floor":39},{"not_picked":["Tempest+1","Hologram+1"],"picked":"Go for the Eyes+1","floor":41},{"not_picked":["Chaos","Meteor Strike"],"picked":"Turbo+1","floor":45},{"not_picked":["Fusion","Rebound"],"picked":"Compile Driver+1","floor":47},{"not_picked":["Static Discharge","Blizzard+1"],"picked":"Doom and Gloom+1","floor":48}],"player_experience":239618,"potions_floor_usage":[8,23,25,33,41,47,48,50,50],"damage_taken":[{"damage":0,"enemies":"Cultist","floor":1,"turns":3},{"damage":3,"enemies":"Small Slimes","floor":2,"turns":2},{"damage":0,"enemies":"2 Louse","floor":3,"turns":1},{"damage":0,"enemies":"Gremlin Gang","floor":5,"turns":1},{"damage":16,"enemies":"Gremlin Nob","floor":8,"turns":3},{"damage":12,"enemies":"Blue Slaver","floor":12,"turns":3},{"damage":0,"enemies":"Looter","floor":14,"turns":1},{"damage":0,"enemies":"Slime Boss","floor":16,"turns":8},{"damage":0,"enemies":"3 Byrds","floor":18,"turns":2},{"damage":18,"enemies":"Chosen","floor":20,"turns":3},{"damage":16,"enemies":"Snake Plant","floor":22,"turns":4},{"damage":0,"enemies":"Slavers","floor":23,"turns":3},{"damage":17,"enemies":"Book of Stabbing","floor":25,"turns":4},{"damage":9,"enemies":"Centurion and Healer","floor":27,"turns":3},{"damage":2,"enemies":"3 Cultists","floor":28,"turns":3},{"damage":15,"enemies":"Snake Plant","floor":30,"turns":3},{"damage":61,"enemies":"Automaton","floor":33,"turns":8},{"damage":0,"enemies":"Flame Bruiser 1 Orb","floor":35,"turns":3},{"damage":9,"enemies":"3 Shapes","floor":37,"turns":4},{"damage":1,"enemies":"3 Darklings","floor":39,"turns":3},{"damage":24,"enemies":"Sphere and 2 Shapes","floor":41,"turns":4},{"damage":10,"floor":45,"turns":6},{"damage":2,"enemies":"Maw","floor":47,"turns":6},{"damage":15,"enemies":"Giant Head","floor":48,"turns":7},{"damage":134,"enemies":"Time Eater","floor":50,"turns":13}],"relics_obtained":[{"floor":8,"key":"Anchor"},{"floor":9,"key":"Tiny Chest"},{"floor":10,"key":"Ice Cream"},{"floor":23,"key":"The Courier"},{"floor":25,"key":"Centennial Puzzle"},{"floor":26,"key":"Pen Nib"},{"floor":43,"key":"Singing Bowl"},{"floor":45,"key":"Old Coin"},{"floor":48,"key":"Emotion Chip"}],"event_choices":[{"event_name":"Living Wall","player_choice":"Forget","floor":4,"damage_taken":0},{"event_name":"Golden Shrine","player_choice":"Pray","floor":7,"damage_taken":0},{"event_name":"Upgrade Shrine","player_choice":"Upgraded","floor":11,"damage_taken":0},{"event_name":"Nest","player_choice":"Joined the Cult","floor":19,"damage_taken":0},{"event_name":"SensoryStone","player_choice":"Memory 1","floor":36,"damage_taken":0},{"event_name":"MindBloom","player_choice":"Fight","floor":45,"damage_taken":0}],"boss_relics":[{"not_picked":["Inserter","Busted Crown"],"picked":"Cursed Key"},{"not_picked":["Black Star","Snecko Eye"],"picked":"Lizard Tail"}],"items_purged_floors":[13,21,31,46],"potions_floor_spawned":[2,3,8,14,16,18,22,23,25,28,35,39,45,48],"seed_played":"-9088438856148581550","killed_by":"Time Eater","ascension_level":0,"potions_obtained":[{"floor":2,"key":"Fire Potion"},{"floor":3,"key":"Dexterity Potion"},{"floor":8,"key":"Block Potion"},{"floor":14,"key":"FocusPotion"},{"floor":18,"key":"PowerPotion"},{"floor":23,"key":"Block Potion"},{"floor":25,"key":"Regen Potion"},{"floor":35,"key":"Block Potion"},{"floor":39,"key":"Fire Potion"},{"floor":45,"key":"FearPotion"},{"floor":48,"key":"Dexterity Potion"}],"is_trial":false}