{"gold_per_floor":[219,238,250,250,220,251,251,279,279,290,325,325,340,352,352,454,454],"floor_reached":17,"playtime":1314,"items_purged":[],"score":257,"play_id":"86787810-2b72-4fd8-aaa7-a43202b48259","local_time":"20190205214738","is_ascension_mode":true,"campfire_choices":[{"data":"Neutralize","floor":7,"key":"SMITH"},{"floor":15,"key":"REST"}],"neow_cost":"NONE","seed_source_timestamp":437650250360572,"circlet_count":0,"master_deck":["Defend_G","Defend_G","Defend_G","Defend_G","Defend_G","Strike_G","Strike_G","Strike_G","Strike_G","Strike_G","Survivor","Neutralize+1","Dagger Spray","Cloak And Dagger","Dash","Unload","Bouncing Flask","Deflect","Backflip","Infinite Blades","Crippling Poison","Adrenaline"],"relics":["Ring of the Snake","Oddly Smooth Stone","Bottled Flame","Pantograph","Letter Opener","Snecko Eye"],"potions_floor_usage":[6,11,13,16],"damage_taken":[{"damage":5,"enemies":"Jaw Worm","floor":1,"turns":5},{"damage":0,"enemies":"2 Louse","floor":2,"turns":2},{"damage":0,"enemies":"Cultist","floor":3,"turns":4},{"damage":23,"enemies":"Gremlin Nob","floor":6,"turns":5},{"damage":19,"enemies":"Lagavulin","floor":8,"turns":11},{"damage":2,"enemies":"2 Fungi Beasts","floor":10,"turns":3},{"damage":1,"enemies":"3 Sentries","floor":11,"turns":8},{"damage":6,"enemies":"Gremlin Gang","floor":13,"turns":4},{"damage":0,"enemies":"3 Louse","floor":14,"turns":4},{"damage":3,"enemies":"Hexaghost","floor":16,"turns":10}],"seed_played":"-7917988795495279840","potions_obtained":[{"floor":1,"key":"Strength Potion"},{"floor":5,"key":"FairyPotion"},{"floor":5,"key":"Dexterity Potion"},{"floor":11,"key":"Regen Potion"},{"floor":13,"key":"GhostInAJar"},{"floor":14,"key":"SteroidPotion"},{"floor":16,"key":"SteroidPotion"}],"is_trial":false,"path_per_floor":["M","M","M","?","?","E","R","E","T","M","E","?","M","M","R","B",null],"character_chosen":"THE_SILENT","items_purchased":[],"campfire_rested":1,"item_purchase_floors":[],"current_hp_per_floor":[58,58,58,63,63,40,40,21,21,19,18,11,14,14,36,58,71],"gold":454,"neow_bonus":"HUNDRED_GOLD","is_prod":false,"is_daily":false,"chose_seed":false,"campfire_upgraded":1,"win_rate":0,"timestamp":1549432058,"path_taken":["M","M","M","?","?","E","R","E","T","?","E","?","M","?","R","BOSS"],"build_version":"2019-01-23","purchased_purges":0,"victory":false,"max_hp_per_floor":[70,70,70,75,75,75,75,75,75,75,75,75,75,75,75,75,75],"card_choices":[{"not_picked":["Reflex","Deflect"],"picked":"Dagger Spray","floor":1},{"not_picked":["Backflip","Flechettes"],"picked":"Cloak And Dagger","floor":2},{"not_picked":["Leg Sweep","Escape Plan"],"picked":"Dash","floor":3},{"not_picked":["Dodge and Roll","Accuracy"],"picked":"Unload","floor":6},{"not_picked":["Bane","All Out Attack"],"picked":"Bouncing Flask","floor":8},{"not_picked":["Quick Slash","Slice"],"picked":"Deflect","floor":10},{"not_picked":["Dodge and Roll","Blade Dance"],"picked":"Backflip","floor":11},{"not_picked":["Expertise","Acrobatics"],"picked":"Infinite Blades","floor":13},{"not_picked":["Deflect","Eviscerate"],"picked":"Crippling Poison","floor":14},{"not_picked":["Burst","Doppelganger"],"picked":"Adrenaline","floor":16}],"player_experience":481928,"relics_obtained":[{"floor":6,"key":"Oddly Smooth Stone"},{"floor":8,"key":"Bottled Flame"},{"floor":9,"key":"Pantograph"},{"floor":11,"key":"Letter Opener"}],"event_choices":[{"damage_healed":0,"gold_gain":0,"player_choice":"Donut","damage_taken":0,"max_hp_gain":5,"max_hp_loss":0,"event_name":"Big Fish","floor":4,"gold_loss":0},{"damage_healed":0,"gold_gain":0,"player_choice":"Bought 2 Potions","damage_taken":0,"max_hp_gain":0,"max_hp_loss":0,"event_name":"The Woman in Blue","floor":5,"gold_loss":0},{"damage_healed":0,"gold_gain":0,"player_choice":"Damaged","damage_taken":7,"max_hp_gain":0,"max_hp_loss":0,"event_name":"Wheel of Change","floor":12,"gold_loss":0}],"is_beta":false,"boss_relics":[{"not_picked":["Runic Dome","Coffee Dripper"],"picked":"Snecko Eye"}],"items_purged_floors":[],"is_endless":false,"potions_floor_spawned":[1,11,13,14,16],"ascension_level":9}