{"gold_per_floor":[111,111,131,92,267,267,302,302,383,323,323,342,181,181,181,276,276,295,295,295,295,5,104,132,47,93,0,10,10,20,45,45,45],"floor_reached":33,"playtime":1233,"items_purged":["Doubt"],"score":352,"play_id":"c8df0174-cb5b-43a8-8de8-fda004b08427","local_time":"20190104104833","daily_mods":["SealedDeck","Specialized","Heirloom"],"is_ascension_mode":false,"campfire_choices":[{"data":"Loop","floor":6,"key":"SMITH"},{"data":"Redo","floor":8,"key":"SMITH"},{"data":"Redo","floor":15,"key":"SMITH"},{"data":"Defragment","floor":32,"key":"SMITH"}],"neow_cost":"","seed_source_timestamp":0,"circlet_count":0,"master_deck":["Leap","Leap","Redo+1","Darkness+1","Ball Lightning","Auto Shields","Loop+1","Conserve Battery","Conserve Battery","Self Repair","Coolheaded+1","Cold Snap+1","Capacitor","Redo+1","Creative AI","Defragment+1","Self Repair","Loop","Self Repair","Loop","Static Discharge","Self Repair","Capacitor","Creative AI","Fission","Self Repair","Loop","Storm","BootSequence","Self Repair"],"relics":["Cracked Core","WingedGreaves","Blood Vial","The Courier","Membership Card","Black Star","Gremlin Horn","Shuriken","Pen Nib","Boot","Ornamental Fan","PreservedInsect"],"potions_floor_usage":[31,31],"damage_taken":[{"damage":0,"enemies":"Small Slimes","floor":1,"turns":4},{"damage":0,"enemies":"Cultist","floor":3,"turns":3},{"damage":0,"enemies":"Lagavulin","floor":7,"turns":7},{"damage":0,"enemies":"2 Louse","floor":12,"turns":2},{"damage":18,"enemies":"Slime Boss","floor":16,"turns":7},{"damage":1,"enemies":"Shell Parasite","floor":18,"turns":6},{"damage":40,"enemies":"Book of Stabbing","floor":24,"turns":7},{"damage":13,"enemies":"Chosen","floor":28,"turns":7},{"damage":34,"enemies":"Snake Plant","floor":30,"turns":5},{"damage":23,"enemies":"Gremlin Leader","floor":31,"turns":5},{"damage":94,"enemies":"Automaton","floor":33,"turns":6}],"seed_played":"-542144552389777068","potions_obtained":[{"floor":3,"key":"AttackPotion"},{"floor":28,"key":"Explosive Potion"}],"is_trial":true,"path_per_floor":["M","?","M","$","?","R","E","R","T","$","$","M","$","?","R","B",null,"M","?","?","?","$","?","E","?","T","$","M","?","M","E","R","B"],"character_chosen":"DEFECT","items_purchased":["Capacitor","Membership Card","Defragment","Self Repair","Loop","Self Repair","Loop","Static Discharge","Self Repair","Capacitor","Creative AI","Self Repair","Loop","Storm"],"campfire_rested":0,"item_purchase_floors":[4,13,22,22,22,22,22,22,22,22,22,27,27,27],"current_hp_per_floor":[75,75,75,75,75,75,75,75,75,75,75,75,75,60,60,51,75,75,75,61,61,61,61,37,37,37,37,61,53,63,77,77,0],"gold":45,"neow_bonus":"","is_prod":false,"is_daily":false,"chose_seed":false,"campfire_upgraded":4,"win_rate":0,"timestamp":1546566513,"path_taken":["M","?","M","?","?","R","E","R","T","?","$","M","$","?","R","BOSS","M","?","?","?","$","?","E","?","T","?","?","?","?","E","R","BOSS"],"build_version":"2018-12-20","purchased_purges":1,"victory":false,"max_hp_per_floor":[75,75,75,75,75,75,75,75,75,75,75,75,75,75,75,75,75,75,75,80,80,80,80,80,80,80,80,80,80,80,80,80,80],"card_choices":[{"not_picked":["Melter","Doom and Gloom"],"picked":"Coolheaded","floor":1},{"not_picked":["Scrape","Heatsinks"],"picked":"Cold Snap","floor":3},{"not_picked":["Tempest","Aggregate","Static Discharge"],"picked":"SKIP","floor":7},{"not_picked":["Skim","Cold Snap"],"picked":"Redo","floor":12},{"not_picked":["Electrodynamics","Seek"],"picked":"Creative AI","floor":16},{"not_picked":["White Noise","Go for the Eyes","Blizzard"],"picked":"SKIP","floor":18},{"not_picked":["Ball Lightning","White Noise"],"picked":"Fission","floor":24},{"not_picked":["Beam Cell","Streamline+1","Steam Power+1"],"picked":"SKIP","floor":28},{"not_picked":["Sweeping Beam+1","Aggregate"],"picked":"BootSequence","floor":30},{"not_picked":["Leap","Streamline"],"picked":"Self Repair","floor":31}],"player_experience":727715,"relics_obtained":[{"floor":7,"key":"Blood Vial"},{"floor":9,"key":"The Courier"},{"floor":24,"key":"Gremlin Horn"},{"floor":24,"key":"Shuriken"},{"floor":26,"key":"Boot"},{"floor":31,"key":"Ornamental Fan"},{"floor":31,"key":"PreservedInsect"}],"event_choices":[{"damage_healed":0,"gold_gain":0,"player_choice":"Upgraded","damage_taken":0,"max_hp_gain":0,"max_hp_loss":0,"event_name":"Upgrade Shrine","floor":2,"gold_loss":0,"cards_upgraded":["Darkness"]},{"damage_healed":0,"gold_gain":175,"player_choice":"AGREE","damage_taken":0,"max_hp_gain":0,"max_hp_loss":0,"event_name":"Liars Game","floor":5,"gold_loss":0,"cards_obtained":["Doubt"]},{"damage_healed":0,"gold_gain":0,"player_choice":"Entered Light","damage_taken":15,"max_hp_gain":0,"max_hp_loss":0,"event_name":"Shining Light","floor":14,"gold_loss":0,"cards_upgraded":["Coolheaded","Cold Snap"]},{"damage_healed":0,"gold_gain":0,"player_choice":"Ignored","damage_taken":0,"max_hp_gain":0,"max_hp_loss":0,"event_name":"Beggar","floor":19,"gold_loss":0},{"damage_healed":0,"gold_gain":0,"player_choice":"Shed Blood","damage_taken":19,"max_hp_gain":5,"max_hp_loss":0,"event_name":"Forgotten Altar","floor":20,"gold_loss":0},{"damage_healed":0,"gold_gain":0,"player_choice":"Simplicity","damage_taken":0,"max_hp_gain":0,"max_hp_loss":0,"event_name":"Back to Basics","floor":21,"gold_loss":0,"cards_upgraded":[]},{"damage_healed":0,"gold_gain":99,"player_choice":"Stole From Cult","damage_taken":0,"max_hp_gain":0,"max_hp_loss":0,"event_name":"Nest","floor":23,"gold_loss":0},{"damage_healed":0,"gold_gain":0,"player_choice":"Obtained Relic","damage_taken":0,"relics_obtained":["Pen Nib"],"max_hp_gain":0,"max_hp_loss":0,"event_name":"Addict","floor":25,"gold_loss":85},{"damage_healed":0,"gold_gain":0,"player_choice":"Damaged","damage_taken":8,"max_hp_gain":0,"max_hp_loss":0,"event_name":"Wheel of Change","floor":29,"gold_loss":0}],"is_beta":false,"boss_relics":[{"not_picked":["Inserter","Tiny House"],"picked":"Black Star"}],"items_purged_floors":[10],"is_endless":false,"potions_floor_spawned":[3,28],"killed_by":"Automaton","ascension_level":0}