{"gold_per_floor":[114,128,52,102,120,151,166,166,192,192,219,238,238,263,263,334,334,334,334,334,334,334,334,334,259,259,259,259,259,259,259,259,259,259,259,259,259,127,127,127,127,127,127,127,127,127,38,38,38,38],"floor_reached":50,"playtime":3613,"items_purged":["Normality"],"score":1039,"play_id":"da3d10ab-b11a-47aa-9611-3b63e8d2e606","local_time":"20181216194421","is_ascension_mode":true,"campfire_choices":[{"floor":8.0,"key":"REST"},{"data":"Neutralize","floor":10.0,"key":"SMITH"},{"floor":15.0,"key":"REST"},{"floor":23.0,"key":"REST"},{"data":"Well Laid Plans","floor":29.0,"key":"SMITH"},{"data":"Tactician","floor":32.0,"key":"SMITH"},{"data":"Burst","floor":40,"key":"SMITH"},{"data":"Leg Sweep","floor":44,"key":"SMITH"},{"floor":49,"key":"REST"}],"neow_cost":"NONE","seed_source_timestamp":36082578011600,"circlet_count":0,"master_deck":["AscendersBane","Survivor","Neutralize+1","Dagger Throw","Prepared","Dagger Throw","Tactician+1","Predator","Bane","Deflect","Heel Hook","Outmaneuver","PiercingWail","PiercingWail","Well Laid Plans+1","Blur+1","Deadly Poison","Cloak And Dagger","After Image","Cloak And Dagger","Poisoned Stab+1","Skewer","Cloak And Dagger","Burst+1","Cloak And Dagger+1","Leg Sweep+1","Acrobatics","Backflip+1","Deadly Poison+1","Normality","Backflip","Dodge and Roll","Footwork","Backflip","Leg Sweep+1","Dodge and Roll"],"special_seed":0,"relics":["Pandora\u0027s Box","Happy Flower","Bronze Scales","PreservedInsect","Ancient Tea Set","Ectoplasm","Matryoshka","Bottled Tornado","Bag of Marbles","Pantograph","Orrery","Regal Pillow","Dream Catcher","Anchor"],"potions_floor_usage":[42,50,50],"damage_taken":[{"damage":2.0,"enemies":"Cultist","floor":1.0,"turns":3.0},{"damage":0.0,"enemies":"2 Louse","floor":2.0,"turns":2.0},{"damage":0.0,"enemies":"Small Slimes","floor":5.0,"turns":2.0},{"damage":17.0,"enemies":"3 Sentries","floor":6.0,"turns":8.0},{"damage":13.0,"enemies":"Exordium Thugs","floor":7.0,"turns":6.0},{"damage":11.0,"enemies":"Gremlin Nob","floor":11.0,"turns":4.0},{"damage":0.0,"enemies":"Large Slime","floor":12.0,"turns":3.0},{"damage":2.0,"enemies":"Lagavulin","floor":14.0,"turns":4.0},{"damage":10.0,"enemies":"Hexaghost","floor":16.0,"turns":9.0},{"damage":17.0,"enemies":"Spheric Guardian","floor":18.0,"turns":5.0},{"damage":1.0,"enemies":"Chosen","floor":19.0,"turns":4.0},{"damage":16.0,"enemies":"Sentry and Sphere","floor":21.0,"turns":6.0},{"damage":16.0,"enemies":"Chosen and Byrds","floor":22.0,"turns":7.0},{"damage":1.0,"enemies":"Gremlin Leader","floor":24.0,"turns":5.0},{"damage":0.0,"enemies":"Centurion and Healer","floor":28.0,"turns":6.0},{"damage":2.0,"enemies":"Colosseum Slavers","floor":30.0,"turns":4.0},{"damage":0.0,"enemies":"Snake Plant","floor":31.0,"turns":4.0},{"damage":41.0,"enemies":"Collector","floor":33.0,"turns":12.0},{"damage":0.0,"enemies":"3 Darklings","floor":35.0,"turns":5.0},{"damage":0.0,"enemies":"Orb Walker","floor":36.0,"turns":4.0},{"damage":0,"enemies":"Sphere and 2 Shapes","floor":41,"turns":9},{"damage":7,"enemies":"Transient","floor":42,"turns":6},{"damage":8,"enemies":"Writhing Mass","floor":48,"turns":9},{"damage":70,"enemies":"Time Eater","floor":50,"turns":20}],"seed_played":"-5939030139472743050","potions_obtained":[{"floor":2.0,"key":"Poison Potion"},{"floor":7.0,"key":"Strength Potion"},{"floor":14.0,"key":"SpeedPotion"},{"floor":22.0,"key":"Swift Potion"},{"floor":24.0,"key":"SpeedPotion"},{"floor":33.0,"key":"GhostInAJar"},{"floor":35.0,"key":"EssenceOfSteel"},{"floor":48,"key":"Strength Potion"}],"is_trial":false,"path_per_floor":["M","M","$","?","M","E","M","R","T","R","E","M","?","E","R","B",null,"M","M","T","M","M","R","E","?","T","?","M","R","?","M","R","B",null,"M","M","?","$","?","R","M","M","T","R","?","T","$","M","R","B"],"character_chosen":"THE_SILENT","items_purchased":["Well Laid Plans","Backflip","Footwork","Backflip"],"campfire_rested":4,"item_purchase_floors":[3,38,47,47],"current_hp_per_floor":[57,57,57,51,51,34,21,40,40,40,29,29,29,27,46,36,59,42,41,41,25,9,28,27,27,27,27,27,27,25,25,25,9,52,52,52,52,52,47,47,47,40,40,40,40,40,40,32,63,0],"gold":38,"neow_bonus":"BOSS_RELIC","is_prod":false,"is_daily":false,"chose_seed":false,"campfire_upgraded":5,"win_rate":0,"timestamp":1545007461,"path_taken":["M","?","$","?","M","E","M","R","T","R","E","?","?","E","R","BOSS","M","M","?","M","?","R","E","?","T","?","?","R","?","M","R","BOSS","M","M","?","$","?","R","M","M","T","R","?","?","?","M","R","BOSS"],"build_version":"2018-11-15","purchased_purges":1,"victory":false,"max_hp_per_floor":[66,66,66,66,66,66,66,66,66,66,66,66,66,66,66,66,66,66,66,66,66,66,66,66,66,66,66,66,66,66,66,66,66,66,66,66,66,66,66,66,66,66,66,66,63,63,63,63,63,63],"card_choices":[{"not_picked":["Skewer","Acrobatics"],"picked":"PiercingWail","floor":1.0},{"not_picked":["Blade Dance","Flying Knee"],"picked":"PiercingWail","floor":2.0},{"not_picked":["Dodge and Roll","Expertise"],"picked":"Blur","floor":5.0},{"not_picked":["Heel Hook","Venomology","Slice"],"picked":"SKIP","floor":6.0},{"not_picked":["Blade Dance","Heel Hook","Crippling Poison"],"picked":"SKIP","floor":7.0},{"not_picked":["Dagger Throw","Poisoned Stab","Prepared"],"picked":"SKIP","floor":11.0},{"not_picked":["Slice","Expertise"],"picked":"Deadly Poison","floor":12.0},{"not_picked":["Venomology","Accuracy"],"picked":"Cloak And Dagger","floor":14.0},{"not_picked":["Phantasmal Killer","Glass Knife"],"picked":"After Image","floor":16.0},{"not_picked":["Deadly Poison","Prepared","Poisoned Stab"],"picked":"SKIP","floor":18.0},{"not_picked":["Underhanded Strike","Blade Dance+1"],"picked":"Cloak And Dagger","floor":19.0},{"not_picked":["Quick Slash","Prepared"],"picked":"Poisoned Stab+1","floor":21.0},{"not_picked":["Dagger Spray","Prepared","Setup+1"],"picked":"SKIP","floor":22.0},{"not_picked":["Quick Slash","Reflex"],"picked":"Skewer","floor":24.0},{"not_picked":["Concentrate","Bane"],"picked":"Cloak And Dagger","floor":28.0},{"not_picked":["Quick Slash","Distraction","Grand Finale"],"picked":"SKIP","floor":31.0},{"not_picked":["Doppelganger","Venomology"],"picked":"Burst","floor":33.0},{"not_picked":["Concentrate+1","Outmaneuver"],"picked":"Cloak And Dagger+1","floor":34.0},{"not_picked":["Poisoned Stab","PiercingWail"],"picked":"Leg Sweep","floor":34.0},{"not_picked":["Prepared","Blade Dance+1"],"picked":"Acrobatics","floor":34.0},{"not_picked":["Dodge and Roll","Blur+1"],"picked":"Backflip+1","floor":35.0},{"not_picked":["Masterful Stab","Poisoned Stab"],"picked":"Deadly Poison+1","floor":36.0},{"not_picked":["Prepared","Dagger Throw+1","Poisoned Stab+1"],"picked":"SKIP","floor":41},{"not_picked":["Finisher","Predator"],"picked":"Dodge and Roll","floor":42},{"not_picked":["Backflip","Bouncing Flask"],"picked":"Leg Sweep+1","floor":48},{"not_picked":["Cloak And Dagger","Flying Knee"],"picked":"Dodge and Roll","floor":49}],"player_experience":1833860,"relics_obtained":[{"floor":6.0,"key":"Happy Flower"},{"floor":9.0,"key":"Bronze Scales"},{"floor":11.0,"key":"PreservedInsect"},{"floor":14.0,"key":"Ancient Tea Set"},{"floor":20.0,"key":"Matryoshka"},{"floor":24.0,"key":"Bottled Tornado"},{"floor":26.0,"key":"Bag of Marbles"},{"floor":26.0,"key":"Pantograph"},{"floor":43,"key":"Regal Pillow"},{"floor":43,"key":"Dream Catcher"},{"floor":46,"key":"Anchor"}],"event_choices":[{"damage_healed":0.0,"max_hp_gain":0.0,"max_hp_loss":0.0,"gold_gain":50.0,"event_name":"FaceTrader","player_choice":"Touch","floor":4.0,"gold_loss":0.0,"damage_taken":6.0},{"damage_healed":0.0,"max_hp_gain":0.0,"max_hp_loss":0.0,"gold_gain":0.0,"event_name":"Upgrade Shrine","player_choice":"Upgraded","floor":13.0,"gold_loss":0.0,"damage_taken":0.0,"cards_upgraded":["Blur"]},{"cards_removed":["Slice"],"damage_healed":0.0,"max_hp_gain":0.0,"max_hp_loss":0.0,"gold_gain":0.0,"event_name":"Beggar","player_choice":"Gave Gold","floor":25.0,"gold_loss":75.0,"damage_taken":0.0},{"damage_healed":0.0,"max_hp_gain":0.0,"max_hp_loss":0.0,"gold_gain":50.0,"event_name":"Golden Shrine","player_choice":"Pray","floor":27.0,"gold_loss":0.0,"damage_taken":0.0},{"damage_healed":0.0,"max_hp_gain":0.0,"max_hp_loss":0.0,"gold_gain":0.0,"event_name":"Colosseum","player_choice":"Fight","floor":30.0,"gold_loss":0.0,"damage_taken":0.0},{"damage_healed":0.0,"max_hp_gain":0.0,"max_hp_loss":0.0,"gold_gain":0.0,"event_name":"Colosseum","player_choice":"Fled From Nobs","floor":30.0,"gold_loss":0.0,"damage_taken":0.0},{"damage_healed":0.0,"max_hp_gain":0.0,"max_hp_loss":0.0,"gold_gain":999.0,"event_name":"MindBloom","player_choice":"Gold","floor":37.0,"gold_loss":0.0,"damage_taken":0.0,"cards_obtained":["Normality","Normality"]},{"damage_healed":0,"gold_gain":0,"player_choice":"Memory 2","damage_taken":5,"max_hp_gain":0,"max_hp_loss":0,"event_name":"SensoryStone","floor":39,"gold_loss":0},{"damage_healed":0,"gold_gain":0,"player_choice":"Max HP","damage_taken":0,"max_hp_gain":0,"max_hp_loss":3,"event_name":"Winding Halls","floor":45,"gold_loss":0}],"is_beta":true,"boss_relics":[{"not_picked":["Busted Crown","Lizard Tail"],"picked":"Ectoplasm"},{"not_picked":["Coffee Dripper","Calling Bell"],"picked":"Orrery"}],"items_purged_floors":[38],"is_endless":false,"potions_floor_spawned":[2,7,14,22,24,30,33,35,36,48],"killed_by":"Time Eater","ascension_level":20}