{"gold_per_floor":[118,130,230,246,257,282,282,302,353,363,377,377,102,134,134,134],"floor_reached":16,"playtime":537,"items_purged":[],"score":182,"play_id":"42ec7947-dfec-403f-b2d1-fc5947975439","local_time":"20181226203336","is_ascension_mode":true,"campfire_choices":[{"data":"Streamline","floor":7,"key":"SMITH"},{"floor":12,"key":"REST"},{"floor":15,"key":"REST"}],"neow_cost":"TEN_PERCENT_HP_LOSS","seed_source_timestamp":265003423253887,"circlet_count":0,"master_deck":["AscendersBane","Strike_B","Strike_B","Strike_B","Strike_B","Defend_B","Defend_B","Defend_B","Defend_B","Zap","Dualcast","Gash","Ball Lightning","Beam Cell","Streamline+1","Skim","All For One","Chill","Scrape","Go for the Eyes","Steam Power"],"relics":["Cracked Core","Dead Branch","StoneCalendar","Ancient Tea Set","Molten Egg 2","Meat on the Bone"],"potions_floor_usage":[10,16],"damage_taken":[{"damage":1,"enemies":"Cultist","floor":1,"turns":4},{"damage":0,"enemies":"2 Louse","floor":2,"turns":1},{"damage":4,"enemies":"Jaw Worm","floor":4,"turns":3},{"damage":13,"enemies":"Large Slime","floor":5,"turns":4},{"damage":25,"enemies":"3 Sentries","floor":6,"turns":6},{"damage":7,"enemies":"Looter","floor":8,"turns":3},{"damage":5,"enemies":"Lots of Slimes","floor":10,"turns":4},{"damage":7,"enemies":"Blue Slaver","floor":11,"turns":3},{"damage":21,"enemies":"Lagavulin","floor":14,"turns":4},{"damage":41,"enemies":"The Guardian","floor":16,"turns":8}],"seed_played":"-4971291762257458569","potions_obtained":[{"floor":4,"key":"SkillPotion"},{"floor":8,"key":"FearPotion"},{"floor":10,"key":"Regen Potion"},{"floor":11,"key":"Regen Potion"}],"is_trial":false,"path_per_floor":["M","M","?","M","M","E","R","M","T","M","M","R","$","E","R","B"],"character_chosen":"DEFECT","items_purchased":["Go for the Eyes","Molten Egg 2"],"campfire_rested":2,"item_purchase_floors":[13,13],"current_hp_per_floor":[67,67,67,63,50,25,25,18,18,13,6,26,26,5,25,0],"gold":134,"neow_bonus":"ONE_RARE_RELIC","is_prod":false,"is_daily":false,"chose_seed":false,"campfire_upgraded":1,"win_rate":0,"timestamp":1545874416,"path_taken":["M","?","?","M","M","E","R","M","T","M","M","R","$","E","R","BOSS"],"build_version":"2018-12-20","purchased_purges":0,"victory":false,"max_hp_per_floor":[68,68,68,68,68,68,68,68,68,68,68,68,68,68,68,68],"card_choices":[{"not_picked":["Compile Driver","Genetic Algorithm"],"picked":"Gash","floor":1},{"not_picked":["White Noise","Static Discharge"],"picked":"Ball Lightning","floor":2},{"not_picked":["Lockon","Glacier"],"picked":"Beam Cell","floor":4},{"not_picked":["Leap","Conserve Battery"],"picked":"Streamline","floor":5},{"not_picked":["Steam","Hologram"],"picked":"Skim","floor":6},{"not_picked":["Hologram","Beam Cell"],"picked":"All For One","floor":8},{"not_picked":["Barrage","Glacier"],"picked":"Chill","floor":10},{"not_picked":["Compile Driver","Stack"],"picked":"Scrape","floor":11},{"not_picked":["Hologram","Redo"],"picked":"Steam Power","floor":14}],"player_experience":410143,"relics_obtained":[{"floor":6,"key":"StoneCalendar"},{"floor":9,"key":"Ancient Tea Set"},{"floor":14,"key":"Meat on the Bone"}],"event_choices":[{"damage_healed":0,"gold_gain":100,"player_choice":"Pray","damage_taken":0,"max_hp_gain":0,"max_hp_loss":0,"event_name":"Golden Shrine","floor":3,"gold_loss":0}],"is_beta":false,"boss_relics":[],"items_purged_floors":[],"is_endless":false,"potions_floor_spawned":[4,8,10,11],"killed_by":"The Guardian","ascension_level":12}