{"gold_per_floor":[115,46,61,27,37,37,68,68,68,68,82,13,29,29,29,29],"floor_reached":16,"playtime":1029,"items_purged":[],"score":105,"play_id":"5210107c-8099-49e1-8dd9-a1f44a023126","local_time":"20190122134736","is_ascension_mode":true,"campfire_choices":[{"data":"Endless Agony","floor":6,"key":"SMITH"},{"data":"Well Laid Plans","floor":8,"key":"SMITH"},{"floor":15,"key":"REST"}],"neow_cost":"NONE","seed_source_timestamp":741562976043524,"circlet_count":0,"master_deck":["Defend_G","Defend_G","Defend_G","Defend_G","Defend_G","Strike_G","Strike_G","Strike_G","Strike_G","Survivor","Neutralize","Flying Knee","Crippling Poison","PiercingWail","Noxious Fumes","Endless Agony+1","Well Laid Plans+1","Blade Dance","Dodge and Roll","Footwork"],"relics":["Ring of the Snake","NeowsBlessing","Bottled Flame","Dodecahedron"],"potions_floor_usage":[16,16],"damage_taken":[{"damage":0,"enemies":"Cultist","floor":1,"turns":1},{"damage":0,"enemies":"Small Slimes","floor":3,"turns":1},{"damage":0,"enemies":"2 Louse","floor":5,"turns":1},{"damage":18,"enemies":"Gremlin Nob","floor":7,"turns":5},{"damage":8,"enemies":"Lots of Slimes","floor":11,"turns":2},{"damage":2,"enemies":"Gremlin Gang","floor":13,"turns":5},{"damage":65,"enemies":"Hexaghost","floor":16,"turns":12}],"seed_played":"7657611924751600463","potions_obtained":[{"floor":3,"key":"GhostInAJar"},{"floor":7,"key":"PowerPotion"}],"is_trial":false,"path_per_floor":["M","$","M","$","M","R","E","R","T","?","M","$","M","$","R","B"],"character_chosen":"THE_SILENT","items_purchased":["Crippling Poison","Noxious Fumes","Footwork"],"campfire_rested":1,"item_purchase_floors":[2,4,12],"current_hp_per_floor":[70,70,70,70,70,70,52,52,52,52,44,44,42,42,63,0],"gold":29,"neow_bonus":"THREE_ENEMY_KILL","is_prod":false,"is_daily":false,"chose_seed":false,"campfire_upgraded":2,"win_rate":0,"timestamp":1548182856,"path_taken":["M","$","?","$","M","R","E","R","T","?","?","?","M","$","R","BOSS"],"build_version":"2019-01-17v2","purchased_purges":0,"victory":false,"max_hp_per_floor":[70,70,70,70,70,70,70,70,70,70,70,70,70,70,70,70],"card_choices":[{"not_picked":["Prepared","Acrobatics"],"picked":"Flying Knee","floor":1},{"not_picked":["Reflex","Concentrate"],"picked":"PiercingWail","floor":3},{"not_picked":["Dodge and Roll","Flying Knee"],"picked":"Endless Agony","floor":5},{"not_picked":["PiercingWail","All Out Attack"],"picked":"Well Laid Plans","floor":7},{"not_picked":["Reflex","Sucker Punch"],"picked":"Dodge and Roll","floor":11},{"not_picked":["Infinite Blades","Blade Dance","Deflect"],"picked":"SKIP","floor":13}],"player_experience":143531,"relics_obtained":[{"floor":7,"key":"Bottled Flame"},{"floor":9,"key":"Dodecahedron"}],"event_choices":[{"damage_healed":0,"gold_gain":0,"cards_transformed":["Strike_G"],"player_choice":"Transformed","damage_taken":0,"max_hp_gain":0,"max_hp_loss":0,"event_name":"Transmorgrifier","floor":10,"gold_loss":0,"cards_obtained":["Blade Dance"]}],"is_beta":false,"boss_relics":[],"items_purged_floors":[],"is_endless":false,"potions_floor_spawned":[3,7],"killed_by":"Hexaghost","ascension_level":1}