{"gold_per_floor":[115,40,40,59,77,77,92,92,92,92,106,256,267,192,192,266,266,284,304,304],"floor_reached":20,"playtime":716,"items_purged":["Doubt"],"score":307,"play_id":"e9df83ea-8901-414b-b61d-918056f6bde8","local_time":"20190102204728","is_ascension_mode":true,"campfire_choices":[{"data":"Zap","floor":6,"key":"SMITH"},{"data":"Dualcast","floor":8,"key":"SMITH"},{"data":"Conserve Battery","floor":10,"key":"SMITH"},{"data":"Loop","floor":15,"key":"SMITH"}],"neow_cost":"NONE","seed_source_timestamp":1395773645167424,"circlet_count":0,"master_deck":["AscendersBane","Strike_B","Strike_B","Strike_B","Strike_B","Defend_B","Defend_B","Defend_B","Defend_B","Zap+1","Dualcast+1","Conserve Battery+1","Loop+1","BootSequence","Capacitor","Glacier","Coolheaded","Electrodynamics","Reboot","Cold Snap","Chill"],"relics":["Cracked Core","NeowsBlessing","CultistMask","Meat on the Bone","Sozu"],"potions_floor_usage":[18],"damage_taken":[{"damage":0,"enemies":"Small Slimes","floor":1,"turns":1},{"damage":0,"enemies":"Cultist","floor":4,"turns":1},{"damage":0,"enemies":"Jaw Worm","floor":5,"turns":1},{"damage":16,"enemies":"Large Slime","floor":7,"turns":7},{"damage":5,"enemies":"Lots of Slimes","floor":11,"turns":5},{"damage":0,"enemies":"2 Fungi Beasts","floor":13,"turns":4},{"damage":31,"enemies":"The Guardian","floor":16,"turns":16},{"damage":18,"enemies":"Chosen","floor":18,"turns":10},{"damage":2,"enemies":"3 Byrds","floor":19,"turns":3},{"damage":45,"enemies":"Cultist and Chosen","floor":20,"turns":4}],"seed_played":"-4634606158466796934","potions_obtained":[{"floor":4,"key":"Weak Potion"},{"floor":7,"key":"Dexterity Potion"}],"is_trial":false,"path_per_floor":["M","$","?","M","M","R","M","R","T","R","M","?","M","$","R","B",null,"M","M","M"],"character_chosen":"DEFECT","items_purchased":["Loop"],"campfire_rested":0,"item_purchase_floors":[2],"current_hp_per_floor":[64,64,64,64,64,64,48,48,48,48,43,43,43,43,43,24,59,41,39,0],"gold":304,"neow_bonus":"THREE_ENEMY_KILL","is_prod":false,"is_daily":false,"chose_seed":false,"campfire_upgraded":4,"win_rate":0,"timestamp":1546429648,"path_taken":["M","$","?","M","M","R","M","R","T","R","?","?","M","$","R","BOSS","M","M","M"],"build_version":"2018-12-20","purchased_purges":1,"victory":false,"max_hp_per_floor":[71,71,71,71,71,71,71,71,71,71,71,71,71,71,71,71,71,71,71,71],"card_choices":[{"not_picked":["Stack","Ball Lightning"],"picked":"Conserve Battery","floor":1},{"not_picked":["Compile Driver","Hologram"],"picked":"BootSequence","floor":4},{"not_picked":["Coolheaded","Chaos"],"picked":"Capacitor","floor":5},{"not_picked":["Storm","Auto Shields"],"picked":"Glacier","floor":7},{"not_picked":["Static Discharge","Compile Driver"],"picked":"Coolheaded","floor":11},{"not_picked":["Compile Driver","Ball Lightning"],"picked":"Electrodynamics","floor":13},{"not_picked":["All For One","Electrodynamics"],"picked":"Reboot","floor":16},{"not_picked":["Redo+1","Hologram"],"picked":"Cold Snap","floor":18},{"not_picked":["Sweeping Beam","Steam"],"picked":"Chill","floor":19}],"player_experience":714915,"relics_obtained":[{"floor":9,"key":"Meat on the Bone"}],"event_choices":[{"damage_healed":0,"gold_gain":0,"player_choice":"Trade","damage_taken":0,"relics_obtained":["CultistMask"],"max_hp_gain":0,"max_hp_loss":0,"event_name":"FaceTrader","floor":3,"gold_loss":0},{"damage_healed":0,"gold_gain":150,"player_choice":"AGREE","damage_taken":0,"max_hp_gain":0,"max_hp_loss":0,"event_name":"Liars Game","floor":12,"gold_loss":0,"cards_obtained":["Doubt"]}],"is_beta":false,"boss_relics":[{"not_picked":["Ectoplasm","Orrery"],"picked":"Sozu"}],"items_purged_floors":[14],"is_endless":false,"potions_floor_spawned":[4,7,11,18],"killed_by":"Cultist and Chosen","ascension_level":17}