{"gold_per_floor":[115,141,141,91,110,138,138,164,212,226,226,240,253,263,263,366,366,347,347,194,208,208,208,228,242,242,242,262,262,282,293,293,395,395,411,411,14,31,51,51,98,112,158,170,197,225,254,282,294,306],"floor_reached":51,"playtime":4011,"items_purged":["Strike_B","Strike_B"],"score":698,"play_id":"d1dbddbd-10bd-48ab-aa52-1748cc7760bd","local_time":"20180729235244","is_ascension_mode":true,"campfire_choices":[{"floor":7,"key":"DIG"},{"floor":15,"key":"DIG"},{"floor":23,"key":"DIG"},{"floor":29,"key":"DIG"},{"floor":32,"key":"DIG"},{"floor":40,"key":"DIG"},{"floor":44,"key":"DIG"},{"data":"Strike_B","floor":49,"key":"PURGE"}],"neow_cost":"","seed_source_timestamp":43007883981802,"circlet_count":0,"master_deck":["Defend_B","Defend_B","Defend_B","Defend_B+1","Zap","Dualcast","Coolheaded+1","Beam Cell","Chill","Conserve Battery+1","Ball Lightning","Go for the Eyes","Creative AI","Self Repair","Fission+1","Conserve Battery+1","Consume+1","Chill+1","Beam Cell","Conserve Battery+1","Self Repair","Melter+1","Self Repair","Ball Lightning+1","Fission+1","Coolheaded+1","Capacitor","Defragment","Defragment","BootSequence+1","Conserve Battery+1","Capacitor+1","Stack+1","Coolheaded+1","Capacitor","Barrage+1","Thunder Strike"],"relics":["Cracked Core","Orichalcum","Mango","Shovel","Toxic Egg 2","War Paint","Bag of Marbles","Letter Opener","Pantograph","Fusion Hammer","Vajra","The Courier","Bag of Preparation","Ornamental Fan","Velvet Choker","DollysMirror","Peace Pipe","Gambling Chip","MawBank","Bronze Scales"],"potions_floor_usage":[6,14,50],"damage_taken":[{"damage":1,"enemies":"Cultist","floor":1,"turns":4},{"damage":4,"enemies":"Jaw Worm","floor":5,"turns":4},{"damage":6,"enemies":"Gremlin Nob","floor":6,"turns":4},{"damage":21,"enemies":"Lagavulin","floor":8,"turns":8},{"damage":0,"enemies":"2 Louse","floor":10,"turns":2},{"damage":2,"enemies":"Exordium Thugs","floor":12,"turns":3},{"damage":7,"enemies":"Red Slaver","floor":13,"turns":2},{"damage":3,"enemies":"Gremlin Gang","floor":14,"turns":3},{"damage":36,"enemies":"Hexaghost","floor":16,"turns":10},{"damage":24,"enemies":"2 Thieves","floor":18,"turns":4},{"damage":9,"enemies":"Spheric Guardian","floor":21,"turns":6},{"damage":21,"enemies":"Chosen and Byrds","floor":24,"turns":7},{"damage":6,"enemies":"Snake Plant","floor":25,"turns":7},{"damage":11,"enemies":"Snecko","floor":28,"turns":7},{"damage":6,"enemies":"Cultist and Chosen","floor":30,"turns":6},{"damage":0,"enemies":"Sentry and Sphere","floor":31,"turns":3},{"damage":68,"enemies":"Automaton","floor":33,"turns":11},{"damage":5,"enemies":"3 Shapes","floor":35,"turns":3},{"damage":8,"enemies":"Flame Bruiser 1 Orb","floor":38,"turns":6},{"damage":25,"enemies":"Spire Growth","floor":39,"turns":9},{"damage":2,"floor":41,"turns":6},{"damage":30,"enemies":"3 Darklings","floor":42,"turns":6},{"damage":17,"enemies":"Transient","floor":45,"turns":5},{"damage":11,"enemies":"Maw","floor":46,"turns":9},{"damage":65,"enemies":"Flame Bruiser 2 Orb","floor":47,"turns":7},{"damage":0,"enemies":"Sphere and 2 Shapes","floor":48,"turns":7},{"damage":13,"enemies":"Donu and Deca","floor":50,"turns":7}],"seed_played":"-2231992409303301396","potions_obtained":[{"floor":5,"key":"Weak Potion"},{"floor":12,"key":"FearPotion"},{"floor":13,"key":"Fire Potion"},{"floor":16,"key":"Ancient Potion"},{"floor":18,"key":"Energy Potion"},{"floor":30,"key":"FairyPotion"}],"is_trial":false,"path_per_floor":["M","T","?","?","M","E","R","E","T","M","?","M","M","M","R","B",null,"M","?","$","M","?","R","M","M","T","?","M","R","M","M","R","B",null,"M","?","$","M","M","R","?","M","T","R","M","M","M","M","R","B"],"character_chosen":"DEFECT","items_purchased":["Chill+1","Capacitor","Defragment","DollysMirror","BootSequence+1"],"campfire_rested":0,"item_purchase_floors":[20,37,37,37,37],"current_hp_per_floor":[74,74,88,88,84,78,78,57,57,57,32,30,23,20,20,16,89,79,79,79,77,77,77,56,57,57,49,52,52,60,60,60,31,89,89,89,89,89,85,85,89,73,73,73,70,80,36,57,57,69],"gold":318,"neow_bonus":"","is_prod":false,"is_daily":false,"chose_seed":false,"campfire_upgraded":0,"win_rate":0,"timestamp":1532875964,"path_taken":["M","?","?","?","M","E","R","E","T","?","?","M","M","M","R","BOSS","M","?","$","?","?","R","M","M","T","?","M","R","M","?","R","BOSS","M","?","$","M","M","R","?","M","T","R","?","M","M","M","R","BOSS"],"build_version":"2018-07-26","purchased_purges":2,"victory":true,"max_hp_per_floor":[75,75,89,89,89,89,89,89,89,89,89,89,89,89,89,89,89,89,89,89,89,89,89,89,89,89,89,89,89,89,89,89,89,89,89,89,89,89,89,89,89,89,89,89,89,89,89,89,89,89],"card_choices":[{"not_picked":["Turbo","Skim"],"picked":"Coolheaded","floor":1},{"not_picked":["Compile Driver","Blizzard"],"picked":"Beam Cell","floor":5},{"not_picked":["Coolheaded","Chaos"],"picked":"Chill","floor":6},{"not_picked":["Auto Shields+1","Fusion+1"],"picked":"Conserve Battery+1","floor":8},{"not_picked":["Hello World","Streamline"],"picked":"Ball Lightning","floor":10},{"not_picked":["Leap+1","Tempest+1"],"picked":"Go for the Eyes","floor":12},{"not_picked":["Fusion+1","Gash"],"picked":"Creative AI","floor":13},{"not_picked":["Rebound","Chill+1"],"picked":"Self Repair","floor":14},{"not_picked":["Machine Learning","Hyperbeam"],"picked":"Fission+1","floor":16},{"not_picked":["Barrage","Gash+1"],"picked":"Conserve Battery+1","floor":18},{"not_picked":["Heatsinks","Lockon"],"picked":"Beam Cell","floor":21},{"not_picked":["Sunder+1","Reinforced Body+1"],"picked":"Conserve Battery+1","floor":24},{"not_picked":["Rebound","Blizzard"],"picked":"Self Repair","floor":25},{"not_picked":["Compile Driver","Tempest+1"],"picked":"Melter+1","floor":28},{"not_picked":["Static Discharge+1","Leap+1"],"picked":"Self Repair","floor":30},{"not_picked":["Leap+1","Chaos+1"],"picked":"Ball Lightning+1","floor":31},{"not_picked":["Reboot+1","Thunder Strike"],"picked":"Fission+1","floor":33},{"not_picked":["Steam+1","Leap+1"],"picked":"Coolheaded+1","floor":35},{"not_picked":["FTL+1","Hologram+1"],"picked":"Conserve Battery+1","floor":38},{"not_picked":["Hello World+1","Gash+1"],"picked":"Capacitor+1","floor":39},{"not_picked":["Rebound+1","Fusion+1"],"picked":"Stack+1","floor":41},{"not_picked":["Blizzard+1","Conserve Battery+1"],"picked":"Coolheaded+1","floor":42},{"not_picked":["Recycle+1","Turbo+1"],"picked":"Capacitor","floor":45},{"not_picked":["Sunder","Genetic Algorithm+1"],"picked":"Barrage+1","floor":46},{"not_picked":["Compile Driver+1","Gash+1","Sunder"],"picked":"SKIP","floor":47},{"not_picked":["Turbo+1","Gash+1"],"picked":"Thunder Strike","floor":48}],"player_experience":312112,"relics_obtained":[{"floor":2,"key":"Orichalcum"},{"floor":6,"key":"Shovel"},{"floor":7,"key":"Toxic Egg 2"},{"floor":8,"key":"War Paint"},{"floor":9,"key":"Bag of Marbles"},{"floor":15,"key":"Pantograph"},{"floor":23,"key":"Vajra"},{"floor":26,"key":"The Courier"},{"floor":29,"key":"Bag of Preparation"},{"floor":32,"key":"Ornamental Fan"},{"floor":40,"key":"Peace Pipe"},{"floor":41,"key":"Gambling Chip"},{"floor":43,"key":"MawBank"},{"floor":44,"key":"Bronze Scales"}],"event_choices":[{"event_name":"Accursed Blacksmith","player_choice":"Rummage","floor":3,"damage_taken":0},{"event_name":"The Cleric","player_choice":"Card Removal","floor":4,"damage_taken":0},{"event_name":"Scrap Ooze","player_choice":"success","floor":11,"damage_taken":25},{"event_name":"The Library","player_choice":"Read","floor":19,"damage_taken":0},{"event_name":"Drug Dealer","player_choice":"Ignored","floor":22,"damage_taken":0},{"event_name":"Wheel of Change","player_choice":"Damage","floor":27,"damage_taken":0},{"event_name":"Tomb of Lord Red Mask","player_choice":"Ignored","floor":36,"damage_taken":0},{"event_name":"Mysterious Sphere","player_choice":"Fight","floor":41,"damage_taken":0}],"is_beta":true,"boss_relics":[{"not_picked":["Tiny House","Ectoplasm"],"picked":"Fusion Hammer"},{"not_picked":["Eternal Feather","Runic Pyramid"],"picked":"Velvet Choker"}],"items_purged_floors":[20,37],"is_endless":false,"potions_floor_spawned":[5,12,13,16,18,24,28,30,38,39,42,47],"ascension_level":1}