{"gold_per_floor":[117,130,62,162,181,181,207,232,232,245,322,340,340,355,355,459,459,469,469,488,500,520,520,553,568,641,641,641,641,641,40,40,142,142,157,37,37,53,53,53,72,106,106,106,119,119,69,69,69,69],"floor_reached":50,"playtime":3605,"items_purged":["Strike_R"],"score":515,"play_id":"cb914d76-e4dc-4664-adf8-be3790f48541","local_time":"20190208120635","is_ascension_mode":false,"campfire_choices":[{"data":"Uppercut","floor":6,"key":"SMITH"},{"floor":13,"key":"RECALL"},{"floor":15,"key":"REST"},{"floor":23,"key":"REST"},{"floor":30,"key":"REST"},{"data":"Seeing Red","floor":32,"key":"SMITH"},{"data":"Rage","floor":40,"key":"SMITH"},{"floor":44,"key":"REST"},{"floor":46,"key":"REST"},{"floor":49,"key":"REST"}],"neow_cost":"NONE","seed_source_timestamp":599544229239439,"circlet_count":0,"master_deck":["Strike_R","Defend_R","Defend_R","Defend_R","Defend_R","Bash","Twin Strike","Uppercut+1","Shrug It Off","Burning Pact","Berserk","Battle Trance","Iron Wave","Cleave","Immolate","Headbutt+1","Rage+1","Fire Breathing","Shrug It Off","Seeing Red+1","Sentinel","The Bomb","Double Tap","Infernal Blade+1","Spot Weakness","Feel No Pain","Disarm+1","Evolve+1","Exhume","Parasite","Feel No Pain+1","Armaments"],"relics":["Burning Blood","Odd Mushroom","Matryoshka","Potion Belt","Empty Cage","Oddly Smooth Stone","PreservedInsect","Letter Opener","Paper Frog","White Beast Statue","Bag of Preparation","Blue Candle"],"potions_floor_usage":[18,18,21,22,24,25,33,33,45,50,50,50],"damage_taken":[{"damage":5,"enemies":"Jaw Worm","floor":1,"turns":5},{"damage":0,"enemies":"Cultist","floor":2,"turns":2},{"damage":1,"enemies":"Small Slimes","floor":5,"turns":3},{"damage":28,"enemies":"The Mushroom Lair","floor":7,"turns":5},{"damage":18,"enemies":"Gremlin Nob","floor":8,"turns":4},{"damage":10,"enemies":"Looter","floor":10,"turns":3},{"damage":0,"enemies":"Large Slime","floor":12,"turns":4},{"damage":33,"enemies":"Exordium Thugs","floor":14,"turns":5},{"damage":24,"enemies":"Slime Boss","floor":16,"turns":9},{"damage":12,"enemies":"3 Byrds","floor":18,"turns":6},{"damage":33,"enemies":"Spheric Guardian","floor":20,"turns":5},{"damage":0,"enemies":"Centurion and Healer","floor":21,"turns":5},{"damage":11,"enemies":"Cultist and Chosen","floor":22,"turns":4},{"damage":54,"enemies":"Gremlin Leader","floor":24,"turns":7},{"damage":22,"enemies":"3 Cultists","floor":25,"turns":4},{"damage":62,"enemies":"Automaton","floor":33,"turns":10},{"damage":7,"enemies":"3 Darklings","floor":35,"turns":3},{"damage":24,"enemies":"3 Shapes","floor":38,"turns":6},{"damage":73,"enemies":"Transient","floor":41,"turns":5},{"damage":48,"enemies":"Reptomancer","floor":42,"turns":4},{"damage":38,"enemies":"Writhing Mass","floor":45,"turns":8},{"damage":87,"enemies":"Time Eater","floor":50,"turns":10}],"seed_played":"-76884434256212223","potions_obtained":[{"floor":2,"key":"Swift Potion"},{"floor":7,"key":"SkillPotion"},{"floor":8,"key":"Fruit Juice"},{"floor":12,"key":"Block Potion"},{"floor":18,"key":"SkillPotion"},{"floor":20,"key":"FearPotion"},{"floor":21,"key":"Fire Potion"},{"floor":24,"key":"LiquidBronze"},{"floor":33,"key":"Strength Potion"},{"floor":35,"key":"GamblersBrew"},{"floor":38,"key":"FairyPotion"},{"floor":41,"key":"Dexterity Potion"},{"floor":42,"key":"SteroidPotion"},{"floor":45,"key":"SpeedPotion"}],"is_trial":false,"path_per_floor":["M","M","$","?","M","R","?","E","T","M","?","M","R","M","R","B",null,"M","?","M","M","M","R","E","M","T","?","?","?","R","$","R","B",null,"M","$","?","M","?","R","M","E","T","R","M","R","$","?","R","B"],"character_chosen":"IRONCLAD","items_purchased":["Uppercut","FairyPotion","Paper Frog","The Bomb","Spot Weakness","Feel No Pain","Armaments"],"campfire_rested":6,"item_purchase_floors":[3,31,31,31,36,36,47],"current_hp_per_floor":[88,88,88,88,88,88,66,54,54,50,50,56,56,29,55,37,88,82,65,38,44,39,66,23,7,7,7,7,39,68,68,68,12,98,97,97,97,79,98,98,31,15,15,44,12,41,41,41,70,0],"gold":69,"neow_bonus":"TEN_PERCENT_HP_BONUS","is_prod":false,"is_daily":false,"chose_seed":false,"campfire_upgraded":3,"win_rate":0,"timestamp":1549623995,"path_taken":["M","M","$","?","?","R","?","E","T","M","?","M","R","M","R","BOSS","M","?","M","M","M","R","E","M","T","?","?","?","R","$","R","BOSS","M","$","?","?","?","R","M","E","T","R","?","R","$","?","R","BOSS"],"build_version":"2019-01-23","purchased_purges":1,"victory":false,"max_hp_per_floor":[88,88,88,88,88,88,88,88,88,88,88,88,88,88,88,88,88,88,93,93,93,93,93,98,98,98,98,98,98,98,98,98,98,98,98,98,98,98,98,98,98,98,98,98,98,98,98,98,98,98],"card_choices":[{"not_picked":["Body Slam","Flex"],"picked":"Carnage","floor":1},{"not_picked":["Thunderclap","Armaments"],"picked":"Twin Strike","floor":2},{"not_picked":["True Grit","Wild Strike"],"picked":"Shrug It Off","floor":5},{"not_picked":["Hemokinesis","Infernal Blade"],"picked":"Burning Pact","floor":7},{"not_picked":["True Grit","Anger"],"picked":"Berserk","floor":8},{"not_picked":["Seeing Red","Havoc"],"picked":"Battle Trance","floor":10},{"not_picked":["Perfected Strike","Body Slam"],"picked":"Iron Wave","floor":12},{"not_picked":["Wild Strike","Infernal Blade"],"picked":"Cleave","floor":14},{"not_picked":["Feed","Double Tap"],"picked":"Immolate","floor":16},{"not_picked":["Inflame","Anger"],"picked":"Headbutt+1","floor":18},{"not_picked":["Shrug It Off","Clothesline"],"picked":"Rage","floor":20},{"not_picked":["Battle Trance","Thunderclap","Dual Wield+1"],"picked":"SKIP","floor":21},{"not_picked":["Dual Wield","Heavy Blade+1","Second Wind"],"picked":"SKIP","floor":22},{"not_picked":["Wild Strike","Whirlwind"],"picked":"Fire Breathing","floor":24},{"not_picked":["Uppercut","Offering"],"picked":"Shrug It Off","floor":25},{"not_picked":["Impervious","Demon Form"],"picked":"Double Tap","floor":33},{"not_picked":["Iron Wave","Searing Blow+1"],"picked":"Infernal Blade+1","floor":35},{"not_picked":["Flex","Pommel Strike+1"],"picked":"Disarm+1","floor":38},{"not_picked":["Iron Wave+1","Burning Pact"],"picked":"Evolve+1","floor":41},{"not_picked":["Anger+1","Pommel Strike+1"],"picked":"Exhume","floor":42},{"not_picked":["Burning Pact+1","Wild Strike"],"picked":"Feel No Pain+1","floor":45}],"player_experience":600313,"relics_obtained":[{"floor":7,"key":"Odd Mushroom"},{"floor":8,"key":"Matryoshka"},{"floor":9,"key":"Potion Belt"},{"floor":24,"key":"Oddly Smooth Stone"},{"floor":26,"key":"PreservedInsect"},{"floor":26,"key":"Letter Opener"},{"floor":42,"key":"Bag of Preparation"},{"floor":43,"key":"Blue Candle"}],"event_choices":[{"damage_healed":0,"gold_gain":100,"player_choice":"Pray","damage_taken":0,"max_hp_gain":0,"max_hp_loss":0,"event_name":"Golden Shrine","floor":4,"gold_loss":0},{"damage_healed":0,"gold_gain":0,"player_choice":"Fought Mushrooms","damage_taken":0,"max_hp_gain":0,"max_hp_loss":0,"event_name":"Mushrooms","floor":7,"gold_loss":0},{"damage_healed":0,"gold_gain":77,"player_choice":"Gained Gold","damage_taken":0,"max_hp_gain":0,"max_hp_loss":0,"event_name":"Golden Wing","floor":11,"gold_loss":0},{"damage_healed":0,"gold_gain":0,"player_choice":"Shed Blood","damage_taken":22,"max_hp_gain":5,"max_hp_loss":0,"event_name":"Forgotten Altar","floor":19,"gold_loss":0},{"damage_healed":0,"gold_gain":0,"cards_transformed":["Strike_R","Strike_R"],"player_choice":"Became Test Subject","damage_taken":0,"max_hp_gain":0,"max_hp_loss":0,"event_name":"Drug Dealer","floor":27,"gold_loss":0,"cards_obtained":["Seeing Red","Sentinel"]},{"damage_healed":0,"gold_gain":0,"player_choice":"Ignored","damage_taken":0,"max_hp_gain":0,"max_hp_loss":0,"event_name":"Ghosts","floor":28,"gold_loss":0},{"damage_healed":32,"gold_gain":0,"player_choice":"Heal","damage_taken":0,"max_hp_gain":0,"max_hp_loss":0,"event_name":"The Library","floor":29,"gold_loss":0},{"cards_removed":["Doubt"],"damage_healed":0,"gold_gain":0,"player_choice":"Took Card","damage_taken":0,"max_hp_gain":0,"max_hp_loss":0,"event_name":"NoteForYourself","floor":37,"gold_loss":0,"cards_obtained":["Doubt"]},{"damage_healed":19,"gold_gain":0,"player_choice":"Full Heal","damage_taken":0,"max_hp_gain":0,"max_hp_loss":0,"event_name":"Wheel of Change","floor":39,"gold_loss":0},{"damage_healed":0,"gold_gain":0,"player_choice":"Ignored","damage_taken":0,"max_hp_gain":0,"max_hp_loss":0,"event_name":"Mysterious Sphere","floor":48,"gold_loss":0}],"is_beta":false,"boss_relics":[{"not_picked":["Fusion Hammer","Eternal Feather"],"picked":"Empty Cage"},{"not_picked":["Sozu","Tiny House"],"picked":"White Beast Statue"}],"items_purged_floors":[31],"is_endless":false,"potions_floor_spawned":[2,7,8,12,18,20,21,24,33,35,38,41,42,45],"killed_by":"Time Eater","ascension_level":0}