{"gold_per_floor":[115,115,126,145,161,192,367,367,367,379,1,1,13,24,24,120,120,88,88,13,40,57,57],"floor_reached":23,"playtime":1770,"items_purged":["Parasite"],"score":193,"play_id":"72a49c3b-6f43-4ba1-846e-e85780f14688","local_time":"20190102230325","is_ascension_mode":false,"campfire_choices":[{"data":"Whirlwind","floor":8,"key":"SMITH"},{"floor":15,"key":"REST"}],"neow_cost":"CURSE","seed_source_timestamp":156166915612816,"circlet_count":0,"master_deck":["Strike_R","Strike_R","Strike_R","Strike_R","Strike_R","Defend_R","Defend_R","Defend_R","Defend_R","Bash","Reaper+1","Pommel Strike","Whirlwind+1","Heavy Blade","Pummel","Doubt","Barricade","Trip","Demon Form","Exhume","Shrug It Off","Offering","Second Wind"],"relics":["Burning Blood","Ornamental Fan","Question Card","Membership Card","Ancient Tea Set","Runic Pyramid","MutagenicStrength","Pen Nib","Red Mask"],"potions_floor_usage":[],"damage_taken":[{"damage":14,"enemies":"Jaw Worm","floor":1,"turns":6},{"damage":13,"enemies":"Cultist","floor":3,"turns":5},{"damage":8,"enemies":"2 Louse","floor":4,"turns":3},{"damage":21,"enemies":"Lots of Slimes","floor":5,"turns":3},{"damage":29,"enemies":"Gremlin Nob","floor":6,"turns":5},{"damage":17,"enemies":"Blue Slaver","floor":10,"turns":4},{"damage":45,"enemies":"Large Slime","floor":13,"turns":7},{"damage":30,"enemies":"Exordium Wildlife","floor":14,"turns":6},{"damage":27,"enemies":"Hexaghost","floor":16,"turns":9},{"damage":42,"enemies":"2 Thieves","floor":18,"turns":5},{"damage":9,"enemies":"Masked Bandits","floor":21,"turns":3},{"damage":42,"enemies":"Shell Parasite","floor":22,"turns":8},{"damage":73,"enemies":"Slavers","floor":23,"turns":5}],"seed_played":"926284724705407091","potions_obtained":[{"floor":1,"key":"EssenceOfSteel"},{"floor":4,"key":"Poison Potion"},{"floor":5,"key":"LiquidBronze"}],"is_trial":false,"path_per_floor":["M","?","M","M","M","E","?","R","T","M","$","?","M","M","R","B",null,"M","?","$","?","M","E"],"character_chosen":"IRONCLAD","items_purchased":["Membership Card","Barricade","Ancient Tea Set","Pen Nib"],"campfire_rested":1,"item_purchase_floors":[11,11,11,20],"current_hp_per_floor":[72,72,72,75,68,45,45,45,45,39,39,39,12,10,33,37,77,46,46,46,49,20,0],"gold":57,"neow_bonus":"THREE_RARE_CARDS","is_prod":false,"is_daily":false,"chose_seed":false,"campfire_upgraded":1,"win_rate":0.0,"timestamp":1546466605,"path_taken":["M","?","M","?","M","E","?","R","T","M","$","?","?","M","R","BOSS","M","?","$","?","M","E"],"build_version":"2018-12-20","purchased_purges":1,"victory":false,"max_hp_per_floor":[80,80,80,80,80,80,80,80,80,80,77,77,77,77,77,77,77,77,77,77,77,77,77],"card_choices":[{"not_picked":["Limit Break","Exhume"],"picked":"Reaper","floor":0},{"not_picked":["Warcry","Twin Strike"],"picked":"Pommel Strike","floor":1},{"not_picked":["Searing Blow","Twin Strike"],"picked":"Whirlwind","floor":3},{"not_picked":["Intimidate","Thunderclap"],"picked":"Heavy Blade","floor":4},{"not_picked":["Wild Strike","Sword Boomerang"],"picked":"Pummel","floor":5},{"not_picked":["Clash","Clothesline","Flex"],"picked":"SKIP","floor":6},{"not_picked":["Thunderclap","Reckless Charge","Clash","Rupture"],"picked":"SKIP","floor":10},{"not_picked":["Perfected Strike","Sever Soul","Warcry"],"picked":"Exhume","floor":13},{"not_picked":["Power Through","Armaments","Second Wind"],"picked":"Shrug It Off","floor":14},{"not_picked":["Bludgeon","Brutality","Juggernaut"],"picked":"Offering","floor":16},{"not_picked":["Hemokinesis","Burning Pact","Heavy Blade+1","Havoc"],"picked":"SKIP","floor":18},{"not_picked":["Heavy Blade","Perfected Strike","Clash"],"picked":"Second Wind","floor":21},{"not_picked":["Battle Trance","Thunderclap+1","Clash","Shrug It Off+1"],"picked":"SKIP","floor":22}],"player_experience":81985,"relics_obtained":[{"floor":6,"key":"Ornamental Fan"},{"floor":9,"key":"Question Card"},{"floor":21,"key":"Red Mask"}],"event_choices":[{"damage_healed":0,"gold_gain":0,"player_choice":"Upgraded","damage_taken":0,"max_hp_gain":0,"max_hp_loss":0,"event_name":"Upgrade Shrine","floor":2,"gold_loss":0,"cards_upgraded":["Reaper"]},{"damage_healed":0,"gold_gain":175,"player_choice":"AGREE","damage_taken":0,"max_hp_gain":0,"max_hp_loss":0,"event_name":"Liars Game","floor":7,"gold_loss":0,"cards_obtained":["Doubt"]},{"damage_healed":0,"gold_gain":0,"player_choice":"2 cards matched","damage_taken":0,"max_hp_gain":0,"max_hp_loss":0,"event_name":"Match and Keep!","floor":12,"gold_loss":0,"cards_obtained":["Trip","Demon Form"]},{"damage_healed":0,"gold_gain":0,"player_choice":"Inject Mutagens","damage_taken":0,"relics_obtained":["MutagenicStrength"],"max_hp_gain":0,"max_hp_loss":0,"event_name":"Drug Dealer","floor":19,"gold_loss":0},{"damage_healed":0,"gold_gain":0,"player_choice":"Fought Bandits","damage_taken":0,"max_hp_gain":0,"max_hp_loss":0,"event_name":"Masked Bandits","floor":21,"gold_loss":0}],"is_beta":false,"boss_relics":[{"not_picked":["Runic Cube","White Beast Statue"],"picked":"Runic Pyramid"}],"items_purged_floors":[11],"is_endless":false,"potions_floor_spawned":[1,4,5,13,22],"killed_by":"Slavers","ascension_level":0}