{"gold_per_floor":[114,134,145,100,112,145,145,73,73,73,22,42,75,85,85,85],"floor_reached":16,"playtime":814,"items_purged":[],"score":112,"play_id":"bc2d5cdd-575f-4078-9ed7-cbb82caa64e8","local_time":"20190208223026","is_ascension_mode":false,"campfire_choices":[{"floor":7,"key":"REST"},{"floor":10,"key":"RECALL"},{"floor":15,"key":"REST"}],"neow_cost":"TEN_PERCENT_HP_LOSS","seed_source_timestamp":639780529700366,"circlet_count":0,"master_deck":["Strike_B","Strike_B","Strike_B","Strike_B","Defend_B","Defend_B","Defend_B","Defend_B","Zap","Dualcast","Buffer","Streamline","Streamline","Go for the Eyes","Conserve Battery","Go for the Eyes","All For One","Rebound","Streamline","Steam","Loop","Leap"],"relics":["Cracked Core","Letter Opener","Ornamental Fan","Singing Bowl"],"potions_floor_usage":[],"damage_taken":[{"damage":2,"enemies":"2 Louse","floor":1,"turns":2},{"damage":17,"enemies":"Small Slimes","floor":2,"turns":3},{"damage":1,"enemies":"Cultist","floor":3,"turns":3},{"damage":0,"enemies":"3 Louse","floor":5,"turns":3},{"damage":23,"enemies":"3 Sentries","floor":6,"turns":6},{"damage":1,"enemies":"Blue Slaver","floor":12,"turns":3},{"damage":25,"enemies":"Gremlin Nob","floor":13,"turns":4},{"damage":6,"enemies":"Gremlin Gang","floor":14,"turns":4},{"damage":37,"enemies":"The Guardian","floor":16,"turns":12}],"seed_played":"-6746248796680933788","potions_obtained":[{"floor":2,"key":"LiquidBronze"},{"floor":6,"key":"Regen Potion"},{"floor":14,"key":"GamblersBrew"}],"is_trial":false,"path_per_floor":["M","M","M","$","M","E","R","$","T","R","$","M","E","M","R","B"],"character_chosen":"DEFECT","items_purchased":["Conserve Battery","Rebound","Streamline","Steam"],"campfire_rested":2,"item_purchase_floors":[4,8,8,11],"current_hp_per_floor":[66,49,48,48,48,25,45,45,45,45,45,44,19,15,36,0],"gold":85,"neow_bonus":"THREE_RARE_CARDS","is_prod":false,"is_daily":false,"chose_seed":false,"campfire_upgraded":0,"win_rate":0,"timestamp":1549661426,"path_taken":["M","M","M","$","M","E","R","$","T","R","$","M","E","M","R","BOSS"],"build_version":"2019-01-23","purchased_purges":0,"victory":false,"max_hp_per_floor":[68,68,68,68,68,68,68,68,68,68,68,68,68,70,70,70],"card_choices":[{"not_picked":["Seek","Fission"],"picked":"Buffer","floor":0},{"not_picked":["Compile Driver","Coolheaded"],"picked":"Streamline","floor":1},{"not_picked":["Fusion","Rip and Tear"],"picked":"Streamline","floor":2},{"not_picked":["Tempest","Melter"],"picked":"Go for the Eyes","floor":3},{"not_picked":["Turbo","Tempest"],"picked":"Go for the Eyes","floor":5},{"not_picked":["Barrage","FTL"],"picked":"All For One","floor":6},{"not_picked":["Storm","Sunder"],"picked":"Loop","floor":12},{"not_picked":["Ball Lightning","Tempest"],"picked":"Leap","floor":13},{"not_picked":["Turbo","Meteor Strike","Ball Lightning"],"picked":"Singing Bowl","floor":14}],"player_experience":622106,"relics_obtained":[{"floor":6,"key":"Letter Opener"},{"floor":9,"key":"Ornamental Fan"},{"floor":13,"key":"Singing Bowl"}],"event_choices":[],"is_beta":false,"boss_relics":[],"items_purged_floors":[],"is_endless":false,"potions_floor_spawned":[2,6,14],"killed_by":"The Guardian","ascension_level":0}