{"gold_per_floor":[112,112,37,212,312,312,346,365,391,402,402,429,135,159,159,289,289,314,314,335,358,358,358,358,358,358,376,376,391,422,95,95,223,286,311,311,311,67,67,67,67,67,67,87,102,115,115,115,115,115],"floor_reached":51,"playtime":2313,"items_purged":["Strike_B","Doubt"],"score":807,"play_id":"28a45c91-15a4-4a93-91f2-6e3a36604cdd","local_time":"20180915233923","is_ascension_mode":true,"campfire_choices":[{"data":"Zap","floor":6,"key":"SMITH"},{"floor":15,"key":"REST"},{"data":"Auto Shields","floor":23,"key":"SMITH"},{"data":"Conserve Battery","floor":25,"key":"SMITH"},{"data":"Defragment","floor":32,"key":"SMITH"},{"data":"Thunder Strike","floor":40,"key":"SMITH"},{"data":"Conserve Battery","floor":42,"key":"SMITH"},{"data":"Fission","floor":47,"key":"SMITH"},{"data":"Conserve Battery","floor":49,"key":"SMITH"}],"neow_cost":"CURSE","seed_source_timestamp":180646786087270,"circlet_count":0,"master_deck":["Strike_B+1","Strike_B+1","Defend_B+1","Defend_B+1","Defend_B+1","Defend_B+1","Zap+1","Core Surge","Conserve Battery+1","Conserve Battery+1","Machine Learning","Heatsinks","Self Repair","Conserve Battery+1","FTL+1","Self Repair","Echo Form","Ball Lightning+1","Auto Shields+1","Steam+1","Defragment+1","Beam Cell+1","Electrodynamics","Capacitor","Electrodynamics","Barrage+1","Coolheaded+1","Thunder Strike+1","Steam+1","Fission+1","Go for the Eyes"],"relics":["Cracked Core","Dodecahedron","Whetstone","Golden Idol","Orichalcum","Velvet Choker","WarpedTongs","Spirit Poop","Dream Catcher","Letter Opener","Torii","Tiny House","FossilizedHelix","Kunai","Mercury Hourglass"],"potions_floor_usage":[21,50,50,50],"damage_taken":[{"damage":0,"enemies":"2 Louse","floor":1,"turns":2},{"damage":48,"enemies":"3 Sentries","floor":7,"turns":13},{"damage":0,"enemies":"Cultist","floor":8,"turns":3},{"damage":5,"enemies":"Jaw Worm","floor":10,"turns":4},{"damage":8,"enemies":"2 Fungi Beasts","floor":14,"turns":3},{"damage":18,"enemies":"The Guardian","floor":16,"turns":13},{"damage":36,"enemies":"3 Byrds","floor":18,"turns":6},{"damage":29,"enemies":"Shell Parasite","floor":20,"turns":6},{"damage":20,"enemies":"Shelled Parasite and Fungi","floor":21,"turns":7},{"damage":10,"enemies":"Snecko","floor":27,"turns":6},{"damage":26,"enemies":"Cultist and Chosen","floor":29,"turns":7},{"damage":21,"enemies":"Book of Stabbing","floor":30,"turns":7},{"damage":52,"enemies":"Automaton","floor":33,"turns":11},{"damage":3,"enemies":"Orb Walker","floor":35,"turns":5},{"damage":0,"enemies":"Mind Bloom Boss Battle","floor":36,"turns":5},{"damage":9,"enemies":"3 Darklings","floor":44,"turns":3},{"damage":41,"enemies":"Transient","floor":45,"turns":5},{"damage":10,"enemies":"Sphere and 2 Shapes","floor":46,"turns":4},{"damage":16,"enemies":"Donu and Deca","floor":50,"turns":7}],"seed_played":"-5276243898731277016","potions_obtained":[{"floor":1,"key":"Ancient Potion"},{"floor":7,"key":"LiquidBronze"},{"floor":16,"key":"Dexterity Potion"},{"floor":18,"key":"Regen Potion"},{"floor":29,"key":"Poison Potion"},{"floor":30,"key":"Block Potion"}],"is_trial":false,"path_per_floor":["M","?","$","?","?","R","E","M","T","M","?","T","$","M","R","B",null,"M","?","M","M","?","R","?","R","T","M","?","M","E","$","R","B",null,"M","?","?","$","?","R","$","R","T","M","M","M","R","?","R","B"],"character_chosen":"DEFECT","items_purchased":["Self Repair","Conserve Battery","FTL","Capacitor","Torii","Kunai"],"campfire_rested":1,"item_purchase_floors":[13,13,13,31,31,38],"current_hp_per_floor":[75,75,75,75,75,75,27,27,27,22,22,22,22,21,41,37,69,54,54,46,62,62,62,62,62,62,69,69,69,69,69,69,31,74,74,74,74,74,74,74,74,74,74,74,63,70,70,70,70,54],"gold":115,"neow_bonus":"THREE_RARE_CARDS","is_prod":false,"is_daily":false,"chose_seed":false,"campfire_upgraded":8,"win_rate":0,"timestamp":1537022363,"path_taken":["M","?","$","?","?","R","E","M","T","M","?","?","?","M","R","BOSS","M","?","?","M","?","R","?","R","T","M","?","?","E","$","R","BOSS","M","?","?","$","?","R","?","R","T","?","M","M","R","?","R","BOSS"],"build_version":"2018-09-12","purchased_purges":2,"victory":true,"max_hp_per_floor":[75,75,75,75,75,75,75,75,75,75,69,69,69,69,69,69,69,69,69,69,69,69,69,69,69,69,69,69,69,69,69,69,69,74,74,74,74,74,74,74,74,74,74,74,74,74,74,74,74,74],"card_choices":[{"not_picked":["Machine Learning","Seek"],"picked":"Core Surge","floor":0},{"not_picked":["Steam","Chill"],"picked":"Conserve Battery","floor":1},{"not_picked":["Genetic Algorithm","Cold Snap"],"picked":"Conserve Battery","floor":7},{"not_picked":["Glacier","Steam"],"picked":"Machine Learning","floor":8},{"not_picked":["Chaos","Turbo"],"picked":"Heatsinks","floor":10},{"not_picked":["Stack","Coolheaded"],"picked":"Self Repair","floor":14},{"not_picked":["Core Surge","Meteor Strike"],"picked":"Echo Form","floor":16},{"not_picked":["Beam Cell","Double Energy"],"picked":"Ball Lightning+1","floor":18},{"not_picked":["Reinforced Body","Cold Snap"],"picked":"Auto Shields","floor":20},{"not_picked":["Cold Snap","Aggregate+1"],"picked":"Steam+1","floor":21},{"not_picked":["Ball Lightning+1","Gash"],"picked":"Defragment","floor":27},{"not_picked":["Redo","Compile Driver"],"picked":"Beam Cell+1","floor":29},{"not_picked":["Chill","Darkness"],"picked":"Electrodynamics","floor":30},{"not_picked":["Core Surge","Rainbow"],"picked":"Electrodynamics","floor":33},{"not_picked":["Steam","Turbo+1"],"picked":"Barrage+1","floor":34},{"not_picked":["Blizzard","Compile Driver+1"],"picked":"Coolheaded+1","floor":35},{"not_picked":["Barrage","Rebound"],"picked":"Thunder Strike","floor":36},{"not_picked":["Leap","Streamline+1"],"picked":"Steam+1","floor":44},{"not_picked":["Hologram+1","Chill+1"],"picked":"Fission","floor":45},{"not_picked":["Streamline+1","Steam"],"picked":"Go for the Eyes","floor":46}],"player_experience":430547,"relics_obtained":[{"floor":7,"key":"Dodecahedron"},{"floor":9,"key":"Whetstone"},{"floor":12,"key":"Orichalcum"},{"floor":26,"key":"Dream Catcher"},{"floor":30,"key":"Letter Opener"},{"floor":36,"key":"FossilizedHelix"},{"floor":43,"key":"Mercury Hourglass"}],"event_choices":[{"event_name":"Fountain of Cleansing","player_choice":"Removed Curse","floor":2,"damage_taken":0},{"event_name":"Liars Game","player_choice":"agreed","floor":4,"damage_taken":0},{"event_name":"Golden Shrine","player_choice":"Pray","floor":5,"damage_taken":0},{"event_name":"Golden Idol","player_choice":"Lose Max HP","floor":11,"damage_taken":0},{"event_name":"Back to Basics","player_choice":"Simplicity","floor":19,"damage_taken":0},{"event_name":"Accursed Blacksmith","player_choice":"Rummage","floor":22,"damage_taken":0},{"event_name":"Bonfire Elementals","player_choice":"CURSE","floor":24,"damage_taken":0},{"event_name":"Purifier","player_choice":"One Purge","floor":28,"damage_taken":0},{"event_name":"MindBloom","player_choice":"Fight","floor":36,"damage_taken":0},{"event_name":"Tomb of Lord Red Mask","player_choice":"Ignored","floor":37,"damage_taken":0},{"event_name":"Falling","player_choice":"Removed Skill","floor":39,"damage_taken":0},{"event_name":"SensoryStone","player_choice":"Memory 1","floor":48,"damage_taken":0}],"is_beta":true,"boss_relics":[{"not_picked":["Coffee Dripper","Lizard Tail"],"picked":"Velvet Choker"},{"not_picked":["Snecko Eye","Astrolabe"],"picked":"Tiny House"}],"items_purged_floors":[3,13],"is_endless":false,"potions_floor_spawned":[1,7,16,18,29,30],"ascension_level":4}