{"gold_per_floor":[113,124,138,153,173,173,191,191,191,219,22,38,55,73,73,173,173,192,5,15,30,130,130],"floor_reached":23,"playtime":1760,"items_purged":[],"score":249,"play_id":"bac96182-6209-4719-aad9-6721a2f39eb8","local_time":"20181225220953","is_ascension_mode":false,"campfire_choices":[{"data":"Chaos","floor":6,"key":"SMITH"},{"data":"Sunder","floor":8,"key":"SMITH"},{"data":"Creative AI","floor":15,"key":"SMITH"}],"neow_cost":"NONE","seed_source_timestamp":2332613203507265,"circlet_count":0,"master_deck":["Strike_B","Strike_B","Strike_B","Strike_B","Defend_B","Defend_B","Defend_B","Defend_B","Zap","Dualcast","Hologram","Steam Power","Chaos+1","Multi-Cast","Coolheaded","Sunder+1","Creative AI+1","The Bomb+1","Double Energy+1","Darkness+1","All For One","Writhe","Clumsy","Normality","Reprogram+1","Magnetism","Sunder+1","Reprogram+1"],"relics":["Cracked Core","NeowsBlessing","Toxic Egg 2","Bag of Marbles","Calling Bell","Anchor","Mummified Hand","Thread and Needle"],"potions_floor_usage":[16,16,23,23,23],"damage_taken":[{"damage":0,"enemies":"Cultist","floor":1,"turns":1},{"damage":0,"enemies":"Jaw Worm","floor":2,"turns":1},{"damage":0,"enemies":"Small Slimes","floor":3,"turns":1},{"damage":8,"enemies":"Exordium Thugs","floor":4,"turns":7},{"damage":5,"enemies":"2 Fungi Beasts","floor":5,"turns":5},{"damage":18,"enemies":"3 Louse","floor":7,"turns":3},{"damage":28,"enemies":"3 Sentries","floor":10,"turns":5},{"damage":7,"enemies":"Looter","floor":12,"turns":3},{"damage":5,"enemies":"Blue Slaver","floor":13,"turns":4},{"damage":0,"enemies":"Large Slime","floor":14,"turns":7},{"damage":0,"enemies":"Slime Boss","floor":16,"turns":4},{"damage":18,"enemies":"3 Byrds","floor":18,"turns":4},{"damage":14,"enemies":"Spheric Guardian","floor":20,"turns":4},{"damage":29,"enemies":"Snake Plant","floor":21,"turns":4},{"damage":20,"enemies":"Slavers","floor":23,"turns":2}],"seed_played":"-5855176836959732711","potions_obtained":[{"floor":2,"key":"Block Potion"},{"floor":4,"key":"SteroidPotion"},{"floor":5,"key":"Fire Potion"},{"floor":16,"key":"LiquidBronze"},{"floor":18,"key":"Ancient Potion"}],"is_trial":false,"path_per_floor":["M","M","M","M","M","R","M","R","T","E","$","M","M","M","R","B",null,"M","$","M","M","?","E"],"character_chosen":"DEFECT","items_purchased":["The Bomb+1","Magnetism"],"campfire_rested":0,"item_purchase_floors":[11,19],"current_hp_per_floor":[75,75,75,67,62,62,44,44,44,16,16,9,4,4,4,4,75,57,57,43,14,14,0],"gold":130,"neow_bonus":"THREE_ENEMY_KILL","is_prod":false,"is_daily":false,"chose_seed":false,"campfire_upgraded":3,"win_rate":0.0,"timestamp":1545772193,"path_taken":["M","M","M","?","M","R","M","R","T","E","$","M","M","M","R","BOSS","M","$","M","M","?","E"],"build_version":"2018-12-20","purchased_purges":0,"victory":false,"max_hp_per_floor":[75,75,75,75,75,75,75,75,75,75,75,75,75,75,75,75,75,75,75,75,75,75,75],"card_choices":[{"not_picked":["Barrage","Fusion"],"picked":"Hologram","floor":1},{"not_picked":["Aggregate","Compile Driver"],"picked":"Steam Power","floor":2},{"not_picked":["Stack","Turbo"],"picked":"Chaos","floor":3},{"not_picked":["Turbo","Hologram"],"picked":"Multi-Cast","floor":4},{"not_picked":["Streamline","Ball Lightning"],"picked":"Coolheaded","floor":5},{"not_picked":["Compile Driver","Redo"],"picked":"Sunder","floor":7},{"not_picked":["Sweeping Beam","Hologram+1"],"picked":"Creative AI","floor":10},{"not_picked":["Hologram+1","Steam+1","Barrage"],"picked":"SKIP","floor":12},{"not_picked":["Scrape","Beam Cell"],"picked":"Double Energy+1","floor":13},{"not_picked":["Scrape","Sunder"],"picked":"Darkness+1","floor":14},{"not_picked":["Reboot+1","Meteor Strike"],"picked":"All For One","floor":16},{"not_picked":["Rebound","Ball Lightning"],"picked":"Reprogram+1","floor":18},{"not_picked":["Streamline","Redo+1"],"picked":"Sunder+1","floor":20},{"not_picked":["Streamline","Ball Lightning"],"picked":"Reprogram+1","floor":21}],"player_experience":39460,"relics_obtained":[{"floor":9,"key":"Toxic Egg 2"},{"floor":10,"key":"Bag of Marbles"},{"floor":17,"key":"Anchor"},{"floor":17,"key":"Mummified Hand"},{"floor":17,"key":"Thread and Needle"}],"event_choices":[{"damage_healed":0,"gold_gain":100,"player_choice":"Pray","damage_taken":0,"max_hp_gain":0,"max_hp_loss":0,"event_name":"Golden Shrine","floor":22,"gold_loss":0}],"is_beta":false,"boss_relics":[{"not_picked":["Philosopher\u0027s Stone","White Beast Statue"],"picked":"Calling Bell"}],"items_purged_floors":[],"is_endless":false,"potions_floor_spawned":[2,4,5,7,16,18],"killed_by":"Slavers","ascension_level":0}