{"gold_per_floor":[115,133,149,165,184,209,229,263,263,263,276,307,323,323,323,421,421,440,458,458,458,477,477,509,509],"floor_reached":25,"playtime":2315,"items_purged":[],"score":272,"play_id":"1de8f11f-5ec3-469e-a6c2-55bc96c194f2","local_time":"20190209154800","is_ascension_mode":false,"campfire_choices":[{"floor":10,"key":"REST"},{"floor":15,"key":"REST"},{"floor":23,"key":"REST"}],"neow_cost":"NONE","seed_source_timestamp":700531605140396,"circlet_count":0,"master_deck":["Defend_G","Defend_G","Defend_G","Defend_G","Defend_G","Strike_G","Strike_G","Survivor","Neutralize","Glass Knife","Deadly Poison","Infinite Blades","Acrobatics","Cloak And Dagger","Blade Dance","Crippling Poison","Dagger Spray","A Thousand Cuts","Prepared","Venomology","Calculated Gamble","Corpse Explosion","Outmaneuver","Cloak And Dagger"],"relics":["Ring of the Serpent","Paper Crane","Oddly Smooth Stone","Letter Opener","Boot","Orichalcum"],"potions_floor_usage":[8,13,16,18,19,22,24,24,24,25],"damage_taken":[{"damage":0,"enemies":"2 Louse","floor":1,"turns":2},{"damage":1,"enemies":"Cultist","floor":2,"turns":3},{"damage":0,"enemies":"Jaw Worm","floor":3,"turns":4},{"damage":4,"enemies":"Blue Slaver","floor":4,"turns":4},{"damage":4,"enemies":"Red Slaver","floor":5,"turns":4},{"damage":31,"enemies":"Lagavulin","floor":6,"turns":8},{"damage":6,"enemies":"Looter","floor":7,"turns":3},{"damage":23,"enemies":"Gremlin Nob","floor":8,"turns":5},{"damage":0,"enemies":"Blue Slaver","floor":11,"turns":3},{"damage":18,"enemies":"3 Sentries","floor":12,"turns":5},{"damage":0,"enemies":"Red Slaver","floor":13,"turns":4},{"damage":11,"enemies":"Hexaghost","floor":16,"turns":11},{"damage":12,"enemies":"Shell Parasite","floor":18,"turns":7},{"damage":27,"enemies":"Spheric Guardian","floor":19,"turns":5},{"damage":1,"enemies":"Chosen and Byrds","floor":22,"turns":6},{"damage":32,"enemies":"Gremlin Leader","floor":24,"turns":8},{"damage":19,"enemies":"Centurion and Healer","floor":25,"turns":7}],"seed_played":"4694541537158167271","potions_obtained":[{"floor":3,"key":"SteroidPotion"},{"floor":5,"key":"Dexterity Potion"},{"floor":8,"key":"Ancient Potion"},{"floor":11,"key":"SpeedPotion"},{"floor":18,"key":"Swift Potion"}],"is_trial":false,"path_per_floor":["M","M","M","M","M","E","M","E","T","R","M","E","M","?","R","B",null,"M","M","?","?","M","R","E","M"],"character_chosen":"THE_SILENT","items_purchased":[],"campfire_rested":3,"item_purchase_floors":[],"current_hp_per_floor":[70,69,69,65,61,30,24,1,1,22,22,4,4,4,25,14,70,58,31,31,31,30,51,19,0],"gold":509,"neow_bonus":"ONE_RANDOM_RARE_CARD","is_prod":false,"is_daily":false,"chose_seed":false,"campfire_upgraded":0,"win_rate":0,"timestamp":1549723680,"path_taken":["M","M","M","M","M","E","M","E","T","R","M","E","M","?","R","BOSS","M","?","?","?","M","R","E","?"],"build_version":"2019-01-23","purchased_purges":0,"victory":false,"max_hp_per_floor":[70,70,70,70,70,70,70,70,70,70,70,70,70,70,70,70,70,70,70,70,70,70,70,70,70],"card_choices":[{"not_picked":["Sucker Punch","Heel Hook"],"picked":"Deadly Poison","floor":1},{"not_picked":["Quick Slash","Backflip"],"picked":"Infinite Blades","floor":2},{"not_picked":["Concentrate","Dodge and Roll"],"picked":"Acrobatics","floor":3},{"not_picked":["Eviscerate","Deflect"],"picked":"Cloak And Dagger","floor":4},{"not_picked":["Dagger Throw","Deflect"],"picked":"Blade Dance","floor":5},{"not_picked":["Flechettes","Concentrate"],"picked":"Crippling Poison","floor":6},{"not_picked":["Prepared","Concentrate"],"picked":"Dagger Spray","floor":7},{"not_picked":["Eviscerate","Flying Knee"],"picked":"A Thousand Cuts","floor":8},{"not_picked":["Outmaneuver","Bane"],"picked":"Prepared","floor":11},{"not_picked":["Dodge and Roll","Blade Dance"],"picked":"Venomology","floor":12},{"not_picked":["Prepared","Poisoned Stab"],"picked":"Calculated Gamble","floor":13},{"not_picked":["Wraith Form v2","Venomology"],"picked":"Corpse Explosion","floor":16},{"not_picked":["Acrobatics","Quick Slash","Underhanded Strike"],"picked":"SKIP","floor":18},{"not_picked":["Acrobatics","Prepared"],"picked":"Outmaneuver","floor":19},{"not_picked":["Dagger Throw","All Out Attack","Underhanded Strike"],"picked":"SKIP","floor":22},{"not_picked":["Bane+1","Finisher"],"picked":"Cloak And Dagger","floor":24}],"player_experience":632226,"relics_obtained":[{"floor":6,"key":"Paper Crane"},{"floor":8,"key":"Oddly Smooth Stone"},{"floor":9,"key":"Letter Opener"},{"floor":12,"key":"Boot"},{"floor":24,"key":"Orichalcum"}],"event_choices":[{"cards_removed":["Strike_G"],"damage_healed":0,"gold_gain":0,"player_choice":"Purged","damage_taken":0,"max_hp_gain":0,"max_hp_loss":0,"event_name":"Purifier","floor":14,"gold_loss":0},{"cards_removed":["Strike_G"],"damage_healed":0,"gold_gain":0,"player_choice":"Elegance","damage_taken":0,"max_hp_gain":0,"max_hp_loss":0,"event_name":"Back to Basics","floor":20,"gold_loss":0},{"cards_removed":["Strike_G"],"damage_healed":0,"gold_gain":0,"player_choice":"Purged","damage_taken":0,"max_hp_gain":0,"max_hp_loss":0,"event_name":"Purifier","floor":21,"gold_loss":0}],"is_beta":false,"boss_relics":[{"not_picked":["Coffee Dripper","White Beast Statue"],"picked":"Ring of the Serpent"}],"items_purged_floors":[],"is_endless":false,"potions_floor_spawned":[3,5,8,11,18],"killed_by":"Centurion and Healer","ascension_level":0}