{"gold_per_floor":[109,209,225,300,300,332,332,342,342,342,398,254,285,302,302,407,407,419,419,334,53,48,48,147,147,147,107,133,143,143,143,143,238,238,252,268,268,285,285,285,300,329,409,409,425,437,437,437,437,437],"floor_reached":51,"playtime":2713,"items_purged":[],"score":706,"play_id":"df1821b0-4cda-4bb2-9299-89db9aafc929","local_time":"20190104001628","daily_mods":["SealedDeck"],"is_ascension_mode":false,"campfire_choices":[{"data":"Defragment","floor":7,"key":"SMITH"},{"data":"Capacitor","floor":10,"key":"SMITH"},{"data":"Consume","floor":15,"key":"SMITH"},{"data":"Defragment","floor":23,"key":"SMITH"},{"data":"Redo","floor":25,"key":"SMITH"},{"data":"Redo","floor":30,"key":"SMITH"},{"data":"Capacitor","floor":32,"key":"SMITH"},{"data":"Echo Form","floor":40,"key":"SMITH"},{"data":"Reboot","floor":44,"key":"SMITH"},{"data":"Madness","floor":49,"key":"SMITH"}],"neow_cost":"","seed_source_timestamp":0,"circlet_count":0,"master_deck":["Chaos+1","Redo+1","Redo+1","Blizzard+1","Cold Snap","Consume+1","Coolheaded","Coolheaded+1","Self Repair","Cold Snap","Defragment+1","Capacitor+1","Auto Shields","Reboot+1","Echo Form+1","Defragment+1","Capacitor+1","Coolheaded+1","Reboot","Blizzard+1","Madness+1","Madness"],"relics":["Cracked Core","Symbiotic Virus","Bottled Flame","Letter Opener","Omamori","Ice Cream","Lizard Tail","Orichalcum","Runic Capacitor","WingedGreaves","Red Mask","Inserter","Du-Vu Doll","Kunai"],"potions_floor_usage":[50,50],"damage_taken":[{"damage":1,"enemies":"2 Louse","floor":1,"turns":2},{"damage":0,"enemies":"Cultist","floor":3,"turns":4},{"damage":17,"enemies":"3 Sentries","floor":6,"turns":7},{"damage":5,"enemies":"Small Slimes","floor":8,"turns":3},{"damage":11,"enemies":"Gremlin Nob","floor":11,"turns":5},{"damage":10,"enemies":"Gremlin Nob","floor":13,"turns":6},{"damage":2,"enemies":"2 Fungi Beasts","floor":14,"turns":4},{"damage":4,"enemies":"Hexaghost","floor":16,"turns":7},{"damage":11,"enemies":"Shell Parasite","floor":18,"turns":7},{"damage":11,"enemies":"2 Thieves","floor":22,"turns":4},{"damage":10,"enemies":"Masked Bandits","floor":28,"turns":6},{"damage":6,"enemies":"Snake Plant","floor":29,"turns":3},{"damage":16,"enemies":"Collector","floor":33,"turns":9},{"damage":3,"enemies":"3 Shapes","floor":35,"turns":6},{"damage":14,"enemies":"3 Darklings","floor":36,"turns":8},{"damage":1,"enemies":"Transient","floor":38,"turns":5},{"damage":6,"enemies":"Spire Growth","floor":41,"turns":5},{"damage":17,"enemies":"Reptomancer","floor":42,"turns":7},{"damage":1,"enemies":"Writhing Mass","floor":45,"turns":8},{"damage":0,"enemies":"4 Shapes","floor":46,"turns":5},{"damage":9,"enemies":"Donu and Deca","floor":50,"turns":7}],"seed_played":"547386448448253257","potions_obtained":[{"floor":3,"key":"Regen Potion"},{"floor":11,"key":"PowerPotion"},{"floor":13,"key":"Swift Potion"}],"is_trial":true,"path_per_floor":["M","?","M","?","?","E","R","M","T","R","?","$","E","M","R","B",null,"M","?","?","$","M","R","?","R","T","$","?","M","R","$","R","B",null,"M","M","?","M","?","R","M","E","T","R","M","M","?","?","R","B",null],"character_chosen":"DEFECT","items_purchased":["Omamori","Defragment","Runic Capacitor","Capacitor"],"campfire_rested":0,"item_purchase_floors":[12,21,21,27],"current_hp_per_floor":[75,75,75,64,49,39,39,41,41,41,37,37,34,32,32,35,75,71,71,71,71,67,67,67,67,67,67,64,58,58,58,58,49,75,75,68,68,74,74,74,75,65,65,65,75,75,75,66,66,75],"gold":437,"neow_bonus":"","is_prod":false,"is_daily":false,"chose_seed":false,"campfire_upgraded":10,"win_rate":0,"timestamp":1546528588,"path_taken":["M","?","?","?","?","E","R","M","T","R","?","$","E","M","R","BOSS","M","?","?","$","M","R","?","R","T","$","?","M","R","?","R","BOSS","M","?","?","M","?","R","M","E","T","R","?","?","?","?","R","BOSS"],"build_version":"2018-12-20","purchased_purges":0,"victory":true,"max_hp_per_floor":[75,75,75,75,75,75,75,75,75,75,75,75,75,75,75,75,75,75,75,75,75,75,75,75,75,75,75,75,75,75,75,75,75,75,75,75,75,75,75,75,75,75,75,75,75,75,75,75,75,75],"card_choices":[{"not_picked":["Streamline","Ball Lightning"],"picked":"Cold Snap","floor":1},{"not_picked":["Rebound","Coolheaded"],"picked":"Defragment","floor":3},{"not_picked":["Redo","FTL"],"picked":"Capacitor","floor":6},{"not_picked":["Turbo","Ball Lightning"],"picked":"Auto Shields","floor":8},{"not_picked":["Go for the Eyes","Turbo"],"picked":"Reboot","floor":11},{"not_picked":["Sweeping Beam","Recycle","Streamline"],"picked":"SKIP","floor":13},{"not_picked":["Hologram","Barrage","Gash"],"picked":"SKIP","floor":14},{"not_picked":["Core Surge","Fission"],"picked":"Echo Form","floor":16},{"not_picked":["Compile Driver","Chaos","Skim"],"picked":"SKIP","floor":18},{"not_picked":["Rebound+1","Stack","Tempest"],"picked":"SKIP","floor":22},{"not_picked":["Ball Lightning+1","Aggregate"],"picked":"Coolheaded+1","floor":29},{"not_picked":["Hyperbeam","Buffer"],"picked":"Reboot","floor":33},{"not_picked":["Lockon","Rebound+1","Stack+1"],"picked":"SKIP","floor":35},{"not_picked":["Stack+1","Aggregate"],"picked":"Blizzard+1","floor":36},{"not_picked":["Stack+1","Gash+1","Chaos"],"picked":"SKIP","floor":38},{"not_picked":["Skim+1","Fusion","Meteor Strike"],"picked":"SKIP","floor":41},{"not_picked":["Leap+1","Sweeping Beam+1","Barrage"],"picked":"SKIP","floor":42},{"not_picked":["Rebound","Leap+1","Sweeping Beam+1"],"picked":"SKIP","floor":45},{"not_picked":["Steam","Chill","Hyperbeam"],"picked":"SKIP","floor":46}],"player_experience":725002,"relics_obtained":[{"floor":6,"key":"Symbiotic Virus"},{"floor":9,"key":"Bottled Flame"},{"floor":11,"key":"Letter Opener"},{"floor":13,"key":"Ice Cream"},{"floor":26,"key":"WingedGreaves"},{"floor":28,"key":"Red Mask"},{"floor":42,"key":"Du-Vu Doll"},{"floor":43,"key":"Kunai"}],"event_choices":[{"damage_healed":0,"gold_gain":100,"player_choice":"Pray","damage_taken":0,"max_hp_gain":0,"max_hp_loss":0,"event_name":"Golden Shrine","floor":2,"gold_loss":0},{"damage_healed":0,"gold_gain":75,"player_choice":"Gather Gold","damage_taken":11,"max_hp_gain":0,"max_hp_loss":0,"event_name":"World of Goop","floor":4,"gold_loss":0},{"damage_healed":0,"gold_gain":0,"player_choice":"Entered Light","damage_taken":15,"max_hp_gain":0,"max_hp_loss":0,"event_name":"Shining Light","floor":5,"gold_loss":0,"cards_upgraded":["Blizzard","Coolheaded"]},{"damage_healed":0,"gold_gain":30,"player_choice":"Searched \u00273\u0027 times","damage_taken":0,"max_hp_gain":0,"max_hp_loss":0,"event_name":"Dead Adventurer","floor":11,"gold_loss":0},{"damage_healed":0,"gold_gain":0,"player_choice":"Ignored","damage_taken":0,"max_hp_gain":0,"max_hp_loss":0,"event_name":"Vampires","floor":19,"gold_loss":0},{"damage_healed":0,"gold_gain":0,"player_choice":"Obtained Relic","damage_taken":0,"relics_obtained":["Orichalcum"],"max_hp_gain":0,"max_hp_loss":0,"event_name":"Addict","floor":20,"gold_loss":85},{"damage_healed":0,"gold_gain":99,"player_choice":"Stole From Cult","damage_taken":0,"max_hp_gain":0,"max_hp_loss":0,"event_name":"Nest","floor":24,"gold_loss":0},{"damage_healed":0,"gold_gain":0,"player_choice":"Fought Bandits","damage_taken":0,"max_hp_gain":0,"max_hp_loss":0,"event_name":"Masked Bandits","floor":28,"gold_loss":0},{"cards_removed":["Redo"],"damage_healed":0,"gold_gain":0,"player_choice":"Removed Skill","damage_taken":0,"max_hp_gain":0,"max_hp_loss":0,"event_name":"Falling","floor":37,"gold_loss":0},{"damage_healed":0,"gold_gain":0,"player_choice":"Forge","damage_taken":0,"max_hp_gain":0,"max_hp_loss":0,"event_name":"Accursed Blacksmith","floor":39,"gold_loss":0,"cards_upgraded":["Chaos"]},{"damage_healed":0,"gold_gain":0,"player_choice":"Ignored","damage_taken":0,"max_hp_gain":0,"max_hp_loss":0,"event_name":"Mysterious Sphere","floor":47,"gold_loss":0},{"damage_healed":0,"gold_gain":0,"player_choice":"Embrace Madness","damage_taken":9,"max_hp_gain":0,"max_hp_loss":0,"event_name":"Winding Halls","floor":48,"gold_loss":0,"cards_obtained":["Madness","Madness"]}],"is_beta":false,"boss_relics":[{"not_picked":["Empty Cage","Ectoplasm"],"picked":"Lizard Tail"},{"not_picked":["Fusion Hammer","Tiny House"],"picked":"Inserter"}],"items_purged_floors":[],"is_endless":false,"potions_floor_spawned":[3,11,13,14,22,28,38,45,46],"ascension_level":0}