{"gold_per_floor":[110,110,36,50,69,69,104,104,104,120,140,158,158,171,171,272,272,286,310,324,324,336,336,362,372,395,94,94],"floor_reached":28,"playtime":1832,"items_purged":[],"score":267,"play_id":"93df403c-ab4b-451c-bf56-3af251cd1e2f","local_time":"20190128163803","is_ascension_mode":false,"campfire_choices":[{"data":"Flex","floor":6,"key":"SMITH"},{"data":"Pummel","floor":8,"key":"SMITH"},{"floor":13,"key":"REST"},{"data":"Cleave","floor":15,"key":"SMITH"},{"floor":23,"key":"REST"}],"neow_cost":"NONE","seed_source_timestamp":1698721027466806,"circlet_count":0,"master_deck":["Strike_R","Strike_R","Strike_R","Strike_R","Strike_R","Defend_R","Defend_R","Defend_R","Defend_R","Bash","Inflame+1","Pummel+1","Bloodletting","Flex+1","Cleave","Cleave+1","Limit Break","Battle Trance+1","Hemokinesis","Heavy Blade","Heavy Blade","Twin Strike"],"relics":["Burning Blood","Calipers","Letter Opener","Runic Dome","Regal Pillow","Enchiridion","Matryoshka","Dream Catcher","MawBank","Magic Flower"],"potions_floor_usage":[16,16,16,28],"damage_taken":[{"damage":11,"enemies":"Jaw Worm","floor":1,"turns":5},{"damage":1,"enemies":"Cultist","floor":4,"turns":3},{"damage":8,"enemies":"Small Slimes","floor":5,"turns":2},{"damage":30,"enemies":"Lagavulin","floor":7,"turns":6},{"damage":23,"enemies":"Exordium Thugs","floor":10,"turns":5},{"damage":11,"enemies":"Blue Slaver","floor":11,"turns":4},{"damage":11,"enemies":"Lots of Slimes","floor":12,"turns":2},{"damage":6,"enemies":"Large Slime","floor":14,"turns":5},{"damage":38,"enemies":"Hexaghost","floor":16,"turns":8},{"damage":34,"enemies":"Chosen","floor":18,"turns":6},{"damage":20,"enemies":"Shell Parasite","floor":20,"turns":4},{"damage":14,"enemies":"Centurion and Healer","floor":22,"turns":4},{"damage":3,"enemies":"Gremlin Leader","floor":24,"turns":5},{"damage":38,"enemies":"Shelled Parasite and Fungi","floor":25,"turns":4},{"damage":38,"enemies":"Slavers","floor":28,"turns":2}],"seed_played":"-1018143394225816363","potions_obtained":[{"floor":1,"key":"LiquidBronze"},{"floor":4,"key":"Dexterity Potion"},{"floor":12,"key":"Fire Potion"},{"floor":16,"key":"LiquidBronze"},{"floor":18,"key":"Block Potion"},{"floor":22,"key":"Block Potion"}],"is_trial":false,"path_per_floor":["M","?","$","M","M","R","E","R","T","M","M","M","R","M","R","B",null,"M","T","M","?","M","R","E","M","T","$","E"],"character_chosen":"IRONCLAD","items_purchased":["Pummel","Magic Flower"],"campfire_rested":2,"item_purchase_floors":[3,27],"current_hp_per_floor":[83,83,83,88,86,86,62,62,62,45,40,35,61,61,61,29,88,60,60,46,30,22,63,66,34,34,34,0],"gold":94,"neow_bonus":"TEN_PERCENT_HP_BONUS","is_prod":false,"is_daily":false,"chose_seed":false,"campfire_upgraded":3,"win_rate":0.0,"timestamp":1548729483,"path_taken":["M","?","?","M","M","R","E","R","T","M","M","?","R","M","R","BOSS","M","?","M","?","M","R","E","M","T","$","E"],"build_version":"2019-01-23","purchased_purges":0,"victory":false,"max_hp_per_floor":[88,88,88,88,88,88,88,88,88,88,88,88,88,88,88,88,88,88,88,88,88,88,88,88,88,88,88,88],"card_choices":[{"not_picked":["Twin Strike","Feel No Pain"],"picked":"Inflame","floor":1},{"not_picked":["Metallicize","Intimidate"],"picked":"Bloodletting","floor":4},{"not_picked":["Clash","Carnage"],"picked":"Flex","floor":5},{"not_picked":["Dropkick","Flex","Dark Embrace"],"picked":"SKIP","floor":7},{"not_picked":["Power Through","Shockwave","Clash"],"picked":"SKIP","floor":10},{"not_picked":["Body Slam","Metallicize"],"picked":"Cleave","floor":11},{"not_picked":["Intimidate","Spot Weakness","Warcry"],"picked":"SKIP","floor":12},{"not_picked":["Pommel Strike","Sever Soul"],"picked":"Cleave","floor":14},{"not_picked":["Dark Embrace","Demon Form"],"picked":"Limit Break","floor":16},{"not_picked":["Flex","Iron Wave"],"picked":"Battle Trance+1","floor":18},{"not_picked":["Rage","Dual Wield"],"picked":"Hemokinesis","floor":20},{"not_picked":["True Grit+1","Sever Soul"],"picked":"Heavy Blade","floor":22},{"not_picked":["Body Slam","Ghostly Armor"],"picked":"Heavy Blade","floor":24},{"not_picked":["Pommel Strike+1","Perfected Strike"],"picked":"Twin Strike","floor":25}],"player_experience":26811,"relics_obtained":[{"floor":7,"key":"Calipers"},{"floor":9,"key":"Letter Opener"},{"floor":19,"key":"Regal Pillow"},{"floor":21,"key":"Enchiridion"},{"floor":24,"key":"Matryoshka"},{"floor":26,"key":"Dream Catcher"},{"floor":26,"key":"MawBank"}],"event_choices":[{"damage_healed":0,"gold_gain":0,"player_choice":"Forge","damage_taken":0,"max_hp_gain":0,"max_hp_loss":0,"event_name":"Accursed Blacksmith","floor":2,"gold_loss":0,"cards_upgraded":["Inflame"]},{"damage_healed":0,"gold_gain":0,"player_choice":"Obtained Book","damage_taken":16,"max_hp_gain":0,"max_hp_loss":0,"event_name":"Cursed Tome","floor":21,"gold_loss":0}],"is_beta":false,"boss_relics":[{"not_picked":["Astrolabe","Sozu"],"picked":"Runic Dome"}],"items_purged_floors":[],"is_endless":false,"potions_floor_spawned":[1,4,12,16,18,22],"killed_by":"Slavers","ascension_level":0}