{"gold_per_floor":[216,236,161,236,236,236,252,272,296,312,324,324,356,4,4,107,107,117,17,31,31,31,66,19,19,67,83,83],"floor_reached":28,"playtime":1823,"items_purged":["Defend_B","Strike_B"],"score":250,"play_id":"68624855-c884-44cd-b6a6-58313defbb73","local_time":"20180930162706","is_ascension_mode":true,"campfire_choices":[{"data":"Dualcast","floor":6,"key":"SMITH"},{"floor":12,"key":"REST"},{"data":"Creative AI","floor":15,"key":"SMITH"}],"neow_cost":"NONE","seed_source_timestamp":1438682610070036,"circlet_count":0,"master_deck":["Strike_B","Strike_B","Strike_B","Defend_B","Defend_B+1","Defend_B+1","Zap","Dualcast+1","White Noise+1","Cold Snap","Machine Learning","Loop","Heatsinks","Creative AI+1","Creative AI","Scrape","Static Discharge+1","Decay","Glacier","Gash","Chill"],"relics":["Cracked Core","Centennial Puzzle","Potion Belt","Strawberry","Vajra","Sozu","Pantograph","War Paint"],"potions_floor_usage":[10,16,16,18],"damage_taken":[{"damage":6,"enemies":"Jaw Worm","floor":1,"turns":3},{"damage":1,"enemies":"Cultist","floor":2,"turns":3},{"damage":2,"enemies":"2 Louse","floor":7,"turns":2},{"damage":5,"enemies":"Looter","floor":8,"turns":2},{"damage":0,"enemies":"Large Slime","floor":10,"turns":3},{"damage":4,"enemies":"Exordium Thugs","floor":11,"turns":3},{"damage":18,"enemies":"3 Sentries","floor":13,"turns":8},{"damage":15,"enemies":"Slime Boss","floor":16,"turns":7},{"damage":24,"enemies":"Spheric Guardian","floor":18,"turns":4},{"damage":30,"enemies":"Shell Parasite","floor":20,"turns":6},{"damage":43,"enemies":"Book of Stabbing","floor":23,"turns":4},{"damage":8,"enemies":"Chosen and Byrds","floor":27,"turns":7},{"damage":18,"enemies":"Cultist and Chosen","floor":28,"turns":5}],"seed_played":"-651642836206252644","potions_obtained":[{"floor":1,"key":"SteroidPotion"},{"floor":13,"key":"Strength Potion"},{"floor":16,"key":"Dexterity Potion"}],"is_trial":false,"path_per_floor":["M","M","$","?","?","R","M","M","T","M","M","R","E","$","R","B",null,"M","$","M","?","?","E","$","?","T","M"],"character_chosen":"DEFECT","items_purchased":["Strawberry","Vajra","SkillPotion","Gash"],"campfire_rested":1,"item_purchase_floors":[14,14,14,24],"current_hp_per_floor":[69,68,68,57,57,57,55,50,50,50,46,68,57,64,64,49,82,58,58,28,55,55,12,12,12,12,4,0],"gold":83,"neow_bonus":"HUNDRED_GOLD","is_prod":false,"is_daily":false,"chose_seed":false,"campfire_upgraded":2,"win_rate":0,"timestamp":1538339226,"path_taken":["M","M","$","?","?","R","M","M","T","M","?","R","E","?","R","BOSS","M","$","M","?","?","E","$","?","T","M","M"],"build_version":"2018-09-27","purchased_purges":2,"victory":false,"max_hp_per_floor":[75,75,75,75,75,75,75,75,75,75,75,75,75,82,82,82,82,82,82,82,82,82,82,82,82,82,82,82],"card_choices":[{"not_picked":["Lockon","Scrape"],"picked":"White Noise","floor":1},{"not_picked":["Hologram","Beam Cell","Go for the Eyes"],"picked":"SKIP","floor":2},{"not_picked":["Steam","Turbo"],"picked":"Cold Snap","floor":7},{"not_picked":["Compile Driver","Stack"],"picked":"Machine Learning","floor":8},{"not_picked":["Hologram","Self Repair"],"picked":"Loop","floor":10},{"not_picked":["Compile Driver","Coolheaded"],"picked":"Heatsinks","floor":11},{"not_picked":["Redo","Leap"],"picked":"Creative AI","floor":13},{"not_picked":["Seek","Reboot"],"picked":"Creative AI","floor":16},{"not_picked":["Doom and Gloom","Hologram"],"picked":"Scrape","floor":18},{"not_picked":["Leap","Coolheaded+1"],"picked":"Static Discharge+1","floor":20},{"not_picked":["Chill","Chaos"],"picked":"Glacier","floor":23},{"not_picked":["Compile Driver","Streamline"],"picked":"Chill","floor":27}],"player_experience":130506,"relics_obtained":[{"floor":9,"key":"Centennial Puzzle"},{"floor":13,"key":"Potion Belt"},{"floor":23,"key":"Pantograph"},{"floor":26,"key":"War Paint"}],"event_choices":[{"event_name":"World of Goop","player_choice":"Gather Gold","floor":4,"damage_taken":0},{"event_name":"Living Wall","player_choice":"Grow","floor":5,"damage_taken":0},{"event_name":"The Library","player_choice":"Heal","floor":21,"damage_taken":0},{"event_name":"Forgotten Altar","player_choice":"Smashed Altar","floor":22,"damage_taken":0},{"event_name":"Ghosts","player_choice":"Ignored","floor":25,"damage_taken":0}],"is_beta":false,"boss_relics":[{"not_picked":["Runic Dome","Fusion Hammer"],"picked":"Sozu"}],"items_purged_floors":[3,19],"is_endless":false,"potions_floor_spawned":[1,13,16,23,27],"killed_by":"Cultist and Chosen","ascension_level":1}