{"gold_per_floor":[119,136,136,146,159,184,184,216,252,274,301,343,355,378,390,478,490,514,526,552,576,638,650,161,161,161,186,186,219,232,248,248,323,323,337,351,351,363,381,381,432,432,457,122,0,0,0,0,0,0,0],"floor_reached":51,"playtime":3662,"items_purged":["Strike_G","Writhe"],"score":1478,"play_id":"7425c337-6a14-4e79-a1d8-0d4747eb39f9","local_time":"20181025022108","is_ascension_mode":true,"campfire_choices":[{"floor":7.0,"key":"REST"},{"floor":13,"key":"REST"},{"data":"Deadly Poison","floor":15,"key":"SMITH"},{"data":"Footwork","floor":23,"key":"SMITH"},{"data":"Footwork","floor":25,"key":"SMITH"},{"floor":32,"key":"REST"},{"data":"Catalyst","floor":40,"key":"SMITH"},{"floor":47,"key":"REST"},{"data":"Burst","floor":49,"key":"SMITH"}],"neow_cost":"NONE","seed_source_timestamp":490257952600700,"circlet_count":0,"master_deck":["Defend_G+1","Defend_G+1","Defend_G+1","Defend_G+1","Defend_G+1","Strike_G+1","Survivor","Neutralize","AscendersBane","Footwork+1","Dagger Spray","Sucker Punch","Blur","Doppelganger","Cloak And Dagger","Well Laid Plans","Dagger Throw","Skewer","Backstab","Deadly Poison+1","Corpse Explosion+1","Accuracy+1","Crippling Poison+1","Setup+1","Dodge and Roll","Cloak And Dagger","Footwork+1","Backstab","Footwork+1","Crippling Poison+1","Infinite Blades","Deflect","Bouncing Flask+1","Backflip","Blur","Dash","Catalyst+1","Cloak And Dagger","Burst+1","Cloak And Dagger+1"],"special_seed":0,"relics":["Black Star","Du-Vu Doll","FossilizedHelix","Happy Flower","MawBank","Bag of Preparation","Dream Catcher","Centennial Puzzle","Astrolabe","MutagenicStrength","DollysMirror","Blood Vial","War Paint","Art of War","Ancient Tea Set","Cursed Key","Peace Pipe","Bag of Marbles","Red Mask"],"potions_floor_usage":[8,12,12,16,18,20,29,39,42,50,51],"damage_taken":[{"damage":1.0,"enemies":"Cultist","floor":1.0,"turns":5.0},{"damage":4.0,"enemies":"Jaw Worm","floor":2.0,"turns":5.0},{"damage":0.0,"enemies":"2 Louse","floor":4.0,"turns":3.0},{"damage":8.0,"enemies":"2 Fungi Beasts","floor":5.0,"turns":4.0},{"damage":19.0,"enemies":"Gremlin Nob","floor":6.0,"turns":4.0},{"damage":22,"enemies":"Lagavulin","floor":8,"turns":10},{"damage":1,"enemies":"Looter","floor":10,"turns":3},{"damage":0,"enemies":"Red Slaver","floor":11,"turns":4},{"damage":13,"enemies":"Gremlin Nob","floor":12,"turns":5},{"damage":0,"enemies":"3 Louse","floor":14,"turns":3},{"damage":19,"enemies":"Hexaghost","floor":16,"turns":12},{"damage":0,"enemies":"Chosen","floor":18,"turns":5},{"damage":0,"enemies":"3 Byrds","floor":20,"turns":1},{"damage":0,"enemies":"Centurion and Healer","floor":21,"turns":5},{"damage":25,"enemies":"Book of Stabbing","floor":29,"turns":5},{"damage":0,"enemies":"Cultist and Chosen","floor":30,"turns":6},{"damage":8,"enemies":"Shelled Parasite and Fungi","floor":31,"turns":6},{"damage":0,"enemies":"Automaton","floor":33,"turns":10},{"damage":0,"enemies":"Orb Walker","floor":35,"turns":3},{"damage":16,"enemies":"3 Darklings","floor":36,"turns":5},{"damage":0,"enemies":"4 Shapes","floor":38,"turns":6},{"damage":7,"enemies":"Writhing Mass","floor":39,"turns":6},{"damage":19,"enemies":"2 Orb Walkers","floor":41,"turns":3},{"damage":0,"enemies":"Spire Growth","floor":42,"turns":3},{"damage":10,"enemies":"Donu and Deca","floor":50,"turns":6},{"damage":54,"enemies":"Awakened One","floor":51,"turns":15}],"seed_played":"-3420378166642770020","potions_obtained":[{"floor":2.0,"key":"Fire Potion"},{"floor":5.0,"key":"Fire Potion"},{"floor":6.0,"key":"LiquidBronze"},{"floor":8,"key":"Swift Potion"},{"floor":11,"key":"Ancient Potion"},{"floor":12,"key":"Fire Potion"},{"floor":16,"key":"Fire Potion"},{"floor":18,"key":"Fire Potion"},{"floor":21,"key":"AttackPotion"},{"floor":29,"key":"SmokeBomb"},{"floor":30,"key":"GhostInAJar"},{"floor":41,"key":"GamblersBrew"}],"is_trial":false,"path_per_floor":["M","M","?","M","M","E","R","E","T","M","M","E","R","M","R","B",null,"M","?","M","M","?","R","$","R","T","T","?","E","M","M","R","B",null,"M","M","?","M","M","R","?","M","T","$","?","$","R","?","R","B"],"character_chosen":"THE_SILENT","items_purchased":["DollysMirror","Backstab","Footwork","Crippling Poison","Burst","GhostInAJar"],"campfire_rested":4,"item_purchase_floors":[24,24,24,24,44,44],"current_hp_per_floor":[58,54,54,54,46,27,46,24,24,23,23,10,29,29,29,10,52,52,52,52,52,52,52,52,52,52,52,52,29,31,25,44,46,61,63,49,49,51,46,46,29,31,31,31,31,31,50,50,50,42,0],"gold":0,"neow_bonus":"BOSS_RELIC","is_prod":false,"is_daily":false,"chose_seed":false,"campfire_upgraded":5,"win_rate":0,"timestamp":1540448468,"path_taken":["M","?","?","M","M","E","R","E","T","M","M","E","R","?","R","BOSS","M","?","?","M","?","R","$","R","T","?","?","E","M","M","R","BOSS","M","M","?","M","M","R","?","?","T","$","?","$","R","?","R","BOSS","BOSS"],"build_version":"2018-10-19","purchased_purges":2,"victory":false,"max_hp_per_floor":[66,66,66,66,66,66,66,66,66,66,66,66,66,66,66,66,66,66,66,66,66,66,66,66,66,66,66,66,66,66,66,66,66,66,66,66,66,66,66,66,66,66,66,66,66,66,66,66,66,66,66],"card_choices":[{"not_picked":["Sucker Punch","Tactician"],"picked":"Footwork","floor":1.0},{"not_picked":["Masterful Stab","Slice"],"picked":"Dagger Spray","floor":2.0},{"not_picked":["Endless Agony","Caltrops"],"picked":"Sucker Punch","floor":4.0},{"not_picked":["Dagger Throw","Tactician"],"picked":"Blur","floor":5.0},{"not_picked":["All Out Attack","Outmaneuver"],"picked":"Doppelganger","floor":6.0},{"not_picked":["Distraction","Outmaneuver"],"picked":"Cloak And Dagger","floor":8},{"not_picked":["Cloak And Dagger","Reflex"],"picked":"Well Laid Plans","floor":10},{"not_picked":["Concentrate","Eviscerate"],"picked":"Dagger Throw","floor":11},{"not_picked":["Outmaneuver","Dagger Spray"],"picked":"Skewer","floor":12},{"not_picked":["Slice","PiercingWail"],"picked":"Backstab","floor":13},{"not_picked":["Underhanded Strike","Backflip"],"picked":"Deadly Poison","floor":14},{"not_picked":["Grand Finale","Storm of Steel"],"picked":"Corpse Explosion","floor":16},{"not_picked":["Blade Dance","Poisoned Stab","Setup"],"picked":"SKIP","floor":18},{"not_picked":["Slice","Deadly Poison"],"picked":"Dodge and Roll","floor":20},{"not_picked":["Escape Plan","Sucker Punch"],"picked":"Cloak And Dagger","floor":21},{"not_picked":["Calculated Gamble","Skewer"],"picked":"Infinite Blades","floor":29},{"not_picked":["Dagger Throw+1","Slice"],"picked":"Deflect","floor":30},{"not_picked":["Underhanded Strike+1","Dagger Spray"],"picked":"Bouncing Flask+1","floor":31},{"not_picked":["PiercingWail","Caltrops"],"picked":"Backflip","floor":35},{"not_picked":["Predator","Quick Slash"],"picked":"Blur","floor":36},{"not_picked":["Dodge and Roll+1","PiercingWail+1"],"picked":"Catalyst","floor":38},{"not_picked":["Sucker Punch+1","Dodge and Roll","Flechettes"],"picked":"SKIP","floor":39},{"not_picked":["Deflect","Prepared"],"picked":"Cloak And Dagger","floor":41},{"not_picked":["Crippling Poison","Quick Slash"],"picked":"Cloak And Dagger+1","floor":47}],"player_experience":1478841,"relics_obtained":[{"floor":6.0,"key":"Du-Vu Doll"},{"floor":6.0,"key":"FossilizedHelix"},{"floor":8,"key":"Happy Flower"},{"floor":8,"key":"MawBank"},{"floor":9,"key":"Bag of Preparation"},{"floor":12,"key":"Dream Catcher"},{"floor":12,"key":"Centennial Puzzle"},{"floor":26,"key":"Blood Vial"},{"floor":27,"key":"War Paint"},{"floor":29,"key":"Art of War"},{"floor":29,"key":"Ancient Tea Set"},{"floor":41,"key":"Peace Pipe"},{"floor":43,"key":"Bag of Marbles"}],"event_choices":[{"damage_healed":0.0,"max_hp_gain":0.0,"max_hp_loss":0.0,"gold_gain":0.0,"event_name":"Golden Wing","player_choice":"Ignored","floor":3.0,"gold_loss":0.0,"damage_taken":0.0},{"damage_healed":0,"gold_gain":0,"player_choice":"Inject Mutagens","damage_taken":0,"relics_obtained":["MutagenicStrength"],"max_hp_gain":0,"max_hp_loss":0,"event_name":"Drug Dealer","floor":19,"gold_loss":0},{"damage_healed":0,"gold_gain":50,"player_choice":"Stole From Cult","damage_taken":0,"max_hp_gain":0,"max_hp_loss":0,"event_name":"Nest","floor":22,"gold_loss":0},{"damage_healed":0,"gold_gain":0,"player_choice":"Simplicity","damage_taken":0,"max_hp_gain":0,"max_hp_loss":0,"event_name":"Back to Basics","floor":28,"gold_loss":0,"cards_upgraded":["Defend_G","Defend_G","Defend_G","Defend_G","Defend_G","Strike_G"]},{"damage_healed":0,"gold_gain":0,"player_choice":"1 cards matched","damage_taken":0,"max_hp_gain":0,"max_hp_loss":0,"event_name":"Match and Keep!","floor":37,"gold_loss":0,"cards_obtained":["Dash"]},{"damage_healed":0,"gold_gain":0,"player_choice":"Fight","damage_taken":0,"max_hp_gain":0,"max_hp_loss":0,"event_name":"Mysterious Sphere","floor":41,"gold_loss":0},{"damage_healed":0,"gold_gain":0,"player_choice":"Paid","damage_taken":0,"relics_obtained":["Red Mask"],"max_hp_gain":0,"max_hp_loss":0,"event_name":"Tomb of Lord Red Mask","floor":45,"gold_loss":122},{"damage_healed":0,"gold_gain":0,"player_choice":"Memory 1","damage_taken":0,"max_hp_gain":0,"max_hp_loss":0,"event_name":"SensoryStone","floor":48,"gold_loss":0}],"is_beta":true,"boss_relics":[{"not_picked":["Coffee Dripper","Empty Cage"],"picked":"Astrolabe"},{"not_picked":["Eternal Feather","Pandora\u0027s Box"],"picked":"Cursed Key"}],"items_purged_floors":[24,44],"is_endless":false,"potions_floor_spawned":[2,5,6,8,11,12,16,18,21,29,30,35,38,41,42],"killed_by":"Awakened One","ascension_level":20}