{"gold_per_floor":[14,34,34,11,86,118,136,136,161,194,50,64,13,13],"floor_reached":14,"playtime":860,"items_purged":["Strike_R"],"score":123,"play_id":"0cbafafe-0d81-40b9-99de-a5034c57f374","local_time":"20181124114043","is_ascension_mode":true,"campfire_choices":[{"floor":8,"key":"RECALL"}],"neow_cost":"NO_GOLD","seed_source_timestamp":564951180771555,"circlet_count":0,"master_deck":["Strike_R","Strike_R","Strike_R","Defend_R","Defend_R","Defend_R","Bash","Burning Pact","Inflame","Shrug It Off","True Grit","Armaments","Seeing Red","Anger","Iron Wave"],"relics":["Burning Blood","Pen Nib","Blue Candle"],"potions_floor_usage":[],"damage_taken":[{"damage":0,"enemies":"Small Slimes","floor":1,"turns":3},{"damage":11,"enemies":"Jaw Worm","floor":2,"turns":4},{"damage":51,"enemies":"3 Sentries","floor":6,"turns":14},{"damage":6,"enemies":"Cultist","floor":7,"turns":6},{"damage":33,"enemies":"Lagavulin","floor":10,"turns":8},{"damage":10,"enemies":"Red Slaver","floor":12,"turns":5},{"damage":10,"enemies":"2 Fungi Beasts","floor":14,"turns":2}],"seed_played":"2358112211722874118","potions_obtained":[{"floor":7,"key":"FairyPotion"},{"floor":10,"key":"GamblersBrew"},{"floor":12,"key":"LiquidBronze"}],"is_trial":false,"path_per_floor":["M","M","?","$","?","E","M","R","T","E","$","M","$","M"],"character_chosen":"IRONCLAD","items_purchased":["True Grit","Seeing Red","Iron Wave"],"campfire_rested":0,"item_purchase_floors":[4,11,13],"current_hp_per_floor":[80,75,75,75,67,22,22,22,22,14,14,10,10,0],"gold":13,"neow_bonus":"TRANSFORM_TWO_CARDS","is_prod":false,"is_daily":false,"chose_seed":false,"campfire_upgraded":0,"win_rate":0,"timestamp":1543077643,"path_taken":["M","M","?","$","?","E","M","R","T","E","$","?","?","M"],"build_version":"2018-11-15","purchased_purges":1,"victory":false,"max_hp_per_floor":[80,80,80,80,80,80,80,80,80,80,80,80,80,80],"card_choices":[{"not_picked":["Iron Wave","Warcry","Blood for Blood"],"picked":"SKIP","floor":1},{"not_picked":["Headbutt","Reckless Charge"],"picked":"Shrug It Off","floor":2},{"not_picked":["Wild Strike","Pommel Strike","Iron Wave"],"picked":"SKIP","floor":6},{"not_picked":["Iron Wave","Sever Soul"],"picked":"Armaments","floor":7},{"not_picked":["Warcry","Headbutt","Reckless Charge"],"picked":"SKIP","floor":10},{"not_picked":["Feel No Pain","Fire Breathing"],"picked":"Anger","floor":12}],"player_experience":629006,"relics_obtained":[{"floor":6,"key":"Pen Nib"},{"floor":10,"key":"Blue Candle"}],"event_choices":[{"damage_healed":0,"gold_gain":0,"player_choice":"Leave","damage_taken":0,"max_hp_gain":0,"max_hp_loss":0,"event_name":"The Cleric","floor":3,"gold_loss":0},{"damage_healed":0,"gold_gain":75,"player_choice":"Touch","damage_taken":8,"max_hp_gain":0,"max_hp_loss":0,"event_name":"FaceTrader","floor":5,"gold_loss":0}],"is_beta":false,"boss_relics":[],"items_purged_floors":[11],"is_endless":false,"potions_floor_spawned":[7,10,12],"killed_by":"2 Fungi Beasts","ascension_level":5}