{"gold_per_floor":[109,109,109,123,133,133,58,58,58,74,74,101,119,138,138,239,239,253,268,268,288,308,308,333,345,369,369],"floor_reached":27,"playtime":1727,"items_purged":["Pain"],"score":379,"play_id":"bc7b298a-3eb0-4142-867c-9b6afaf7cb68","local_time":"20181114194358","is_ascension_mode":true,"campfire_choices":[{"data":"Defragment","floor":6,"key":"SMITH"},{"data":"Zap","floor":8,"key":"SMITH"},{"floor":11,"key":"REST"},{"data":"Conserve Battery","floor":15,"key":"SMITH"},{"floor":23,"key":"REST"}],"neow_cost":"CURSE","seed_source_timestamp":166509534628587,"circlet_count":0,"master_deck":["AscendersBane","Strike_B","Strike_B+1","Strike_B","Strike_B","Defend_B","Defend_B","Defend_B","Defend_B+1","Zap+1","Dualcast","Machine Learning","Cold Snap","Defragment+1","Ball Lightning","Conserve Battery+1","Conserve Battery+1","Cold Snap","Biased Cognition","Go for the Eyes","Melter+1","Conserve Battery","Static Discharge","Sunder+1"],"relics":["Cracked Core","NlothsMask","Centennial Puzzle","Philosopher\u0027s Stone","Shuriken","Lantern"],"potions_floor_usage":[24,27],"damage_taken":[{"damage":6,"enemies":"Small Slimes","floor":1,"turns":3},{"damage":2,"enemies":"2 Louse","floor":4,"turns":2},{"damage":3,"enemies":"Cultist","floor":5,"turns":4},{"damage":8,"enemies":"Exordium Wildlife","floor":10,"turns":4},{"damage":11,"enemies":"Lagavulin","floor":12,"turns":6},{"damage":21,"enemies":"Lots of Slimes","floor":13,"turns":3},{"damage":1,"enemies":"Blue Slaver","floor":14,"turns":3},{"damage":20,"enemies":"Hexaghost","floor":16,"turns":11},{"damage":7,"enemies":"Chosen","floor":18,"turns":4},{"damage":5,"enemies":"2 Thieves","floor":19,"turns":4},{"damage":1,"enemies":"Centurion and Healer","floor":21,"turns":6},{"damage":18,"enemies":"Shelled Parasite and Fungi","floor":22,"turns":6},{"damage":32,"enemies":"Slavers","floor":24,"turns":4},{"damage":6,"enemies":"Chosen and Byrds","floor":25,"turns":7},{"damage":22,"enemies":"Centurion and Healer","floor":27,"turns":2}],"seed_played":"-1400252143473300304","potions_obtained":[{"floor":5,"key":"AttackPotion"},{"floor":10,"key":"PowerPotion"},{"floor":24,"key":"Strength Potion"}],"is_trial":false,"path_per_floor":["M","?","?","M","M","R","$","R","T","M","R","E","M","M","R","B",null,"M","M","?","M","M","R","E","M","T","M"],"character_chosen":"DEFECT","items_purchased":[],"campfire_rested":2,"item_purchase_floors":[],"current_hp_per_floor":[62,47,47,45,42,42,42,42,42,34,56,45,24,23,23,3,57,50,45,45,44,26,48,16,10,10,0],"gold":369,"neow_bonus":"THREE_RARE_CARDS","is_prod":false,"is_daily":false,"chose_seed":false,"campfire_upgraded":3,"win_rate":0,"timestamp":1542192238,"path_taken":["M","?","?","M","M","R","$","R","T","?","R","E","M","M","R","BOSS","M","M","?","M","M","R","E","M","T","M"],"build_version":"2018-11-08","purchased_purges":1,"victory":false,"max_hp_per_floor":[75,75,75,75,75,75,75,75,75,75,75,75,75,75,75,75,75,75,75,75,75,75,75,75,75,75,75],"card_choices":[{"not_picked":["Hyperbeam","Amplify"],"picked":"Machine Learning","floor":0},{"not_picked":["Gash","Stack"],"picked":"Cold Snap","floor":1},{"not_picked":["Hologram","Fusion"],"picked":"Defragment","floor":4},{"not_picked":["Tempest","Storm"],"picked":"Ball Lightning","floor":5},{"not_picked":["Auto Shields","Aggregate"],"picked":"Conserve Battery","floor":10},{"not_picked":["Sweeping Beam","Fusion","Recycle"],"picked":"SKIP","floor":12},{"not_picked":["Amplify","Redo"],"picked":"Conserve Battery","floor":13},{"not_picked":["Hologram","Double Energy"],"picked":"Cold Snap","floor":14},{"not_picked":["Seek","Machine Learning"],"picked":"Biased Cognition","floor":16},{"not_picked":["Compile Driver","Leap"],"picked":"Go for the Eyes","floor":18},{"not_picked":["Rebound","Heatsinks"],"picked":"Melter+1","floor":19},{"not_picked":["Stack","Ball Lightning"],"picked":"Conserve Battery","floor":21},{"not_picked":["Leap+1","Compile Driver"],"picked":"Static Discharge","floor":22},{"not_picked":["Turbo","Chaos","Meteor Strike"],"picked":"SKIP","floor":24},{"not_picked":["BootSequence","Stack"],"picked":"Sunder+1","floor":25}],"player_experience":559986,"relics_obtained":[{"floor":12,"key":"Centennial Puzzle"},{"floor":24,"key":"Shuriken"},{"floor":26,"key":"Lantern"}],"event_choices":[{"damage_healed":0,"gold_gain":0,"player_choice":"Entered Light","damage_taken":15,"max_hp_gain":0,"max_hp_loss":0,"event_name":"Shining Light","floor":2,"gold_loss":0,"cards_upgraded":["Defend_B","Strike_B"]},{"damage_healed":0,"gold_gain":0,"player_choice":"Trade","damage_taken":0,"relics_obtained":["NlothsMask"],"max_hp_gain":0,"max_hp_loss":0,"event_name":"FaceTrader","floor":3,"gold_loss":0},{"damage_healed":0,"gold_gain":0,"player_choice":"Forge","damage_taken":0,"max_hp_gain":0,"max_hp_loss":0,"event_name":"Accursed Blacksmith","floor":20,"gold_loss":0,"cards_upgraded":["Conserve Battery"]}],"is_beta":false,"boss_relics":[{"not_picked":["Busted Crown","Black Star"],"picked":"Philosopher\u0027s Stone"}],"items_purged_floors":[7],"is_endless":false,"potions_floor_spawned":[5,10,12,21,24],"killed_by":"Centurion and Healer","ascension_level":12}