{"gold_per_floor":[114,114,189,65,90,123,23,41,41,41,7,22,22,63,63,194,194,210,225,245,265,265,265,265],"floor_reached":24,"playtime":1530,"items_purged":["Strike_B","Defend_B"],"score":256,"play_id":"583bd033-1cc3-4188-9c2f-a01ea77edb0a","local_time":"20190103084041","is_ascension_mode":false,"campfire_choices":[{"floor":10,"key":"REST"},{"floor":13,"key":"REST"},{"data":"Zap","floor":15,"key":"SMITH"},{"floor":23,"key":"REST"}],"neow_cost":"NONE","seed_source_timestamp":729231035903811,"circlet_count":0,"master_deck":["Defend_B","Defend_B","Defend_B","Zap+1","Dualcast","Auto Shields","Conserve Battery","Sweeping Beam","Ball Lightning","Melter","Rip and Tear","Sunder","Sweeping Beam","Seek","Undo+1","Turbo+1","Loop","White Noise","Conserve Battery+1","Fission"],"relics":["Cracked Core","Golden Idol","Ginger","Sundial","Blood Vial","Astrolabe"],"potions_floor_usage":[14,16],"damage_taken":[{"damage":0,"enemies":"Small Slimes","floor":1,"turns":4},{"damage":0,"enemies":"Jaw Worm","floor":5,"turns":4},{"damage":20,"enemies":"Gremlin Nob","floor":6,"turns":4},{"damage":1,"enemies":"Cultist","floor":8,"turns":3},{"damage":0,"enemies":"Looter","floor":12,"turns":3},{"damage":19,"enemies":"Lagavulin","floor":14,"turns":4},{"damage":0,"enemies":"Slime Boss","floor":16,"turns":7},{"damage":25,"enemies":"3 Byrds","floor":18,"turns":5},{"damage":14,"enemies":"Shell Parasite","floor":19,"turns":4},{"damage":21,"enemies":"Snake Plant","floor":20,"turns":4},{"damage":7,"enemies":"Snecko","floor":21,"turns":4},{"damage":39,"enemies":"Slavers","floor":24,"turns":3}],"seed_played":"-5426260989264151772","potions_obtained":[{"floor":8,"key":"Weak Potion"},{"floor":14,"key":"EssenceOfSteel"},{"floor":20,"key":"FearPotion"},{"floor":21,"key":"Swift Potion"}],"is_trial":false,"path_per_floor":["M","?","?","$","M","E","$","M","T","R","$","M","R","E","R","B",null,"M","M","M","M","?","R","E"],"character_chosen":"DEFECT","items_purchased":["Sweeping Beam","Sunder"],"campfire_rested":3,"item_purchase_floors":[4,11],"current_hp_per_floor":[75,57,46,46,46,26,26,25,25,47,47,47,69,50,50,52,75,50,38,19,14,14,36,0],"gold":265,"neow_bonus":"TRANSFORM_CARD","is_prod":false,"is_daily":false,"chose_seed":false,"campfire_upgraded":1,"win_rate":0.0,"timestamp":1546522841,"path_taken":["M","?","?","$","M","E","$","M","T","R","?","M","R","E","R","BOSS","M","M","?","M","?","R","E"],"build_version":"2018-12-20","purchased_purges":2,"victory":false,"max_hp_per_floor":[75,75,75,75,75,75,75,75,75,75,75,75,75,75,75,75,75,75,75,75,75,75,75,75],"card_choices":[{"not_picked":["Coolheaded","Redo"],"picked":"Conserve Battery","floor":1},{"not_picked":["Gash","Double Energy"],"picked":"Ball Lightning","floor":5},{"not_picked":["Force Field","Consume"],"picked":"Melter","floor":6},{"not_picked":["Steam","Darkness"],"picked":"Rip and Tear","floor":8},{"not_picked":["Skim","Steam Power"],"picked":"Sweeping Beam","floor":12},{"not_picked":["Reprogram","Skim"],"picked":"BootSequence","floor":14},{"not_picked":["Multi-Cast","Meteor Strike"],"picked":"Seek","floor":16},{"not_picked":["Go for the Eyes","Turbo"],"picked":"Loop","floor":18},{"not_picked":["Sweeping Beam","Rebound"],"picked":"White Noise","floor":19},{"not_picked":["Redo","Stack"],"picked":"Conserve Battery+1","floor":20},{"not_picked":["Gash","Hello World","Hologram"],"picked":"SKIP","floor":21}],"player_experience":124896,"relics_obtained":[{"floor":6,"key":"Ginger"},{"floor":9,"key":"Sundial"},{"floor":14,"key":"Blood Vial"}],"event_choices":[{"damage_healed":0,"gold_gain":0,"player_choice":"Take Damage","damage_taken":18,"relics_obtained":["Golden Idol"],"max_hp_gain":0,"max_hp_loss":0,"event_name":"Golden Idol","floor":2,"gold_loss":0},{"damage_healed":0,"gold_gain":75,"player_choice":"Gather Gold","damage_taken":11,"max_hp_gain":0,"max_hp_loss":0,"event_name":"World of Goop","floor":3,"gold_loss":0},{"damage_healed":0,"gold_gain":0,"cards_transformed":["Blizzard"],"player_choice":"Transformed","damage_taken":0,"max_hp_gain":0,"max_hp_loss":0,"event_name":"Transmorgrifier","floor":22,"gold_loss":0,"cards_obtained":["Fission"]}],"is_beta":false,"boss_relics":[{"not_picked":["Coffee Dripper","Lizard Tail"],"picked":"Astrolabe"}],"items_purged_floors":[4,7],"is_endless":false,"potions_floor_spawned":[8,14,20,21],"killed_by":"Slavers","ascension_level":0}