{"gold_per_floor":[112,124,140,90,90,90,40,54,54,77,77,27,27,62,62,188,188,211,227,138,338,362,362,385,401,427,265,290,290,290,71,71,71],"floor_reached":33,"playtime":3612,"items_purged":["Defend_G","Strike_G","Strike_G","Defend_G","Strike_G+1"],"score":245,"play_id":"3bd9df7b-be6a-476c-b780-5a755672b783","local_time":"20190207025107","is_ascension_mode":false,"campfire_choices":[{"data":"Crippling Poison","floor":6,"key":"SMITH"},{"data":"Survivor","floor":11,"key":"SMITH"},{"data":"Poisoned Stab","floor":15,"key":"SMITH"},{"data":"Bane","floor":23,"key":"SMITH"},{"floor":29,"key":"REST"},{"data":"Cloak And Dagger","floor":32,"key":"SMITH"}],"neow_cost":"NONE","seed_source_timestamp":1403902400213549,"circlet_count":0,"master_deck":["Defend_G","Defend_G","Survivor+1","Neutralize","Crippling Poison+1","Deadly Poison","Poisoned Stab+1","Outmaneuver","Poisoned Stab","Corpse Explosion","Bane+1","Bane+1","Noxious Fumes","Blur","Well Laid Plans","Acrobatics","Flying Knee+1","Cloak And Dagger+1","Footwork"],"relics":["Ring of the Snake","Smiling Mask","Golden Idol","Sundial","Whetstone","Ornamental Fan","WristBlade","MawBank"],"potions_floor_usage":[24,28,28,33,33],"damage_taken":[{"damage":0,"enemies":"2 Louse","floor":1,"turns":2},{"damage":3,"enemies":"Jaw Worm","floor":2,"turns":5},{"damage":1,"enemies":"Cultist","floor":3,"turns":4},{"damage":10,"enemies":"Exordium Thugs","floor":8,"turns":3},{"damage":12,"enemies":"3 Sentries","floor":14,"turns":9},{"damage":20,"enemies":"The Guardian","floor":16,"turns":8},{"damage":0,"enemies":"Chosen","floor":18,"turns":4},{"damage":7,"enemies":"Spheric Guardian","floor":19,"turns":4},{"damage":15,"enemies":"Snecko","floor":22,"turns":4},{"damage":8,"enemies":"Snake Plant","floor":24,"turns":3},{"damage":1,"enemies":"3 Cultists","floor":25,"turns":3},{"damage":2,"enemies":"Snecko","floor":28,"turns":3},{"damage":56,"enemies":"Champ","floor":33,"turns":9}],"seed_played":"-1924553203312484467","potions_obtained":[{"floor":1,"key":"Energy Potion"},{"floor":14,"key":"Ancient Potion"},{"floor":16,"key":"Fire Potion"},{"floor":24,"key":"SpeedPotion"}],"is_trial":false,"path_per_floor":["?","?","T","$","?","?","M","?"],"character_chosen":"THE_SILENT","items_purchased":["Noxious Fumes","Well Laid Plans","Acrobatics","Cloak And Dagger","Dexterity Potion","Footwork"],"campfire_rested":1,"item_purchase_floors":[20,27,27,31,31,31],"current_hp_per_floor":[70,67,66,66,65,65,65,55,55,55,55,55,55,43,43,23,65,65,58,58,58,43,43,35,34,34,34,32,51,51,51,51,0],"gold":71,"neow_bonus":"RANDOM_COMMON_RELIC","is_prod":false,"is_daily":false,"chose_seed":false,"campfire_upgraded":5,"win_rate":0.0,"timestamp":1549504267,"path_taken":["M","M","M","?","?","R","$","M","T","?","R","?","?","E","R","BOSS","M","M","$","?","M","R","M","?","T","$","M","R","?","$","R","BOSS"],"build_version":"2019-01-23","purchased_purges":5,"victory":false,"max_hp_per_floor":[70,70,70,70,65,65,65,65,65,65,65,65,65,65,65,65,65,65,65,65,65,65,65,65,65,65,65,65,65,65,65,65,65],"card_choices":[{"not_picked":["Choke","Prepared"],"picked":"Crippling Poison","floor":1},{"not_picked":["Sucker Punch","Outmaneuver"],"picked":"Deadly Poison","floor":2},{"not_picked":["Cloak And Dagger","Leg Sweep"],"picked":"Poisoned Stab","floor":3},{"not_picked":["Prepared","Underhanded Strike"],"picked":"Outmaneuver","floor":8},{"not_picked":["All Out Attack","Night Terror"],"picked":"Poisoned Stab","floor":14},{"not_picked":["Phantasmal Killer","Doppelganger"],"picked":"Corpse Explosion","floor":16},{"not_picked":["Accuracy","Dagger Spray"],"picked":"Bane","floor":18},{"not_picked":["Crippling Poison","Dagger Spray"],"picked":"Bane+1","floor":19},{"not_picked":["Heel Hook","Underhanded Strike"],"picked":"Blur","floor":22},{"not_picked":["Dagger Spray","Underhanded Strike","Night Terror"],"picked":"SKIP","floor":24},{"not_picked":["PiercingWail","Underhanded Strike+1","Heel Hook+1"],"picked":"SKIP","floor":25},{"not_picked":["Skewer","Expertise"],"picked":"Flying Knee+1","floor":28}],"player_experience":61730,"relics_obtained":[{"floor":9,"key":"Sundial"},{"floor":10,"key":"Whetstone"},{"floor":14,"key":"Ornamental Fan"},{"floor":26,"key":"MawBank"}],"event_choices":[{"cards_removed":["Strike_G"],"damage_healed":0,"gold_gain":0,"player_choice":"Card Removal","damage_taken":0,"max_hp_gain":0,"max_hp_loss":0,"event_name":"The Cleric","floor":4,"gold_loss":50},{"damage_healed":0,"gold_gain":0,"player_choice":"Lose Max HP","damage_taken":0,"relics_obtained":["Golden Idol"],"max_hp_gain":0,"max_hp_loss":5,"event_name":"Golden Idol","floor":5,"gold_loss":0},{"cards_removed":["Defend_G"],"damage_healed":0,"gold_gain":0,"player_choice":"Purged","damage_taken":0,"max_hp_gain":0,"max_hp_loss":0,"event_name":"Purifier","floor":13,"gold_loss":0},{"damage_healed":0,"gold_gain":200,"player_choice":"Gold","damage_taken":0,"max_hp_gain":0,"max_hp_loss":0,"event_name":"Wheel of Change","floor":21,"gold_loss":0},{"cards_removed":["Strike_G"],"damage_healed":0,"gold_gain":0,"player_choice":"Purged","damage_taken":0,"max_hp_gain":0,"max_hp_loss":0,"event_name":"Purifier","floor":30,"gold_loss":0}],"is_beta":false,"boss_relics":[{"not_picked":["Runic Dome","Snecko Eye"],"picked":"WristBlade"}],"items_purged_floors":[7,12,20,27,31],"is_endless":false,"potions_floor_spawned":[1,14,16,24,25],"killed_by":"Champ","ascension_level":0}