{"gold_per_floor":[12,23,42,117,67,100,100,18,18,18,18,18,48,58,58,157,157,175,175,195,206,61,61,61],"floor_reached":24,"playtime":1398,"items_purged":[],"score":204,"play_id":"44486c8e-3d7d-417d-90ab-f00a8e83817e","local_time":"20190110182541","is_ascension_mode":false,"campfire_choices":[{"floor":7,"key":"REST"},{"data":"Survivor","floor":10,"key":"SMITH"},{"floor":15,"key":"REST"},{"floor":23,"key":"REST"}],"neow_cost":"NO_GOLD","seed_source_timestamp":831076063650695,"circlet_count":0,"master_deck":["Defend_G","Defend_G","Defend_G","Defend_G","Strike_G","Strike_G","Strike_G","Strike_G","Strike_G","Survivor+1","Neutralize","Good Instincts","Madness","Dash","Flying Knee","Quick Slash","All Out Attack","Calculated Gamble","Terror","Noxious Fumes","Doppelganger","Underhanded Strike+1","Choke","Poisoned Stab","Bouncing Flask+1"],"relics":["Ring of the Snake","Paper Crane","PreservedInsect","CultistMask","Boot","Philosopher\u0027s Stone","Dream Catcher"],"potions_floor_usage":[],"damage_taken":[{"damage":0,"enemies":"2 Louse","floor":1,"turns":4},{"damage":0,"enemies":"Small Slimes","floor":2,"turns":3},{"damage":1,"enemies":"Jaw Worm","floor":3,"turns":4},{"damage":26,"enemies":"Gremlin Nob","floor":6,"turns":5},{"damage":10,"enemies":"Lagavulin","floor":13,"turns":6},{"damage":3,"enemies":"2 Fungi Beasts","floor":14,"turns":4},{"damage":18,"enemies":"Slime Boss","floor":16,"turns":11},{"damage":32,"enemies":"Spheric Guardian","floor":18,"turns":6},{"damage":11,"enemies":"Shell Parasite","floor":20,"turns":5},{"damage":21,"enemies":"3 Cultists","floor":21,"turns":5},{"damage":29,"enemies":"Gremlin Leader","floor":24,"turns":3}],"seed_played":"-1336864655674366561","potions_obtained":[{"floor":1,"key":"Swift Potion"},{"floor":2,"key":"SkillPotion"},{"floor":3,"key":"Strength Potion"}],"is_trial":false,"path_per_floor":["M","M","M","?","?","E","R","$","T","R","?","$","E","M","R","B",null,"M","$","M","M","$","R","E"],"character_chosen":"THE_SILENT","items_purchased":["Calculated Gamble","Dream Catcher"],"campfire_rested":3,"item_purchase_floors":[8,22],"current_hp_per_floor":[70,70,69,58,58,32,53,53,53,53,53,53,43,40,61,43,70,38,38,27,6,6,27,0],"gold":61,"neow_bonus":"RANDOM_COLORLESS_2","is_prod":false,"is_daily":false,"chose_seed":false,"campfire_upgraded":1,"win_rate":0.0,"timestamp":1547141141,"path_taken":["M","M","M","?","?","E","R","?","T","R","?","$","E","M","R","BOSS","M","$","M","M","?","R","E"],"build_version":"2019-01-03v4","purchased_purges":0,"victory":false,"max_hp_per_floor":[70,70,70,70,70,70,70,70,70,70,70,70,70,70,70,70,70,70,70,70,70,70,70,70],"card_choices":[{"not_picked":["Catalyst","Blur"],"picked":"Dash","floor":1},{"not_picked":["Acrobatics","Eviscerate"],"picked":"Flying Knee","floor":2},{"not_picked":["Sucker Punch","Heel Hook"],"picked":"Quick Slash","floor":3},{"not_picked":["Dagger Spray","Catalyst"],"picked":"All Out Attack","floor":6},{"not_picked":["Calculated Gamble","Bane"],"picked":"Terror","floor":13},{"not_picked":["Dodge and Roll","Blade Dance"],"picked":"Noxious Fumes","floor":14},{"not_picked":["A Thousand Cuts","Venomology"],"picked":"Doppelganger","floor":16},{"not_picked":["Caltrops+1","Deflect"],"picked":"Underhanded Strike+1","floor":18},{"not_picked":["Deadly Poison","Dagger Spray"],"picked":"Choke","floor":20},{"not_picked":["Terror","Riddle With Holes"],"picked":"Poisoned Stab","floor":21},{"not_picked":["Underhanded Strike","Sucker Punch"],"picked":"Bouncing Flask+1","floor":23}],"player_experience":146386,"relics_obtained":[{"floor":6,"key":"Paper Crane"},{"floor":9,"key":"PreservedInsect"},{"floor":13,"key":"Boot"}],"event_choices":[{"damage_healed":0,"gold_gain":75,"player_choice":"Gather Gold","damage_taken":11,"max_hp_gain":0,"max_hp_loss":0,"event_name":"World of Goop","floor":4,"gold_loss":0},{"cards_removed":["Defend_G"],"damage_healed":0,"gold_gain":0,"player_choice":"Card Removal","damage_taken":0,"max_hp_gain":0,"max_hp_loss":0,"event_name":"The Cleric","floor":5,"gold_loss":50},{"damage_healed":0,"gold_gain":0,"player_choice":"Trade","damage_taken":0,"relics_obtained":["CultistMask"],"max_hp_gain":0,"max_hp_loss":0,"event_name":"FaceTrader","floor":11,"gold_loss":0}],"is_beta":false,"boss_relics":[{"not_picked":["Busted Crown","White Beast Statue"],"picked":"Philosopher\u0027s Stone"}],"items_purged_floors":[],"is_endless":false,"potions_floor_spawned":[1,2,3,20,21],"killed_by":"Gremlin Leader","ascension_level":0}