{"gold_per_floor":[117,117,117,127,147,212,212,230,230,263,283,283,316,328,328,431,431,431,431,431,431,431,431,431,431,431,431,431,99,99,99,99,99,99,99,99,99,64,64,64,64,64,64,64,64,64,64,64,64,64],"floor_reached":51,"playtime":5178,"items_purged":[],"score":916,"play_id":"89dec064-9f8b-49c9-9771-b7682009ed82","local_time":"20190129211659","is_ascension_mode":true,"campfire_choices":[{"data":"Tools of the Trade","floor":7,"key":"SMITH"},{"floor":12,"key":"REST"},{"data":"Cloak And Dagger","floor":15,"key":"SMITH"},{"floor":25,"key":"REST"},{"data":"Adrenaline","floor":27,"key":"SMITH"},{"floor":30,"key":"REST"},{"floor":32,"key":"REST"},{"data":"Phantasmal Killer","floor":40,"key":"SMITH"},{"data":"Caltrops","floor":42,"key":"SMITH"},{"data":"Bouncing Flask","floor":45,"key":"SMITH"},{"data":"Prepared","floor":47,"key":"SMITH"},{"floor":49,"key":"REST"}],"neow_cost":"NONE","seed_source_timestamp":1021353436977422,"circlet_count":0,"master_deck":["Defend_G+1","Defend_G+1","Defend_G+1","Defend_G+1","Defend_G+1","Strike_G+1","Strike_G+1","Strike_G+1","Strike_G+1","Survivor","Neutralize+1","Dagger Throw","Dagger Spray+1","Die Die Die+1","Tools of the Trade+1","Sucker Punch","Cloak And Dagger+1","Bouncing Flask+1","Slice","Caltrops+1","Adrenaline+1","Catalyst+1","Prepared+1","Deadly Poison+1","Deadly Poison+1","Cloak And Dagger+1","Leg Sweep","Well Laid Plans+1","Phantasmal Killer+1","Wraith Form v2+1","Cloak And Dagger+1","Blade Dance+1","Leg Sweep","Backflip+1","Slice+1","Infinite Blades+1"],"relics":["Ring of the Snake","Tiny Chest","Smiling Mask","Kunai","Incense Burner","Ectoplasm","Mummified Hand","Boot","Tough Bandages","Frozen Egg 2","White Beast Statue","Whetstone","Snake Skull","Shuriken"],"potions_floor_usage":[10,10,13,16,23,35,37,41,46,50,50,50],"damage_taken":[{"damage":5,"enemies":"2 Louse","floor":1,"turns":5},{"damage":0,"enemies":"Cultist","floor":4,"turns":4},{"damage":1,"enemies":"Jaw Worm","floor":5,"turns":3},{"damage":30,"enemies":"Gremlin Nob","floor":6,"turns":4},{"damage":7,"enemies":"Gremlin Gang","floor":8,"turns":3},{"damage":22,"enemies":"Lagavulin","floor":10,"turns":9},{"damage":4,"enemies":"Lots of Slimes","floor":11,"turns":3},{"damage":16,"enemies":"Gremlin Nob","floor":13,"turns":4},{"damage":2,"enemies":"Blue Slaver","floor":14,"turns":4},{"damage":13,"enemies":"The Guardian","floor":16,"turns":11},{"damage":2,"enemies":"Shell Parasite","floor":18,"turns":4},{"damage":0,"enemies":"3 Byrds","floor":20,"turns":3},{"damage":8,"enemies":"Centurion and Healer","floor":21,"turns":5},{"damage":4,"enemies":"3 Cultists","floor":22,"turns":4},{"damage":37,"enemies":"Gremlin Leader","floor":23,"turns":5},{"damage":6,"enemies":"Sentry and Sphere","floor":28,"turns":5},{"damage":2,"enemies":"Book of Stabbing","floor":31,"turns":4},{"damage":26,"enemies":"Collector","floor":33,"turns":6},{"damage":0,"enemies":"Orb Walker","floor":35,"turns":4},{"damage":0,"enemies":"3 Shapes","floor":37,"turns":5},{"damage":0,"enemies":"Maw","floor":41,"turns":6},{"damage":24,"enemies":"Reptomancer","floor":46,"turns":6},{"damage":20,"enemies":"Spire Growth","floor":48,"turns":4},{"damage":41,"enemies":"Awakened One","floor":50,"turns":11}],"seed_played":"8433715031876107248","potions_obtained":[{"floor":6,"key":"Strength Potion"},{"floor":8,"key":"Regen Potion"},{"floor":11,"key":"EssenceOfSteel"},{"floor":14,"key":"SteroidPotion"},{"floor":16,"key":"FearPotion"},{"floor":18,"key":"Energy Potion"},{"floor":22,"key":"PowerPotion"},{"floor":28,"key":"GhostInAJar"},{"floor":35,"key":"Explosive Potion"},{"floor":37,"key":"Regen Potion"},{"floor":41,"key":"EntropicBrew"},{"floor":46,"key":"Explosive Potion"},{"floor":48,"key":"LiquidBronze"}],"is_trial":false,"path_per_floor":["M","?","?","M","M","E","R","M","T","E","M","R","E","M","R","B",null,"M","?","M","M","M","E","?","R","T","R","M","$","R","E","R","B",null,"M","?","M","$","T","R","M","R","T","?","R","E","R","M","R","B",null],"character_chosen":"THE_SILENT","items_purchased":["Well Laid Plans","Tough Bandages","Leg Sweep"],"campfire_rested":5,"item_purchase_floors":[29,29,38],"current_hp_per_floor":[65,70,70,70,69,39,39,32,32,25,21,45,29,27,27,14,65,63,63,63,55,51,14,14,38,38,38,32,32,56,54,78,52,75,75,75,75,75,75,75,82,82,82,82,82,58,58,38,62,21],"gold":64,"neow_bonus":"TEN_PERCENT_HP_BONUS","is_prod":false,"is_daily":false,"chose_seed":false,"campfire_upgraded":7,"win_rate":0,"timestamp":1548825419,"path_taken":["M","?","?","M","M","E","R","M","T","E","?","R","E","M","R","BOSS","M","?","?","?","M","E","?","R","T","R","M","$","R","E","R","BOSS","M","?","M","?","?","R","M","R","T","?","R","E","R","M","R","BOSS"],"build_version":"2019-01-23","purchased_purges":0,"victory":true,"max_hp_per_floor":[77,82,82,82,82,82,82,82,82,82,82,82,82,82,82,82,82,82,82,82,82,82,82,82,82,82,82,82,82,82,82,82,82,82,82,82,82,82,82,82,82,82,82,82,82,82,82,82,82,82],"card_choices":[{"not_picked":["Backflip","Acrobatics"],"picked":"Dagger Throw","floor":1},{"not_picked":["Quick Slash","Expertise"],"picked":"Dagger Spray","floor":4},{"not_picked":["Poisoned Stab","Deadly Poison"],"picked":"Die Die Die","floor":5},{"not_picked":["Sucker Punch","Acrobatics"],"picked":"Tools of the Trade","floor":6},{"not_picked":["Setup","Backflip"],"picked":"Sucker Punch","floor":8},{"not_picked":["Skewer","Infinite Blades"],"picked":"Cloak And Dagger","floor":10},{"not_picked":["Outmaneuver","Backflip"],"picked":"Bouncing Flask","floor":11},{"not_picked":["Deflect","Underhanded Strike"],"picked":"Slice","floor":13},{"not_picked":["Predator","Underhanded Strike"],"picked":"Caltrops","floor":14},{"not_picked":["Unload","Storm of Steel"],"picked":"Adrenaline","floor":16},{"not_picked":["Quick Slash+1","Masterful Stab+1"],"picked":"Catalyst+1","floor":18},{"not_picked":["PiercingWail","Setup"],"picked":"Deadly Poison+1","floor":20},{"not_picked":["Poisoned Stab+1","Escape Plan"],"picked":"Deadly Poison+1","floor":21},{"not_picked":["Outmaneuver","Bouncing Flask","Deadly Poison"],"picked":"SKIP","floor":22},{"not_picked":["Underhanded Strike","Outmaneuver"],"picked":"Cloak And Dagger+1","floor":23},{"not_picked":["Underhanded Strike","Infinite Blades"],"picked":"Leg Sweep","floor":28},{"not_picked":["Outmaneuver","Bane"],"picked":"Phantasmal Killer","floor":31},{"not_picked":["Grand Finale","Bullet Time"],"picked":"Wraith Form v2+1","floor":33},{"not_picked":["Deflect+1","Dodge and Roll+1"],"picked":"Cloak And Dagger+1","floor":35},{"not_picked":["Heel Hook","Tactician+1"],"picked":"Blade Dance+1","floor":37},{"not_picked":["Calculated Gamble","Outmaneuver"],"picked":"Backflip+1","floor":41},{"not_picked":["Tactician","Poisoned Stab+1"],"picked":"Slice+1","floor":46},{"not_picked":["Dodge and Roll+1","Outmaneuver"],"picked":"Infinite Blades+1","floor":48}],"player_experience":409546,"relics_obtained":[{"floor":6,"key":"Tiny Chest"},{"floor":9,"key":"Smiling Mask"},{"floor":10,"key":"Kunai"},{"floor":13,"key":"Incense Burner"},{"floor":23,"key":"Mummified Hand"},{"floor":26,"key":"Boot"},{"floor":31,"key":"Frozen Egg 2"},{"floor":39,"key":"Whetstone"},{"floor":43,"key":"Snake Skull"},{"floor":46,"key":"Shuriken"}],"event_choices":[{"damage_healed":0,"gold_gain":0,"player_choice":"Donut","damage_taken":0,"max_hp_gain":5,"max_hp_loss":0,"event_name":"Big Fish","floor":2,"gold_loss":0},{"damage_healed":0,"gold_gain":0,"player_choice":"Upgraded","damage_taken":0,"max_hp_gain":0,"max_hp_loss":0,"event_name":"Upgrade Shrine","floor":3,"gold_loss":0,"cards_upgraded":["Neutralize"]},{"damage_healed":0,"gold_gain":0,"cards_transformed":["Strike_G"],"player_choice":"Transformed","damage_taken":0,"max_hp_gain":0,"max_hp_loss":0,"event_name":"Transmorgrifier","floor":19,"gold_loss":0,"cards_obtained":["Prepared"]},{"damage_healed":0,"gold_gain":0,"player_choice":"Simplicity","damage_taken":0,"max_hp_gain":0,"max_hp_loss":0,"event_name":"Back to Basics","floor":24,"gold_loss":0,"cards_upgraded":["Defend_G","Defend_G","Defend_G","Defend_G","Defend_G","Strike_G","Strike_G","Strike_G","Strike_G"]},{"damage_healed":0,"gold_gain":0,"player_choice":"Upgraded","damage_taken":0,"max_hp_gain":0,"max_hp_loss":0,"event_name":"Upgrade Shrine","floor":36,"gold_loss":0,"cards_upgraded":["Well Laid Plans"]},{"damage_healed":0,"gold_gain":0,"player_choice":"Ignored","damage_taken":0,"max_hp_gain":0,"max_hp_loss":0,"event_name":"Mysterious Sphere","floor":44,"gold_loss":0}],"is_beta":false,"boss_relics":[{"not_picked":["Tiny House","WristBlade"],"picked":"Ectoplasm"},{"not_picked":["Busted Crown","Philosopher\u0027s Stone"],"picked":"White Beast Statue"}],"items_purged_floors":[],"is_endless":false,"potions_floor_spawned":[6,8,11,14,16,18,22,28,35,37,41,46,48],"ascension_level":6}