{"gold_per_floor":[118,68,68,17,17,17,32,32,55,4,4,21,21,36,36,133,133,152,132,144,154,6,6,6],"floor_reached":24,"playtime":1519,"items_purged":[],"score":279,"play_id":"faa1e276-c970-47cd-a05f-1e71c611089c","local_time":"20181120132920","is_ascension_mode":true,"campfire_choices":[{"data":"Echo Form","floor":6,"key":"SMITH"},{"floor":11,"key":"REST"},{"data":"Zap","floor":15,"key":"SMITH"},{"data":"Self Repair","floor":23,"key":"SMITH"}],"neow_cost":"TEN_PERCENT_HP_LOSS","seed_source_timestamp":0,"circlet_count":0,"master_deck":["AscendersBane","Strike_B","Strike_B","Strike_B","Defend_B","Defend_B","Defend_B","Defend_B","Zap+1","Dualcast","Echo Form+1","Self Repair+1","Ball Lightning","Cold Snap","Auto Shields","Seek","Consume","Go for the Eyes+1"],"special_seed":0,"relics":["Cracked Core","GremlinMask","Centennial Puzzle","Strawberry","Molten Egg 2","Coffee Dripper","Anchor"],"potions_floor_usage":[16,16,20,21,21],"damage_taken":[{"damage":4.0,"enemies":"Small Slimes","floor":1.0,"turns":4.0},{"damage":0.0,"enemies":"Cultist","floor":4.0,"turns":4.0},{"damage":30,"enemies":"Lagavulin","floor":7,"turns":5},{"damage":1,"enemies":"Cultist","floor":12,"turns":3},{"damage":6,"enemies":"Jaw Worm","floor":14,"turns":5},{"damage":47,"enemies":"Hexaghost","floor":16,"turns":10},{"damage":28,"enemies":"Spheric Guardian","floor":18,"turns":4},{"damage":24,"enemies":"2 Thieves","floor":20,"turns":4},{"damage":17,"enemies":"Shelled Parasite and Fungi","floor":21,"turns":9},{"damage":9,"enemies":"3 Cultists","floor":24,"turns":3}],"seed_played":"8528868012087133366","potions_obtained":[{"floor":12,"key":"LiquidBronze"},{"floor":16,"key":"Dexterity Potion"},{"floor":18,"key":"Ancient Potion"},{"floor":19,"key":"Explosive Potion"}],"is_trial":false,"path_per_floor":["M","?","?","M","$","$","R","E","?","T","$","R","M","?","M","R","B",null,"M","?","M","M","$","R","M"],"character_chosen":"DEFECT","items_purchased":["Swift Potion","Block Potion","Anchor"],"campfire_rested":1,"item_purchase_floors":[4,10,22],"current_hp_per_floor":[64,64,64,68,68,68,45,27,34,34,56,62,62,63,63,30,64,36,36,19,9,9,9,0],"gold":6,"neow_bonus":"THREE_RARE_CARDS","is_prod":false,"is_daily":false,"chose_seed":false,"campfire_upgraded":3,"win_rate":0,"timestamp":1542738560,"path_taken":["M","?","?","?","$","R","E","?","T","$","R","M","?","M","R","BOSS","M","?","M","M","$","R","M"],"build_version":"2018-11-15","purchased_purges":0,"victory":false,"max_hp_per_floor":[68,68,68,68,68,68,68,68,75,75,75,75,75,75,75,75,75,75,75,75,75,75,75,75],"card_choices":[{"not_picked":["Reboot","Thunder Strike"],"picked":"Echo Form","floor":0.0},{"not_picked":["Leap","Beam Cell"],"picked":"Self Repair","floor":1.0},{"not_picked":["Lockon","Coolheaded"],"picked":"Ball Lightning","floor":7},{"not_picked":["BootSequence","Hello World"],"picked":"Cold Snap","floor":12},{"not_picked":["Aggregate","Redo"],"picked":"Auto Shields","floor":14},{"not_picked":["Rainbow","Hyperbeam+1"],"picked":"Seek","floor":16},{"not_picked":["Sweeping Beam+1","Leap","Reprogram+1"],"picked":"SKIP","floor":18},{"not_picked":["Turbo+1","Loop+1"],"picked":"Consume","floor":20},{"not_picked":["Ball Lightning+1","White Noise+1"],"picked":"Go for the Eyes+1","floor":21}],"player_experience":564447,"relics_obtained":[{"floor":9,"key":"Strawberry"}],"event_choices":[{"cards_removed":["Strike_B"],"damage_healed":0.0,"max_hp_gain":0.0,"max_hp_loss":0.0,"gold_gain":0.0,"event_name":"The Cleric","player_choice":"Card Removal","floor":2.0,"gold_loss":50.0,"damage_taken":0.0},{"damage_healed":0.0,"max_hp_gain":0.0,"max_hp_loss":0.0,"gold_gain":0.0,"event_name":"FaceTrader","player_choice":"Trade","floor":3.0,"gold_loss":0.0,"damage_taken":0.0,"relics_obtained":["GremlinMask"]},{"damage_healed":0,"gold_gain":0,"player_choice":"Success","damage_taken":18,"relics_obtained":["Centennial Puzzle"],"max_hp_gain":0,"max_hp_loss":0,"event_name":"Scrap Ooze","floor":8,"gold_loss":0},{"damage_healed":0,"gold_gain":0,"player_choice":"Gave Potion","damage_taken":0,"relics_obtained":["Molten Egg 2"],"max_hp_gain":0,"max_hp_loss":0,"event_name":"WeMeetAgain","floor":13,"gold_loss":0},{"damage_healed":0,"gold_gain":0,"player_choice":"Bought 1 Potion","damage_taken":0,"max_hp_gain":0,"max_hp_loss":0,"event_name":"The Woman in Blue","floor":19,"gold_loss":0}],"is_beta":false,"boss_relics":[{"not_picked":["Cursed Key","FrozenCore"],"picked":"Coffee Dripper"}],"items_purged_floors":[],"is_endless":false,"potions_floor_spawned":[12,16,18],"killed_by":"3 Cultists","ascension_level":10}