{"gold_per_floor":[117,117,117,132,15,44,55,155,182,182,198,198,214,14,14,117,117,131,131],"floor_reached":19,"playtime":1418,"items_purged":[],"score":192,"play_id":"63a88ec6-9be5-4262-b90e-7e1fb371509f","local_time":"20181223185807","is_ascension_mode":false,"campfire_choices":[{"data":"Fiend Fire","floor":10,"key":"SMITH"},{"data":"Combust","floor":12,"key":"SMITH"},{"floor":15,"key":"REST"}],"neow_cost":"NONE","seed_source_timestamp":2221343723931865,"circlet_count":0,"master_deck":["Strike_R","Strike_R","Strike_R+1","Strike_R+1","Defend_R","Defend_R","Defend_R","Defend_R","Bash","Combust+1","Fiend Fire+1","Rage","Rupture","Iron Wave","Infernal Blade","Shrug It Off","Ghostly Armor","Armaments","Anger","Dark Embrace","Pain","Pain","Writhe","Rupture"],"relics":["Burning Blood","NeowsBlessing","Orichalcum","Bag of Marbles","Vajra","Calling Bell","Bronze Scales","Darkstone Periapt","Incense Burner"],"potions_floor_usage":[],"damage_taken":[{"damage":0,"enemies":"2 Louse","floor":1,"turns":1},{"damage":0,"enemies":"Jaw Worm","floor":4,"turns":1},{"damage":0,"enemies":"Gremlin Nob","floor":6,"turns":1},{"damage":11,"enemies":"Cultist","floor":7,"turns":5},{"damage":10,"enemies":"2 Fungi Beasts","floor":11,"turns":3},{"damage":12,"enemies":"Lots of Slimes","floor":13,"turns":2},{"damage":44,"enemies":"Slime Boss","floor":16,"turns":13},{"damage":21,"enemies":"2 Thieves","floor":18,"turns":3},{"damage":33,"enemies":"Colosseum Slavers","floor":19,"turns":4},{"damage":55,"enemies":"Colosseum Nobs","floor":19,"turns":3}],"seed_played":"-429365643179114338","potions_obtained":[{"floor":4,"key":"Dexterity Potion"},{"floor":11,"key":"AttackPotion"},{"floor":18,"key":"Ancient Potion"}],"is_trial":false,"path_per_floor":["M","?","?","M","$","E","M","?","T","R","M","R","M","$","R","B",null,"M","?"],"character_chosen":"IRONCLAD","items_purchased":["Rupture","Iron Wave","Anger","Vajra"],"campfire_rested":1,"item_purchase_floors":[5,5,14,14],"current_hp_per_floor":[80,64,64,70,70,76,71,71,71,71,67,67,61,61,80,42,80,65,0],"gold":131,"neow_bonus":"THREE_ENEMY_KILL","is_prod":false,"is_daily":false,"chose_seed":false,"campfire_upgraded":2,"win_rate":0.0,"timestamp":1545587887,"path_taken":["M","?","?","?","$","E","M","?","T","R","?","R","M","?","R","BOSS","M","?"],"build_version":"2018-12-20","purchased_purges":0,"victory":false,"max_hp_per_floor":[80,80,80,80,80,80,80,80,80,80,80,80,80,80,80,80,80,80,80],"card_choices":[{"not_picked":["Heavy Blade","Perfected Strike"],"picked":"Combust","floor":1},{"not_picked":["Entrench","Headbutt"],"picked":"Rage","floor":4},{"not_picked":["Armaments","Blood for Blood"],"picked":"Infernal Blade","floor":6},{"not_picked":["Heavy Blade","Body Slam"],"picked":"Shrug It Off","floor":7},{"not_picked":["Searing Blow","Iron Wave"],"picked":"Ghostly Armor","floor":11},{"not_picked":["Flex","Twin Strike"],"picked":"Armaments","floor":13},{"not_picked":["Feed","Offering"],"picked":"Dark Embrace","floor":16},{"not_picked":["Shrug It Off","True Grit"],"picked":"Rupture","floor":18}],"player_experience":7567,"relics_obtained":[{"floor":6,"key":"Orichalcum"},{"floor":9,"key":"Bag of Marbles"},{"floor":17,"key":"Bronze Scales"},{"floor":17,"key":"Darkstone Periapt"},{"floor":17,"key":"Incense Burner"}],"event_choices":[{"damage_healed":0,"gold_gain":0,"player_choice":"Entered Light","damage_taken":16,"max_hp_gain":0,"max_hp_loss":0,"event_name":"Shining Light","floor":2,"gold_loss":0,"cards_upgraded":["Strike_R","Strike_R"]},{"damage_healed":0,"gold_gain":0,"cards_transformed":["Strike_R"],"player_choice":"Transformed","damage_taken":0,"max_hp_gain":0,"max_hp_loss":0,"event_name":"Transmorgrifier","floor":3,"gold_loss":0,"cards_obtained":["Fiend Fire"]},{"damage_healed":0,"gold_gain":100,"player_choice":"Pray","damage_taken":0,"max_hp_gain":0,"max_hp_loss":0,"event_name":"Golden Shrine","floor":8,"gold_loss":0},{"damage_healed":0,"gold_gain":0,"player_choice":"Fight","damage_taken":0,"max_hp_gain":0,"max_hp_loss":0,"event_name":"Colosseum","floor":19,"gold_loss":0},{"damage_healed":0,"gold_gain":0,"player_choice":"Fought Nobs","damage_taken":0,"max_hp_gain":0,"max_hp_loss":0,"event_name":"Colosseum","floor":19,"gold_loss":0}],"is_beta":false,"boss_relics":[{"not_picked":["Velvet Choker","Cursed Key"],"picked":"Calling Bell"}],"items_purged_floors":[],"is_endless":false,"potions_floor_spawned":[4,11,18,19],"killed_by":"Colosseum Nobs","ascension_level":0}