{"gold_per_floor":[114,124,124,144,144,174,174,205,205,27,27,47,47,74,74,174,174,185,135,135,135,8,0],"floor_reached":23,"playtime":1253,"items_purged":["Regret","Defend_B"],"score":236,"play_id":"80ede6da-bced-4b55-bb5e-db15b02de96e","local_time":"20190114163024","is_ascension_mode":true,"campfire_choices":[{"floor":7,"key":"REST"},{"floor":11,"key":"REST"},{"floor":15,"key":"REST"}],"neow_cost":"TEN_PERCENT_HP_LOSS","seed_source_timestamp":497994463971069,"circlet_count":0,"master_deck":["Strike_B","Strike_B","Strike_B","Strike_B","Defend_B+1","Defend_B","Defend_B","Zap+1","Dualcast","Steam","Ball Lightning","Ball Lightning","Core Surge","Coolheaded","Apotheosis","Coolheaded","Conserve Battery","Creative AI","Chaos","Self Repair"],"relics":["Cracked Core","Du-Vu Doll","Gremlin Horn","Boot","Smiling Mask","Bottled Lightning","Thread and Needle","Inserter"],"potions_floor_usage":[14,20,23],"damage_taken":[{"damage":4,"enemies":"Jaw Worm","floor":1,"turns":3},{"damage":0,"enemies":"Cultist","floor":2,"turns":3},{"damage":7,"enemies":"Small Slimes","floor":4,"turns":3},{"damage":28,"enemies":"3 Sentries","floor":6,"turns":6},{"damage":22,"enemies":"Lagavulin","floor":8,"turns":6},{"damage":1,"enemies":"Blue Slaver","floor":12,"turns":2},{"damage":16,"enemies":"3 Sentries","floor":14,"turns":4},{"damage":28,"enemies":"Hexaghost","floor":16,"turns":10},{"damage":18,"enemies":"Spheric Guardian","floor":18,"turns":4},{"damage":30,"enemies":"Colosseum Slavers","floor":20,"turns":5},{"damage":10,"enemies":"2 Thieves","floor":23,"turns":1}],"seed_played":"8640820672997791841","potions_obtained":[{"floor":2,"key":"GamblersBrew"},{"floor":8,"key":"SpeedPotion"},{"floor":16,"key":"Swift Potion"}],"is_trial":false,"path_per_floor":["M","M","?","M","?","E","R","E","T","$","R","M","$","E","R","B",null,"M","$","?","?","$","M"],"character_chosen":"DEFECT","items_purchased":["Apotheosis","Self Repair"],"campfire_rested":3,"item_purchase_floors":[10,22],"current_hp_per_floor":[64,64,64,57,43,15,35,13,13,13,33,32,32,16,36,8,68,50,50,20,4,4,0],"gold":0,"neow_bonus":"ONE_RARE_RELIC","is_prod":false,"is_daily":false,"chose_seed":false,"campfire_upgraded":0,"win_rate":0,"timestamp":1547501424,"path_taken":["M","M","?","M","?","E","R","E","T","?","R","?","$","E","R","BOSS","M","?","?","?","?","M"],"build_version":"2019-01-10","purchased_purges":2,"victory":false,"max_hp_per_floor":[68,68,68,68,68,68,68,68,68,68,68,68,68,68,68,68,68,68,68,68,68,68,68],"card_choices":[{"not_picked":["Beam Cell","Rebound"],"picked":"Steam","floor":1},{"not_picked":["Barrage","Cold Snap"],"picked":"Ball Lightning","floor":2},{"not_picked":["Scrape","Beam Cell"],"picked":"Ball Lightning","floor":4},{"not_picked":["Turbo","Stack"],"picked":"Core Surge","floor":6},{"not_picked":["Compile Driver","Skim"],"picked":"Coolheaded","floor":8},{"not_picked":["Static Discharge","Streamline"],"picked":"Coolheaded","floor":12},{"not_picked":["Beam Cell","Stack"],"picked":"Conserve Battery","floor":14},{"not_picked":["Hyperbeam","Machine Learning"],"picked":"Creative AI","floor":16},{"not_picked":["Doom and Gloom","Stack"],"picked":"Chaos","floor":18}],"player_experience":218296,"relics_obtained":[{"floor":6,"key":"Boot"},{"floor":8,"key":"Smiling Mask"},{"floor":9,"key":"Bottled Lightning"},{"floor":14,"key":"Thread and Needle"}],"event_choices":[{"damage_healed":0,"gold_gain":0,"player_choice":"Box","damage_taken":0,"relics_obtained":["Gremlin Horn"],"max_hp_gain":0,"max_hp_loss":0,"event_name":"Big Fish","floor":3,"gold_loss":0,"cards_obtained":["Regret"]},{"damage_healed":0,"gold_gain":0,"player_choice":"Entered Light","damage_taken":14,"max_hp_gain":0,"max_hp_loss":0,"event_name":"Shining Light","floor":5,"gold_loss":0,"cards_upgraded":["Zap","Defend_B"]},{"damage_healed":0,"gold_gain":0,"player_choice":"Fight","damage_taken":0,"max_hp_gain":0,"max_hp_loss":0,"event_name":"Colosseum","floor":20,"gold_loss":0},{"damage_healed":0,"gold_gain":0,"player_choice":"Fled From Nobs","damage_taken":0,"max_hp_gain":0,"max_hp_loss":0,"event_name":"Colosseum","floor":20,"gold_loss":0},{"damage_healed":0,"gold_gain":0,"player_choice":"Obtained Book","damage_taken":16,"max_hp_gain":0,"max_hp_loss":0,"event_name":"Cursed Tome","floor":21,"gold_loss":0}],"is_beta":false,"boss_relics":[{"not_picked":["Calling Bell","Orrery"],"picked":"Inserter"}],"items_purged_floors":[19,22],"is_endless":false,"potions_floor_spawned":[2,8,16],"killed_by":"2 Thieves","ascension_level":3}