{"gold_per_floor":[112,126,139,314,314,355,355,246,246,271,291,159,159,199,199,328,328,344,284,284],"floor_reached":20,"playtime":1539,"items_purged":["Doubt"],"score":182,"play_id":"3ce97391-fe64-4bd7-9f51-5c5b03515e3d","local_time":"20181227145748","is_ascension_mode":false,"campfire_choices":[{"floor":7,"key":"REST"},{"data":"Armaments","floor":13,"key":"SMITH"},{"floor":15,"key":"REST"}],"neow_cost":"NONE","seed_source_timestamp":73237928447006,"circlet_count":0,"master_deck":["Strike_R","Strike_R","Strike_R","Strike_R","Strike_R","Defend_R","Defend_R","Defend_R","Defend_R","Bash","Shockwave","Evolve","Injury","Rampage","Seeing Red","Second Wind","Armaments+1","Discovery","Rupture","Barricade","Immolate","Pommel Strike"],"relics":["Burning Blood","NeowsBlessing","Golden Idol","Bottled Flame","Strawberry","Oddly Smooth Stone","Philosopher\u0027s Stone"],"potions_floor_usage":[],"damage_taken":[{"damage":0,"enemies":"Small Slimes","floor":1,"turns":1},{"damage":0,"enemies":"Jaw Worm","floor":2,"turns":1},{"damage":0,"enemies":"Cultist","floor":3,"turns":1},{"damage":73,"enemies":"Gremlin Nob","floor":6,"turns":7},{"damage":9,"enemies":"3 Louse","floor":10,"turns":7},{"damage":6,"enemies":"Blue Slaver","floor":11,"turns":5},{"damage":19,"enemies":"Lagavulin","floor":14,"turns":7},{"damage":29,"enemies":"Slime Boss","floor":16,"turns":16},{"damage":33,"enemies":"Shell Parasite","floor":18,"turns":7},{"damage":38,"enemies":"2 Thieves","floor":19,"turns":4},{"damage":30,"enemies":"Snake Plant","floor":20,"turns":2}],"seed_played":"-2510572339307460374","potions_obtained":[{"floor":1,"key":"Dexterity Potion"},{"floor":3,"key":"SkillPotion"},{"floor":11,"key":"Weak Potion"}],"is_trial":false,"path_per_floor":["M","M","M","?","?","E","R","$","T","M","M","$","R","E","R","B",null,"M","M","M"],"character_chosen":"IRONCLAD","items_purchased":["Seeing Red","Discovery","Rupture"],"campfire_rested":2,"item_purchase_floors":[8,12,12],"current_hp_per_floor":[80,80,80,80,80,13,37,37,44,41,41,41,41,28,54,31,87,60,28,0],"gold":284,"neow_bonus":"THREE_ENEMY_KILL","is_prod":false,"is_daily":false,"chose_seed":false,"campfire_upgraded":1,"win_rate":0.0,"timestamp":1545919068,"path_taken":["M","M","M","?","?","E","R","?","T","?","M","$","R","E","R","BOSS","M","M","M"],"build_version":"2018-12-20","purchased_purges":1,"victory":false,"max_hp_per_floor":[80,80,80,80,80,80,80,80,87,87,87,87,87,87,87,87,87,87,87,87],"card_choices":[{"not_picked":["Whirlwind","Clothesline"],"picked":"Shockwave","floor":1},{"not_picked":["Anger","Clash"],"picked":"Evolve","floor":2},{"not_picked":["Shrug It Off","Pommel Strike","Fire Breathing"],"picked":"SKIP","floor":3},{"not_picked":["Sword Boomerang","Entrench"],"picked":"Rampage","floor":6},{"not_picked":["Iron Wave","Headbutt"],"picked":"Second Wind","floor":10},{"not_picked":["Twin Strike","Shrug It Off"],"picked":"Armaments","floor":11},{"not_picked":["Shockwave","Perfected Strike"],"picked":"Barricade","floor":14},{"not_picked":["Brutality","Fiend Fire"],"picked":"Immolate","floor":16},{"not_picked":["Intimidate","Shrug It Off","Sword Boomerang"],"picked":"SKIP","floor":18},{"not_picked":["Shrug It Off","Evolve"],"picked":"Pommel Strike","floor":19}],"player_experience":72361,"relics_obtained":[{"floor":6,"key":"Bottled Flame"},{"floor":9,"key":"Strawberry"},{"floor":14,"key":"Oddly Smooth Stone"}],"event_choices":[{"damage_healed":0,"gold_gain":175,"player_choice":"AGREE","damage_taken":0,"max_hp_gain":0,"max_hp_loss":0,"event_name":"Liars Game","floor":4,"gold_loss":0,"cards_obtained":["Doubt"]},{"damage_healed":0,"gold_gain":0,"player_choice":"Take Wound","damage_taken":0,"relics_obtained":["Golden Idol"],"max_hp_gain":0,"max_hp_loss":0,"event_name":"Golden Idol","floor":5,"gold_loss":0,"cards_obtained":["Injury"]}],"is_beta":false,"boss_relics":[{"not_picked":["Lizard Tail","Runic Dome"],"picked":"Philosopher\u0027s Stone"}],"items_purged_floors":[8],"is_endless":false,"potions_floor_spawned":[1,3,11],"killed_by":"Snake Plant","ascension_level":0}