{"gold_per_floor":[109,109,55,74,149,174,192,207,289,314,314,330,359,379,379,482,482,492,492,407,55,0,12,12,12,12,22,22,22,55,68,68,68],"floor_reached":33,"playtime":1506,"items_purged":["Strike_B"],"score":351,"play_id":"a332fb1e-353a-49ec-a1a5-add276df7a84","local_time":"20181116193922","is_ascension_mode":true,"campfire_choices":[{"data":"Rip and Tear","floor":15,"key":"SMITH"},{"data":"Beam Cell","floor":24,"key":"SMITH"},{"data":"Decay","floor":28,"key":"PURGE"},{"data":"Scrape","floor":32,"key":"SMITH"}],"neow_cost":"NONE","seed_source_timestamp":184581591036952,"circlet_count":0,"master_deck":["Strike_B","Strike_B+1","Strike_B","Defend_B","Defend_B","Defend_B","Defend_B+1","Zap","Dualcast","Genetic Algorithm","Gash","Rip and Tear+1","Conserve Battery","Melter","Go for the Eyes","Steam","Reboot","Streamline+1","Scrape+1","Beam Cell+1","Ghostly","Ghostly","Ghostly","Ghostly","Ghostly","Rebound+1"],"relics":["Cracked Core","NeowsBlessing","Peace Pipe","Pear","Centennial Puzzle","Bag of Preparation","Cursed Key","The Courier","Darkstone Periapt","Strawberry","Boot","Gremlin Horn","StoneCalendar"],"potions_floor_usage":[16,29,31,33,33,33],"damage_taken":[{"damage":0,"enemies":"Small Slimes","floor":1,"turns":1},{"damage":0,"enemies":"2 Louse","floor":4,"turns":1},{"damage":0,"enemies":"Gremlin Nob","floor":6,"turns":1},{"damage":0,"enemies":"Jaw Worm","floor":7,"turns":3},{"damage":3,"enemies":"Looter","floor":8,"turns":2},{"damage":16,"enemies":"Lagavulin","floor":10,"turns":6},{"damage":7,"enemies":"3 Louse","floor":12,"turns":3},{"damage":4,"enemies":"Gremlin Nob","floor":13,"turns":4},{"damage":0,"enemies":"2 Fungi Beasts","floor":14,"turns":3},{"damage":9,"enemies":"The Guardian","floor":16,"turns":10},{"damage":8,"enemies":"Chosen","floor":18,"turns":5},{"damage":5,"enemies":"2 Thieves","floor":23,"turns":3},{"damage":9,"enemies":"Centurion and Healer","floor":27,"turns":7},{"damage":4,"enemies":"Slavers","floor":30,"turns":4},{"damage":11,"enemies":"Snake Plant","floor":31,"turns":3},{"damage":7,"enemies":"Collector","floor":33,"turns":6}],"seed_played":"-4968770838810098561","potions_obtained":[{"floor":1,"key":"SkillPotion"},{"floor":8,"key":"Dexterity Potion"},{"floor":12,"key":"GamblersBrew"},{"floor":13,"key":"Fire Potion"},{"floor":16,"key":"PowerPotion"},{"floor":27,"key":"AttackPotion"},{"floor":29,"key":"Fruit Juice"},{"floor":29,"key":"Fire Potion"},{"floor":31,"key":"Strength Potion"}],"is_trial":false,"path_per_floor":["M","?","$","M","?","E","M","M","T","E","?","M","E","M","R","B",null,"M","?","?","$","?","M","R","?","T","M","R","?","E","M","R","B"],"character_chosen":"DEFECT","items_purchased":["Gash","Scrape","Strawberry","Boot"],"campfire_rested":0,"item_purchase_floors":[3,21,21,21],"current_hp_per_floor":[75,60,60,60,49,49,49,46,56,40,40,33,29,29,29,20,85,77,77,77,84,84,79,79,46,52,43,43,48,44,33,33,26],"gold":68,"neow_bonus":"THREE_ENEMY_KILL","is_prod":false,"is_daily":false,"chose_seed":false,"campfire_upgraded":3,"win_rate":0,"timestamp":1542415162,"path_taken":["M","?","$","M","?","E","M","M","T","E","?","M","E","M","R","BOSS","M","?","?","$","?","M","R","?","T","M","R","?","E","M","R","BOSS"],"build_version":"2018-11-15","purchased_purges":1,"victory":false,"max_hp_per_floor":[75,75,75,75,75,75,75,75,85,85,85,85,85,85,85,85,85,85,85,85,92,92,92,92,46,52,52,52,57,57,57,57,57],"card_choices":[{"not_picked":["Conserve Battery","Redo"],"picked":"Genetic Algorithm","floor":1},{"not_picked":["Steam","Storm"],"picked":"Rip and Tear","floor":4},{"not_picked":["Hologram","Skim"],"picked":"Conserve Battery","floor":6},{"not_picked":["Skim","Turbo"],"picked":"Melter","floor":7},{"not_picked":["Conserve Battery","Heatsinks"],"picked":"Go for the Eyes","floor":8},{"not_picked":["Hello World","Compile Driver","Leap"],"picked":"SKIP","floor":10},{"not_picked":["Sunder","Doom and Gloom"],"picked":"Steam","floor":12},{"not_picked":["Rainbow","Loop","Rebound"],"picked":"SKIP","floor":13},{"not_picked":["Redo","Defragment","Blizzard"],"picked":"SKIP","floor":14},{"not_picked":["Multi-Cast","Amplify"],"picked":"Reboot","floor":16},{"not_picked":["Redo","Melter+1"],"picked":"Streamline+1","floor":18},{"not_picked":["Double Energy","Loop"],"picked":"Beam Cell","floor":23},{"not_picked":["Barrage","Steam"],"picked":"Rebound+1","floor":27},{"not_picked":["Redo","Tempest","Capacitor"],"picked":"SKIP","floor":30},{"not_picked":["Melter","Compile Driver","Meteor Strike"],"picked":"SKIP","floor":31}],"player_experience":116164,"relics_obtained":[{"floor":6,"key":"Peace Pipe"},{"floor":9,"key":"Pear"},{"floor":10,"key":"Centennial Puzzle"},{"floor":13,"key":"Bag of Preparation"},{"floor":26,"key":"Gremlin Horn"},{"floor":30,"key":"StoneCalendar"}],"event_choices":[{"damage_healed":0,"gold_gain":0,"player_choice":"Entered Light","damage_taken":15,"max_hp_gain":0,"max_hp_loss":0,"event_name":"Shining Light","floor":2,"gold_loss":0,"cards_upgraded":["Strike_B","Defend_B"]},{"damage_healed":0,"gold_gain":75,"player_choice":"Gather Gold","damage_taken":11,"max_hp_gain":0,"max_hp_loss":0,"event_name":"World of Goop","floor":5,"gold_loss":0},{"damage_healed":0,"gold_gain":0,"player_choice":"Ignored","damage_taken":0,"max_hp_gain":0,"max_hp_loss":0,"event_name":"Liars Game","floor":11,"gold_loss":0},{"damage_healed":0,"gold_gain":0,"player_choice":"Opened","damage_taken":0,"relics_obtained":["The Courier"],"max_hp_gain":0,"max_hp_loss":0,"event_name":"The Mausoleum","floor":19,"gold_loss":0},{"damage_healed":0,"gold_gain":0,"player_choice":"Obtained Relic","damage_taken":0,"relics_obtained":["Darkstone Periapt"],"max_hp_gain":0,"max_hp_loss":0,"event_name":"Addict","floor":20,"gold_loss":85},{"damage_healed":0,"gold_gain":0,"player_choice":"Paid Fearfully","damage_taken":0,"max_hp_gain":0,"max_hp_loss":0,"event_name":"Masked Bandits","floor":22,"gold_loss":55},{"damage_healed":0,"gold_gain":0,"player_choice":"Became a Ghost","damage_taken":0,"max_hp_gain":0,"max_hp_loss":46,"event_name":"Ghosts","floor":25,"gold_loss":0,"cards_obtained":["Ghostly","Ghostly","Ghostly","Ghostly","Ghostly"]},{"damage_healed":0,"gold_gain":0,"player_choice":"Got Potions","damage_taken":0,"max_hp_gain":0,"max_hp_loss":0,"event_name":"Lab","floor":29,"gold_loss":0}],"is_beta":false,"boss_relics":[{"not_picked":["Calling Bell","FrozenCore"],"picked":"Cursed Key"}],"items_purged_floors":[21],"is_endless":false,"potions_floor_spawned":[1,8,12,13,14,16,27,30,31],"killed_by":"Collector","ascension_level":1}