{"gold_per_floor":[117,128,138,151,226,226,252,252,252,252,278,278,243,267,267,392,392,417,387,407,407,507,507,530,530,553,571,571,405,405,417,417,512,512,532,532,223,323,339,339,33,60,129,140,140,140,140,154,154,154],"floor_reached":51,"playtime":3904,"items_purged":["Auto Shields+1"],"score":981,"play_id":"70842d3a-1579-489c-8f0c-6823ec6b500c","local_time":"20190131225836","is_ascension_mode":true,"campfire_choices":[{"data":"Streamline","floor":6,"key":"SMITH"},{"floor":8,"key":"REST"},{"data":"Loop","floor":10,"key":"SMITH"},{"floor":15,"key":"REST"},{"data":"RitualDagger","floor":23,"key":"SMITH"},{"data":"Coolheaded","floor":25,"key":"SMITH"},{"floor":32,"key":"REST"},{"data":"Defragment","floor":40,"key":"SMITH"},{"data":"White Noise","floor":45,"key":"SMITH"},{"data":"Buffer","floor":47,"key":"SMITH"},{"data":"Amplify","floor":49,"key":"SMITH"}],"neow_cost":"NONE","seed_source_timestamp":7306938523721,"circlet_count":0,"master_deck":["Strike_B+1","Defend_B","Defend_B","Defend_B","Defend_B","Zap","Dualcast","Coolheaded+1","Storm","Streamline+1","Genetic Algorithm","Loop+1","Loop","Rainbow","Core Surge","Machine Learning+1","Glacier+1","Doom and Gloom+1","Conserve Battery","Go for the Eyes","RitualDagger+1","Ball Lightning","Self Repair","White Noise+1","Coolheaded","Double Energy","Echo Form","Stack+1","Hello World","Defragment+1","Buffer+1","Conserve Battery+1","Ball Lightning+1","Amplify+1","Beam Cell+1"],"relics":["Cracked Core","Regal Pillow","Whetstone","Anchor","Mummified Hand","Bloody Idol","Astrolabe","Strawberry","Ancient Tea Set","Nuclear Battery","Happy Flower","Prayer Wheel","Calipers","Pen Nib","Pear"],"potions_floor_usage":[7,16,16,18,20,33,33,33,42,50],"damage_taken":[{"damage":1,"enemies":"2 Louse","floor":1,"turns":3},{"damage":0,"enemies":"Small Slimes","floor":2,"turns":3},{"damage":5,"enemies":"Jaw Worm","floor":3,"turns":4},{"damage":18,"enemies":"Gremlin Gang","floor":4,"turns":6},{"damage":27,"enemies":"Gremlin Nob","floor":7,"turns":5},{"damage":23,"enemies":"Lagavulin","floor":11,"turns":7},{"damage":8,"enemies":"3 Louse","floor":14,"turns":3},{"damage":0,"enemies":"Slime Boss","floor":16,"turns":7},{"damage":6,"enemies":"Spheric Guardian","floor":18,"turns":4},{"damage":13,"enemies":"2 Thieves","floor":20,"turns":4},{"damage":4,"enemies":"Snecko","floor":24,"turns":9},{"damage":6,"enemies":"Centurion and Healer","floor":27,"turns":8},{"damage":6,"enemies":"3 Cultists","floor":31,"turns":5},{"damage":49,"enemies":"Collector","floor":33,"turns":8},{"damage":41,"enemies":"3 Darklings","floor":35,"turns":5},{"damage":0,"enemies":"Mind Bloom Boss Battle","floor":38,"turns":4},{"damage":0,"enemies":"Orb Walker","floor":39,"turns":4},{"damage":4,"enemies":"Reptomancer","floor":42,"turns":8},{"damage":0,"enemies":"3 Darklings","floor":44,"turns":4},{"damage":4,"enemies":"Jaw Worm Horde","floor":48,"turns":4},{"damage":86,"enemies":"Time Eater","floor":50,"turns":9}],"seed_played":"-1042870656309323566","potions_obtained":[{"floor":4,"key":"EssenceOfSteel"},{"floor":11,"key":"Explosive Potion"},{"floor":14,"key":"Strength Potion"},{"floor":16,"key":"Poison Potion"},{"floor":18,"key":"Dexterity Potion"},{"floor":19,"key":"Dexterity Potion"},{"floor":19,"key":"FearPotion"},{"floor":27,"key":"SteroidPotion"},{"floor":31,"key":"SkillPotion"},{"floor":35,"key":"Swift Potion"},{"floor":39,"key":"Regen Potion"}],"is_trial":false,"path_per_floor":["M","M","M","M","?","R","E","R","T","R","E","?","?","M","R","B",null,"M","?","M","?","?","R","M","R","T","M","T","$","?","M","R","B",null,"M","?","$","?","M","R","$","E","T","M","R","?","R","M","R","B",null],"character_chosen":"DEFECT","items_purchased":["Self Repair","White Noise","Coolheaded","Happy Flower","Hello World","Calipers"],"campfire_rested":3,"item_purchase_floors":[29,29,29,37,37,41],"current_hp_per_floor":[67,67,62,44,33,33,6,43,43,43,20,20,37,29,64,64,68,62,62,49,43,43,43,39,39,46,40,40,40,40,46,76,39,67,45,45,45,64,69,69,69,76,86,86,86,86,86,86,86,22],"gold":154,"neow_bonus":"RANDOM_COMMON_RELIC","is_prod":false,"is_daily":false,"chose_seed":false,"campfire_upgraded":8,"win_rate":0,"timestamp":1549004316,"path_taken":["M","M","M","M","?","R","E","R","T","R","E","?","?","M","R","BOSS","M","?","?","?","?","R","M","R","T","?","?","$","?","M","R","BOSS","M","?","$","?","M","R","?","E","T","M","R","?","R","M","R","BOSS"],"build_version":"2019-01-23","purchased_purges":1,"victory":true,"max_hp_per_floor":[75,75,75,75,75,75,75,75,75,75,75,69,69,69,69,69,69,69,69,69,69,69,69,69,69,76,76,76,76,76,76,76,76,76,76,76,76,76,76,76,76,76,86,86,86,86,86,86,86,86],"card_choices":[{"not_picked":["Barrage","Turbo"],"picked":"Coolheaded","floor":1},{"not_picked":["Scrape","Steam Power"],"picked":"Storm","floor":2},{"not_picked":["Sunder","Gash"],"picked":"Streamline","floor":3},{"not_picked":["Coolheaded","Melter"],"picked":"Genetic Algorithm","floor":4},{"not_picked":["Static Discharge","Barrage"],"picked":"Loop","floor":7},{"not_picked":["Heatsinks","Hologram"],"picked":"Loop","floor":11},{"not_picked":["Recycle","Coolheaded"],"picked":"Rainbow","floor":14},{"not_picked":["Hyperbeam","Seek"],"picked":"Core Surge","floor":16},{"not_picked":["Cold Snap","Heatsinks"],"picked":"Conserve Battery","floor":18},{"not_picked":["Coolheaded","Cold Snap"],"picked":"Go for the Eyes","floor":20},{"not_picked":["Lockon+1","Steam Power+1"],"picked":"Ball Lightning","floor":24},{"not_picked":["Force Field","Blizzard"],"picked":"Auto Shields+1","floor":27},{"not_picked":["Compile Driver","Chill"],"picked":"Double Energy","floor":31},{"not_picked":["Buffer","Machine Learning"],"picked":"Echo Form","floor":33},{"not_picked":["BootSequence","Steam Power"],"picked":"Stack+1","floor":35},{"not_picked":["Barrage+1","Sweeping Beam+1"],"picked":"Defragment","floor":38},{"not_picked":["Streamline","Barrage","Cold Snap"],"picked":"SKIP","floor":39},{"not_picked":["Cold Snap","Redo","Turbo"],"picked":"SKIP","floor":39},{"not_picked":["Turbo","Streamline+1"],"picked":"Buffer","floor":42},{"not_picked":["Sweeping Beam","Beam Cell+1"],"picked":"Conserve Battery+1","floor":44},{"not_picked":["Beam Cell","Reprogram"],"picked":"Ball Lightning+1","floor":44},{"not_picked":["Cold Snap+1","Stack"],"picked":"Amplify","floor":48},{"not_picked":["Sweeping Beam+1","Leap"],"picked":"Beam Cell+1","floor":48}],"player_experience":439251,"relics_obtained":[{"floor":7,"key":"Whetstone"},{"floor":9,"key":"Anchor"},{"floor":11,"key":"Mummified Hand"},{"floor":26,"key":"Strawberry"},{"floor":28,"key":"Ancient Tea Set"},{"floor":38,"key":"Prayer Wheel"},{"floor":42,"key":"Pen Nib"},{"floor":43,"key":"Pear"}],"event_choices":[{"damage_healed":0,"gold_gain":75,"player_choice":"Gather Gold","damage_taken":11,"max_hp_gain":0,"max_hp_loss":0,"event_name":"World of Goop","floor":5,"gold_loss":0},{"damage_healed":0,"gold_gain":0,"player_choice":"Lose Max HP","damage_taken":0,"relics_obtained":["Golden Idol"],"max_hp_gain":0,"max_hp_loss":6,"event_name":"Golden Idol","floor":12,"gold_loss":0},{"damage_healed":17,"gold_gain":0,"player_choice":"Healed","damage_taken":0,"max_hp_gain":0,"max_hp_loss":0,"event_name":"The Cleric","floor":13,"gold_loss":35},{"damage_healed":0,"gold_gain":0,"player_choice":"Bought 2 Potions","damage_taken":0,"max_hp_gain":0,"max_hp_loss":0,"event_name":"The Woman in Blue","floor":19,"gold_loss":0},{"damage_healed":0,"gold_gain":0,"player_choice":"Joined the Cult","damage_taken":6,"max_hp_gain":0,"max_hp_loss":0,"event_name":"Nest","floor":21,"gold_loss":0,"cards_obtained":["RitualDagger"]},{"damage_healed":0,"gold_gain":100,"player_choice":"Pray","damage_taken":0,"max_hp_gain":0,"max_hp_loss":0,"event_name":"Golden Shrine","floor":22,"gold_loss":0},{"damage_healed":0,"gold_gain":0,"player_choice":"Gave Idol","damage_taken":0,"relics_obtained":["Bloody Idol"],"max_hp_gain":0,"max_hp_loss":0,"event_name":"Forgotten Altar","floor":30,"relics_lost":["Golden Idol"],"gold_loss":0},{"damage_healed":0,"gold_gain":0,"player_choice":"Ignored","damage_taken":0,"max_hp_gain":0,"max_hp_loss":0,"event_name":"Mysterious Sphere","floor":36,"gold_loss":0},{"damage_healed":0,"gold_gain":0,"player_choice":"Fight","damage_taken":0,"max_hp_gain":0,"max_hp_loss":0,"event_name":"MindBloom","floor":38,"gold_loss":0},{"damage_healed":0,"gold_gain":0,"player_choice":"Ignored","damage_taken":0,"max_hp_gain":0,"max_hp_loss":0,"event_name":"SecretPortal","floor":46,"gold_loss":0}],"is_beta":false,"boss_relics":[{"not_picked":["Eternal Feather","Coffee Dripper"],"picked":"Astrolabe"},{"not_picked":["Pandora\u0027s Box","Calling Bell"],"picked":"Nuclear Battery"}],"items_purged_floors":[37],"is_endless":false,"potions_floor_spawned":[4,11,14,16,18,27,31,35,39],"ascension_level":7}