{"gold_per_floor":[113,133,133,152,166,196,214,246,270,31,42,61,124,150,150,249,249,263,188,199,44,60,93,106,106,130,159,182,220,258,270,282,390,402,431,462,374,374,390,418,434,656,705,705,724,392,407,422,422,422,422,422,22,47,47],"floor_reached":55,"playtime":4133,"items_purged":["Strike_B","Defend_B","Strike_B","Strike_B"],"score":1059,"play_id":"0166dfe2-6358-4dcc-b91c-0fbb0048a4b1","local_time":"20181211183536","is_ascension_mode":true,"campfire_choices":[{"data":"Apotheosis","floor":15,"key":"SMITH"},{"floor":25,"key":"REST"},{"floor":32,"key":"REST"},{"floor":49,"key":"RECALL"},{"floor":52,"key":"REST"}],"neow_cost":"NONE","seed_source_timestamp":258010296186099,"circlet_count":0,"master_deck":["Defend_B+1","Defend_B","Zap+1","Dualcast","Cold Snap+1","Steam+1","Conserve Battery","Core Surge","Glacier","Barrage+1","Recycle","Coolheaded","Apotheosis+1","Cold Snap","Ball Lightning","Hologram","Chill","Biased Cognition","Cold Snap+1","Compile Driver+1","Consume+1","Go for the Eyes","Core Surge","Echo Form","Hologram+1","Coolheaded","Stack+1","White Noise","Loop","Rip and Tear"],"relics":["Cracked Core","Turnip","Calipers","Oddly Smooth Stone","Tiny Chest","Odd Mushroom","Fusion Hammer","Whetstone","Bronze Scales","MawBank","Red Mask","Boot","Runic Pyramid","War Paint","Thread and Needle","Orichalcum","Nunchaku"],"potions_floor_usage":[6,23,30,40,40,45,48,48,48,48,54,54,55],"damage_taken":[{"damage":0,"enemies":"Cultist","floor":1,"turns":3},{"damage":2,"enemies":"Jaw Worm","floor":2,"turns":3},{"damage":0,"enemies":"Small Slimes","floor":4,"turns":3},{"damage":5,"enemies":"3 Louse","floor":5,"turns":3},{"damage":0,"enemies":"3 Sentries","floor":6,"turns":5},{"damage":0,"enemies":"2 Fungi Beasts","floor":7,"turns":2},{"damage":7,"enemies":"Lagavulin","floor":8,"turns":7},{"damage":0,"enemies":"Blue Slaver","floor":11,"turns":3},{"damage":12,"enemies":"Exordium Thugs","floor":12,"turns":5},{"damage":0,"enemies":"Gremlin Nob","floor":13,"turns":3},{"damage":4,"enemies":"The Mushroom Lair","floor":14,"turns":3},{"damage":3,"enemies":"The Guardian","floor":16,"turns":12},{"damage":3,"enemies":"2 Thieves","floor":18,"turns":4},{"damage":1,"enemies":"3 Byrds","floor":20,"turns":4},{"damage":7,"enemies":"Cultist and Chosen","floor":22,"turns":7},{"damage":10,"enemies":"Slavers","floor":23,"turns":4},{"damage":0,"enemies":"3 Cultists","floor":24,"turns":4},{"damage":0,"enemies":"Snake Plant","floor":27,"turns":3},{"damage":38,"enemies":"Shelled Parasite and Fungi","floor":28,"turns":4},{"damage":10,"enemies":"Masked Bandits","floor":29,"turns":4},{"damage":1,"enemies":"Book of Stabbing","floor":30,"turns":4},{"damage":1,"enemies":"Automaton","floor":33,"turns":11},{"damage":13,"enemies":"Orb Walker","floor":35,"turns":2},{"damage":0,"enemies":"3 Shapes","floor":36,"turns":4},{"damage":0,"enemies":"Spire Growth","floor":39,"turns":5},{"damage":50,"enemies":"Reptomancer","floor":40,"turns":10},{"damage":0,"enemies":"Transient","floor":41,"turns":5},{"damage":3,"enemies":"Writhing Mass","floor":45,"turns":6},{"damage":0,"enemies":"Maw","floor":47,"turns":7},{"damage":5,"enemies":"Jaw Worm Horde","floor":48,"turns":6},{"damage":7,"enemies":"Donu and Deca","floor":50,"turns":11},{"damage":59,"enemies":"Shield and Spear","floor":54,"turns":13},{"damage":28,"enemies":"The Heart","floor":55,"turns":2}],"seed_played":"-6903843932474856588","potions_obtained":[{"floor":5,"key":"Fire Potion"},{"floor":7,"key":"AttackPotion"},{"floor":8,"key":"EssenceOfSteel"},{"floor":12,"key":"LiquidBronze"},{"floor":24,"key":"Swift Potion"},{"floor":27,"key":"Fruit Juice"},{"floor":33,"key":"SteroidPotion"},{"floor":41,"key":"SkillPotion"},{"floor":45,"key":"SneckoOil"},{"floor":47,"key":"EntropicBrew"}],"is_trial":false,"path_per_floor":["M","M","?","M","M","E","M","E","T","$","M","M","E","?","R","B",null,"M","$","M","$","M","E","M","R","T","M","M","?","E","?","R","B",null,"M","M","$","?","M","E","M","?","T","T","M","$","M","M","R","B",null,"R","$","E","B"],"character_chosen":"DEFECT","items_purchased":["Coolheaded","Apotheosis","Whetstone","Block Potion","Orichalcum","Loop","SkillPotion","Rip and Tear","Weak Potion"],"campfire_rested":3,"item_purchase_floors":[10,10,21,46,46,53,53,53,53],"current_hp_per_floor":[68,66,66,66,61,61,61,54,54,54,54,42,42,38,38,35,65,62,62,61,61,54,44,44,66,66,66,28,18,17,17,39,38,66,53,53,53,53,53,8,8,8,8,8,5,5,5,14,14,7,62,80,80,21,0],"gold":47,"neow_bonus":"UPGRADE_CARD","is_prod":false,"is_daily":false,"chose_seed":false,"campfire_upgraded":1,"win_rate":0,"timestamp":1544571336,"path_taken":["M","?","?","M","?","E","M","E","T","$","M","M","E","?","R","BOSS","M","$","M","$","M","E","M","R","T","M","M","?","E","?","R","BOSS","M","M","$","?","M","E","M","?","T","?","M","$","?","M","R","BOSS","R","$","E","BOSS"],"build_version":"2018-12-06","purchased_purges":4,"victory":false,"max_hp_per_floor":[75,75,75,75,75,75,75,75,75,75,75,75,75,75,75,75,75,75,75,75,75,75,75,75,75,75,75,75,75,75,75,75,75,75,75,75,75,75,75,80,80,80,80,80,80,80,80,80,80,80,80,80,80,80,80],"card_choices":[{"not_picked":["Conserve Battery","Coolheaded"],"picked":"Cold Snap","floor":1},{"not_picked":["BootSequence","Reinforced Body"],"picked":"Steam","floor":2},{"not_picked":["Rebound","Storm"],"picked":"Ball Lightning","floor":4},{"not_picked":["Beam Cell","Steam","FTL"],"picked":"SKIP","floor":5},{"not_picked":["Aggregate","Rainbow"],"picked":"Glacier","floor":6},{"not_picked":["Undo","Stack"],"picked":"Barrage","floor":7},{"not_picked":["Steam Power","Turbo"],"picked":"Recycle","floor":8},{"not_picked":["Ball Lightning","Loop"],"picked":"Cold Snap","floor":11},{"not_picked":["Steam","Rebound"],"picked":"Ball Lightning","floor":12},{"not_picked":["Reprogram","Go for the Eyes"],"picked":"Hologram","floor":13},{"not_picked":["Ball Lightning","Turbo"],"picked":"Chill","floor":14},{"not_picked":["Multi-Cast","All For One"],"picked":"Biased Cognition","floor":16},{"not_picked":["Stack","Beam Cell+1","Gash"],"picked":"SKIP","floor":18},{"not_picked":["Beam Cell","Genetic Algorithm+1"],"picked":"Cold Snap+1","floor":20},{"not_picked":["Heatsinks","Static Discharge"],"picked":"Compile Driver+1","floor":22},{"not_picked":["Turbo","Darkness","Redo"],"picked":"SKIP","floor":23},{"not_picked":["Redo","Hyperbeam","Ball Lightning"],"picked":"SKIP","floor":24},{"not_picked":["Stack","Aggregate"],"picked":"Consume+1","floor":27},{"not_picked":["Aggregate","Steam","Double Energy"],"picked":"SKIP","floor":28},{"not_picked":["Sweeping Beam","Beam Cell+1","Double Energy"],"picked":"SKIP","floor":30},{"not_picked":["Machine Learning","Thunder Strike"],"picked":"Echo Form","floor":33},{"not_picked":["Streamline+1","Conserve Battery"],"picked":"Hologram+1","floor":35},{"not_picked":["Reinforced Body","Beam Cell+1","Hologram+1"],"picked":"SKIP","floor":36},{"not_picked":["Chaos+1","All For One"],"picked":"Coolheaded","floor":39},{"not_picked":["Conserve Battery+1","Recycle","Static Discharge+1"],"picked":"SKIP","floor":40},{"not_picked":["Hello World+1","Turbo","Redo+1"],"picked":"SKIP","floor":41},{"not_picked":["Compile Driver","Go for the Eyes","FTL"],"picked":"SKIP","floor":45},{"not_picked":["Streamline","Skim"],"picked":"Stack+1","floor":47},{"not_picked":["Beam Cell","Turbo"],"picked":"White Noise","floor":48},{"not_picked":["Hyperbeam","Fusion+1","Self Repair+1"],"picked":"SKIP","floor":54}],"player_experience":319733,"relics_obtained":[{"floor":6,"key":"Turnip"},{"floor":8,"key":"Calipers"},{"floor":9,"key":"Oddly Smooth Stone"},{"floor":13,"key":"Tiny Chest"},{"floor":14,"key":"Odd Mushroom"},{"floor":23,"key":"Bronze Scales"},{"floor":26,"key":"MawBank"},{"floor":29,"key":"Red Mask"},{"floor":30,"key":"Boot"},{"floor":40,"key":"War Paint"},{"floor":44,"key":"Thread and Needle"},{"floor":54,"key":"Nunchaku"}],"event_choices":[{"damage_healed":0,"gold_gain":0,"player_choice":"2 cards matched","damage_taken":0,"max_hp_gain":0,"max_hp_loss":0,"event_name":"Match and Keep!","floor":3,"gold_loss":0,"cards_obtained":["Conserve Battery","Core Surge"]},{"damage_healed":0,"gold_gain":0,"player_choice":"Fought Mushrooms","damage_taken":0,"max_hp_gain":0,"max_hp_loss":0,"event_name":"Mushrooms","floor":14,"gold_loss":0},{"damage_healed":0,"gold_gain":0,"player_choice":"Fought Bandits","damage_taken":0,"max_hp_gain":0,"max_hp_loss":0,"event_name":"Masked Bandits","floor":29,"gold_loss":0},{"damage_healed":0,"gold_gain":0,"cards_transformed":["Defend_B","Strike_B"],"player_choice":"Became Test Subject","damage_taken":0,"max_hp_gain":0,"max_hp_loss":0,"event_name":"Drug Dealer","floor":31,"gold_loss":0,"cards_obtained":["Go for the Eyes","Core Surge"]},{"cards_removed":["Ball Lightning"],"damage_healed":0,"gold_gain":0,"player_choice":"Removed Attack","damage_taken":0,"max_hp_gain":0,"max_hp_loss":0,"event_name":"Falling","floor":38,"gold_loss":0},{"damage_healed":0,"gold_gain":222,"player_choice":"Wore Mask","damage_taken":0,"max_hp_gain":0,"max_hp_loss":0,"event_name":"Tomb of Lord Red Mask","floor":42,"gold_loss":0}],"is_beta":false,"boss_relics":[{"not_picked":["Calling Bell","Ectoplasm"],"picked":"Fusion Hammer"},{"not_picked":["Coffee Dripper","Runic Dome"],"picked":"Runic Pyramid"}],"items_purged_floors":[19,37,46,53],"is_endless":false,"potions_floor_spawned":[5,7,8,12,13,18,24,27,33,36,41,45,47],"killed_by":"The Heart","ascension_level":6}