{"gold_per_floor":[113,124,124,124,144,169,193,193,193,193,228,303,79,97,97,197,197,213,163,177,177,177,203,203,213,261,261,275,275,286,286,286,286],"floor_reached":33,"playtime":2115,"items_purged":["Strike_G"],"score":369,"play_id":"8493e754-136b-40e0-a949-b204a91fbfd3","local_time":"20190130222504","is_ascension_mode":true,"campfire_choices":[{"floor":8,"key":"REST"},{"floor":10,"key":"REST"},{"data":"Bouncing Flask","floor":15,"key":"SMITH"},{"floor":24,"key":"REST"},{"floor":27,"key":"REST"},{"data":"After Image","floor":29,"key":"SMITH"},{"floor":32,"key":"REST"}],"neow_cost":"NONE","seed_source_timestamp":1114915120818138,"circlet_count":0,"master_deck":["Defend_G","Defend_G+1","Defend_G","Defend_G","Defend_G","Strike_G","Strike_G","Strike_G","Strike_G+1","Survivor","Neutralize","Backstab","Bouncing Flask+1","PiercingWail","Poisoned Stab","Dagger Spray","Grand Finale","Cloak And Dagger","After Image+1","PiercingWail","Noxious Fumes+1","Glass Knife","Leg Sweep","Noxious Fumes"],"relics":["Ring of the Snake","NeowsBlessing","Singing Bowl","Odd Mushroom","Gremlin Horn","Snake Skull","Omamori","Black Star","Shuriken","Mummified Hand","Centennial Puzzle"],"potions_floor_usage":[7,11,23,25],"damage_taken":[{"damage":0,"enemies":"2 Louse","floor":1,"turns":1},{"damage":0,"enemies":"Small Slimes","floor":2,"turns":1},{"damage":0,"enemies":"Cultist","floor":5,"turns":1},{"damage":26,"enemies":"Gremlin Nob","floor":6,"turns":5},{"damage":12,"enemies":"The Mushroom Lair","floor":7,"turns":6},{"damage":12,"enemies":"3 Sentries","floor":11,"turns":8},{"damage":0,"enemies":"2 Fungi Beasts","floor":14,"turns":3},{"damage":14,"enemies":"The Guardian","floor":16,"turns":8},{"damage":0,"enemies":"3 Byrds","floor":18,"turns":6},{"damage":2,"enemies":"Shell Parasite","floor":20,"turns":5},{"damage":40,"enemies":"Slavers","floor":23,"turns":7},{"damage":14,"enemies":"Snake Plant","floor":25,"turns":4},{"damage":3,"enemies":"Cultist and Chosen","floor":28,"turns":6},{"damage":11,"enemies":"Shelled Parasite and Fungi","floor":30,"turns":6},{"damage":68,"enemies":"Champ","floor":33,"turns":11}],"seed_played":"8415934412611813998","potions_obtained":[{"floor":1,"key":"Dexterity Potion"},{"floor":7,"key":"Regen Potion"},{"floor":11,"key":"GhostInAJar"},{"floor":23,"key":"LiquidBronze"},{"floor":25,"key":"FairyPotion"}],"is_trial":false,"path_per_floor":["M","M","?","?","M","E","?","R","T","R","E","?","$","M","R","B",null,"M","?","M","?","?","E","R","M","T","R","M","R","M","?","R","B"],"character_chosen":"THE_SILENT","items_purchased":["Omamori"],"campfire_rested":5,"item_purchase_floors":[13],"current_hp_per_floor":[63,63,49,49,49,23,11,32,32,53,56,45,45,45,45,31,60,60,60,58,45,45,7,30,16,16,39,36,36,27,27,50,0],"gold":286,"neow_bonus":"THREE_ENEMY_KILL","is_prod":false,"is_daily":false,"chose_seed":false,"campfire_upgraded":2,"win_rate":0,"timestamp":1548915904,"path_taken":["M","M","?","?","?","E","?","R","T","R","E","?","$","M","R","BOSS","M","?","?","?","?","E","R","M","T","R","?","R","M","?","R","BOSS"],"build_version":"2019-01-23","purchased_purges":1,"victory":false,"max_hp_per_floor":[70,70,70,70,70,70,70,70,70,70,70,70,70,70,70,70,70,70,70,70,75,75,77,77,77,77,77,77,77,79,79,79,79],"card_choices":[{"not_picked":["Crippling Poison","Cloak And Dagger"],"picked":"Backstab","floor":1},{"not_picked":["Prepared","Reflex"],"picked":"Bouncing Flask","floor":2},{"not_picked":["Deadly Poison","Choke"],"picked":"PiercingWail","floor":5},{"not_picked":["Acrobatics","Blur"],"picked":"Poisoned Stab","floor":6},{"not_picked":["Flying Knee","Prepared"],"picked":"Dagger Spray","floor":7},{"not_picked":["Crippling Poison","Endless Agony"],"picked":"Grand Finale","floor":11},{"not_picked":["Dagger Throw","Blur"],"picked":"Cloak And Dagger","floor":14},{"not_picked":["Envenom","Phantasmal Killer"],"picked":"After Image","floor":16},{"not_picked":["Crippling Poison","Deadly Poison+1"],"picked":"PiercingWail","floor":18},{"not_picked":["Deflect","Backstab"],"picked":"Noxious Fumes+1","floor":20},{"not_picked":["Riddle With Holes","Outmaneuver+1","Reflex"],"picked":"Singing Bowl","floor":23},{"not_picked":["Slice","Bane"],"picked":"Glass Knife","floor":25},{"not_picked":["Flying Knee","Finisher"],"picked":"Leg Sweep","floor":28},{"not_picked":["Quick Slash","Distraction","Finisher"],"picked":"Singing Bowl","floor":30}],"player_experience":427488,"relics_obtained":[{"floor":6,"key":"Singing Bowl"},{"floor":7,"key":"Odd Mushroom"},{"floor":9,"key":"Gremlin Horn"},{"floor":11,"key":"Snake Skull"},{"floor":23,"key":"Shuriken"},{"floor":23,"key":"Mummified Hand"},{"floor":26,"key":"Centennial Puzzle"}],"event_choices":[{"damage_healed":0,"gold_gain":0,"player_choice":"Entered Light","damage_taken":14,"max_hp_gain":0,"max_hp_loss":0,"event_name":"Shining Light","floor":3,"gold_loss":0,"cards_upgraded":["Defend_G","Strike_G"]},{"damage_healed":0,"gold_gain":0,"player_choice":"0 cards matched","damage_taken":0,"max_hp_gain":0,"max_hp_loss":0,"event_name":"Match and Keep!","floor":4,"gold_loss":0,"cards_obtained":[]},{"damage_healed":0,"gold_gain":0,"player_choice":"Fought Mushrooms","damage_taken":0,"max_hp_gain":0,"max_hp_loss":0,"event_name":"Mushrooms","floor":7,"gold_loss":0},{"damage_healed":0,"gold_gain":75,"player_choice":"Gather Gold","damage_taken":11,"max_hp_gain":0,"max_hp_loss":0,"event_name":"World of Goop","floor":12,"gold_loss":0},{"damage_healed":0,"gold_gain":0,"player_choice":"Bet on Murderer","damage_taken":0,"max_hp_gain":0,"max_hp_loss":0,"event_name":"The Joust","floor":19,"gold_loss":50},{"damage_healed":0,"gold_gain":0,"player_choice":"Shed Blood","damage_taken":18,"max_hp_gain":5,"max_hp_loss":0,"event_name":"Forgotten Altar","floor":21,"gold_loss":0},{"damage_healed":0,"gold_gain":0,"player_choice":"Leave","damage_taken":0,"max_hp_gain":0,"max_hp_loss":0,"event_name":"FaceTrader","floor":22,"gold_loss":0},{"damage_healed":0,"gold_gain":0,"player_choice":"1 cards matched","damage_taken":0,"max_hp_gain":0,"max_hp_loss":0,"event_name":"Match and Keep!","floor":31,"gold_loss":0,"cards_obtained":["Noxious Fumes"]}],"is_beta":false,"boss_relics":[{"not_picked":["Calling Bell","Runic Dome"],"picked":"Black Star"}],"items_purged_floors":[13],"is_endless":false,"potions_floor_spawned":[1,7,11,23,25],"killed_by":"Champ","ascension_level":7}