{"gold_per_floor":[119,269,39,74,134,162,162,175,175,175,175,175,175,209,209,209],"floor_reached":16,"playtime":730,"items_purged":[],"score":220,"play_id":"3bc6080f-3805-4714-8285-2b993aaf5993","local_time":"20181031181158","is_ascension_mode":true,"campfire_choices":[{"floor":7.0,"key":"REST"},{"floor":11.0,"key":"REST"},{"floor":13.0,"key":"REST"},{"data":"Footwork","floor":15.0,"key":"SMITH"}],"neow_cost":"NONE","seed_source_timestamp":2588392541100,"circlet_count":0,"master_deck":["Defend_G","Defend_G","Defend_G","Defend_G","Defend_G","Strike_G","Strike_G","Strike_G","Strike_G","Strike_G","Survivor","Neutralize","AscendersBane","Blur","Doubt","Infinite Blades","HandOfGreed","Footwork+1","Deadly Poison+1","Well Laid Plans","Glass Knife+1","Poisoned Stab+1"],"special_seed":0,"relics":["HoveringKite","Singing Bowl","Molten Egg 2"],"potions_floor_usage":[],"damage_taken":[{"damage":5.0,"enemies":"Small Slimes","floor":1.0,"turns":6.0},{"damage":4.0,"enemies":"Jaw Worm","floor":4.0,"turns":4.0},{"damage":11.0,"enemies":"2 Louse","floor":5.0,"turns":10.0},{"damage":29.0,"enemies":"Lagavulin","floor":6.0,"turns":9.0},{"damage":10.0,"enemies":"Exordium Thugs","floor":8.0,"turns":6.0},{"damage":0.0,"enemies":"Gremlin Nob","floor":10.0,"turns":2.0},{"damage":0.0,"enemies":"Looter","floor":14.0,"turns":1.0},{"damage":41,"enemies":"Hexaghost","floor":16,"turns":10}],"seed_played":"7766398243778259725","potions_obtained":[{"floor":5.0,"key":"Fire Potion"},{"floor":8.0,"key":"SmokeBomb"}],"is_trial":false,"path_per_floor":["M","?","$","M","M","E","R","M","T","E","R","?","R","M","R"],"character_chosen":"THE_SILENT","items_purchased":["Infinite Blades","HandOfGreed"],"campfire_rested":3,"item_purchase_floors":[3,3],"current_hp_per_floor":[54,54,54,50,39,10,29,19,19,19,38,18,37,37,37,0],"gold":209,"neow_bonus":"BOSS_RELIC","is_prod":false,"is_daily":false,"chose_seed":false,"campfire_upgraded":1,"win_rate":0,"timestamp":1541023918,"path_taken":["M","?","?","M","M","E","R","M","T","E","R","?","R","M","R","BOSS"],"build_version":"2018-10-29v2","purchased_purges":0,"victory":false,"max_hp_per_floor":[66,66,66,66,66,66,66,66,66,66,66,66,66,66,66,66],"card_choices":[{"not_picked":["Acrobatics","Concentrate"],"picked":"Blur","floor":1.0},{"not_picked":["Endless Agony","Calculated Gamble"],"picked":"Footwork","floor":4.0},{"not_picked":["Dodge and Roll","Dagger Spray"],"picked":"Deadly Poison","floor":5.0},{"not_picked":["Cloak And Dagger","Acrobatics"],"picked":"Well Laid Plans","floor":6.0},{"not_picked":["Blade Dance","Outmaneuver"],"picked":"Glass Knife","floor":8.0},{"not_picked":["Underhanded Strike+1","Quick Slash+1"],"picked":"Poisoned Stab+1","floor":14.0}],"player_experience":1567320,"relics_obtained":[{"floor":6.0,"key":"Singing Bowl"},{"floor":9.0,"key":"Molten Egg 2"}],"event_choices":[{"damage_healed":0.0,"max_hp_gain":0.0,"max_hp_loss":0.0,"gold_gain":150.0,"event_name":"Liars Game","player_choice":"AGREE","floor":2.0,"gold_loss":0.0,"damage_taken":0.0,"cards_obtained":["Doubt"]},{"damage_healed":0.0,"max_hp_gain":0.0,"max_hp_loss":0.0,"gold_gain":0.0,"event_name":"Shining Light","player_choice":"Entered Light","floor":12.0,"gold_loss":0.0,"damage_taken":20.0,"cards_upgraded":["Deadly Poison","Glass Knife"]}],"is_beta":true,"boss_relics":[],"items_purged_floors":[],"is_endless":false,"potions_floor_spawned":[5,8,10],"killed_by":"Hexaghost","ascension_level":20}