{"gold_per_floor":[117,137,137,150,161,161,77,111,160,160],"floor_reached":10,"playtime":453,"items_purged":["Strike_B"],"score":71,"play_id":"d698c774-dcbd-4c8a-88cf-e80139796c77","local_time":"20190206194531","is_ascension_mode":true,"campfire_choices":[{"data":"Zap","floor":6.0,"key":"SMITH"}],"neow_cost":"NONE","seed_source_timestamp":2488860458454557,"circlet_count":0,"master_deck":["Strike_B","Strike_B","Strike_B","Defend_B","Defend_B","Defend_B","Defend_B","Zap+1","Dualcast","Self Repair","Chill","Zap","Genetic Algorithm","Glacier"],"special_seed":0,"relics":["Cracked Core","Smiling Mask","Singing Bowl","Lantern"],"potions_floor_usage":[],"damage_taken":[{"damage":0.0,"enemies":"Small Slimes","floor":1.0,"turns":3.0},{"damage":5.0,"enemies":"Cultist","floor":2.0,"turns":4.0},{"damage":1.0,"enemies":"Jaw Worm","floor":4.0,"turns":3.0},{"damage":0.0,"enemies":"3 Louse","floor":5.0,"turns":3.0},{"damage":2.0,"enemies":"Lagavulin","floor":8.0,"turns":12.0},{"damage":84,"enemies":"Gremlin Nob","floor":10,"turns":7}],"seed_played":"-4176129207652789990","potions_obtained":[{"floor":1.0,"key":"FocusPotion"},{"floor":5.0,"key":"Ancient Potion"}],"is_trial":false,"path_per_floor":["M","M","?","M","M","R","$","E","T","E"],"character_chosen":"DEFECT","items_purchased":["Glacier"],"campfire_rested":0,"item_purchase_floors":[7],"current_hp_per_floor":[75,75,75,75,75,75,75,77,77,0],"gold":160,"neow_bonus":"RANDOM_COMMON_RELIC","is_prod":false,"is_daily":false,"chose_seed":false,"campfire_upgraded":1,"win_rate":0,"timestamp":1549518331,"path_taken":["M","M","?","M","?","R","?","E","T","E"],"build_version":"2019-01-23","purchased_purges":1,"victory":false,"max_hp_per_floor":[75,75,75,75,75,75,75,77,77,77],"card_choices":[{"not_picked":["Aggregate","Conserve Battery"],"picked":"Self Repair","floor":1.0},{"not_picked":["Steam","Compile Driver"],"picked":"Chill","floor":2.0},{"not_picked":["Redo","Hologram"],"picked":"Genetic Algorithm","floor":4.0},{"not_picked":["Recycle","Skim","Redo"],"picked":"SKIP","floor":5.0},{"not_picked":["Coolheaded","Hyperbeam","Go for the Eyes"],"picked":"Singing Bowl","floor":8.0}],"player_experience":122211,"relics_obtained":[{"floor":8.0,"key":"Singing Bowl"},{"floor":9.0,"key":"Lantern"}],"event_choices":[{"damage_healed":0.0,"max_hp_gain":0.0,"max_hp_loss":0.0,"gold_gain":0.0,"event_name":"Match and Keep!","player_choice":"1 cards matched","floor":3.0,"gold_loss":0.0,"damage_taken":0.0,"cards_obtained":["Zap"]}],"is_beta":false,"boss_relics":[],"items_purged_floors":[7],"is_endless":false,"potions_floor_spawned":[1,5],"killed_by":"Gremlin Nob","ascension_level":1}