{"path_per_floor":["M","M","?","M","?","E","?","R","T","E","M","M","R","E","R","B",null,"M","M","M","$","M","E","M","?","T"],"character_chosen":"IRONCLAD","items_purchased":["Toxic Egg 2","Power Through"],"gold_per_floor":[17,28,28,38,38,67,242,242,242,270,287,307,307,332,332,432,432,450,466,484,168,181,212,229,229,281,281],"floor_reached":27,"campfire_rested":2,"playtime":1864,"current_hp_per_floor":[96,91,79,85,85,53,53,53,53,37,37,40,68,58,86,50,96,85,76,69,69,75,19,9,9,9,0],"items_purged":[],"gold":281,"score":281,"play_id":"72787ef6-8bee-4cc3-bf3b-a1e654981934","local_time":"20180328075926","is_prod":false,"is_daily":false,"is_ascension_mode":false,"campfire_upgraded":1,"timestamp":1522238366,"path_taken":["M","?","?","M","?","E","?","R","T","E","M","M","R","E","R","BOSS","M","M","?","$","M","E","M","?","T","M"],"build_version":"2018-03-22v2","purchased_purges":0,"victory":false,"master_deck":["Defend_R","Defend_R+1","Defend_R+1","Defend_R","Bash","Heavy Blade","Anger+1","Regret","Doubt","Perfected Strike","Perfected Strike","Iron Wave","Twin Strike","Immolate","Flex","Shrug It Off","Iron Wave","Power Through+1","Rampage","Bite","Bite","Bite","Bite","Bite"],"max_hp_per_floor":[96,96,96,96,96,96,96,96,96,96,96,96,96,96,96,96,96,96,96,96,96,96,96,96,67,67,67],"relics":["Burning Blood","Ginger","Oddly Smooth Stone","War Paint","Peace Pipe","Charon\u0027s Ashes","Pen Nib","Mark of Pain","Toxic Egg 2","Torii","Lantern"],"card_choices":[{"not_picked":["Clothesline","Pommel Strike"],"picked":"Heavy Blade","floor":1},{"not_picked":["Hemokinesis","Reckless Charge"],"picked":"Anger","floor":4},{"not_picked":["Pommel Strike","Brutality"],"picked":"Perfected Strike","floor":10},{"not_picked":["Burning Pact","True Grit"],"picked":"Perfected Strike","floor":11},{"not_picked":["Clothesline","Anger"],"picked":"Iron Wave","floor":12},{"not_picked":["Flame Barrier","Anger"],"picked":"Twin Strike","floor":14},{"not_picked":["Double Tap","Impervious"],"picked":"Immolate","floor":16},{"not_picked":["Thunderclap","Infernal Blade"],"picked":"Flex","floor":18},{"not_picked":["Burning Pact","True Grit"],"picked":"Shrug It Off","floor":19},{"not_picked":["Twin Strike","Havoc"],"picked":"Iron Wave","floor":20},{"not_picked":["Disarm","Infernal Blade"],"picked":"Rampage","floor":22}],"player_experience":37418,"potions_floor_usage":[14,16,16,20,22,24,27],"damage_taken":[{"damage":5,"enemies":"Cultist","floor":1,"turns":4},{"damage":11,"enemies":"Jaw Worm","floor":2,"turns":2},{"damage":0,"enemies":"2 Louse","floor":4,"turns":2},{"damage":38,"enemies":"Lagavulin","floor":6,"turns":7},{"damage":22,"enemies":"3 Sentries","floor":10,"turns":9},{"damage":6,"enemies":"Red Slaver","floor":11,"turns":3},{"damage":3,"enemies":"Large Slime","floor":12,"turns":4},{"damage":16,"enemies":"Gremlin Nob","floor":14,"turns":4},{"damage":42,"enemies":"Hexaghost","floor":16,"turns":9},{"damage":17,"enemies":"Spheric Guardian","floor":18,"turns":4},{"damage":15,"enemies":"Shell Parasite","floor":19,"turns":4},{"damage":13,"enemies":"Snecko","floor":20,"turns":5},{"damage":0,"enemies":"Snake Plant","floor":22,"turns":2},{"damage":62,"enemies":"Book of Stabbing","floor":23,"turns":6},{"damage":16,"enemies":"Centurion and Healer","floor":24,"turns":5},{"damage":32,"enemies":"Snecko","floor":27,"turns":5}],"event_choices":[{"event_name":"Scrap Ooze","player_choice":"success","floor":3,"damage_taken":12},{"event_name":"Big Fish","player_choice":"Box","floor":5,"damage_taken":0},{"event_name":"Liars Game","player_choice":"agreed","floor":7,"damage_taken":0},{"event_name":"Vampires","player_choice":"Became a vampire","floor":25,"damage_taken":0}],"boss_relics":[{"not_picked":["Black Blood","White Beast Statue"],"picked":"Mark of Pain"}],"potions_floor_spawned":[6,11,14,16,18,19,23],"seed_played":"-7747075277559255867","killed_by":"Snecko","ascension_level":0,"is_trial":false}