{"path_per_floor":["M","M","$","?","?","R","M","R","T","R","M","R","?","M","R"],"character_chosen":"DEFECT","items_purchased":["Redo"],"gold_per_floor":[118,130,2,2,2,2,16,16,39,39,58,58,58,76,76,76],"floor_reached":16,"campfire_rested":1,"playtime":710,"item_purchase_floors":[3],"current_hp_per_floor":[38,37,37,37,37,37,30,30,30,30,30,30,30,22,42,0],"items_purged":["Strike_B"],"gold":76,"score":90,"play_id":"4e3bd3e1-549c-409b-b5ef-d7e31c443902","local_time":"20180529102145","is_prod":false,"is_daily":false,"chose_seed":false,"is_ascension_mode":false,"campfire_upgraded":4,"win_rate":0,"timestamp":1527556905,"campfire_choices":[{"data":"Loop","floor":6,"key":"SMITH"},{"data":"Zap","floor":8,"key":"SMITH"},{"data":"Redo","floor":10,"key":"SMITH"},{"data":"Turbo","floor":12,"key":"SMITH"},{"floor":15,"key":"REST"}],"path_taken":["M","M","$","?","?","R","?","R","T","R","M","R","?","M","R","BOSS"],"build_version":"2018-05-27","seed_source_timestamp":0,"purchased_purges":1,"victory":false,"master_deck":["Strike_B","Strike_B","Defend_B","Defend_B+1","Defend_B","Defend_B","Zap+1","Dualcast+1","Genetic Algorithm+1","Steam","Redo+1","Loop+1","Melter","Turbo+1","Coolheaded"],"max_hp_per_floor":[75,75,75,69,69,69,69,69,69,69,69,69,69,69,69,69],"relics":["Cracked Core","Sundial","Golden Idol","War Paint"],"card_choices":[{"not_picked":["Reinforced Body","Streamline"],"picked":"Genetic Algorithm","floor":1},{"not_picked":["Streamline","Heatsinks"],"picked":"Steam","floor":2},{"not_picked":["Ball Lightning","Sweeping Beam"],"picked":"Melter","floor":7},{"not_picked":["Ball Lightning","Stack"],"picked":"Turbo","floor":11},{"not_picked":["Leap","Beam Cell"],"picked":"Coolheaded","floor":14}],"player_experience":184895,"potions_floor_usage":[],"damage_taken":[{"damage":0,"enemies":"Cultist","floor":1,"turns":3},{"damage":1,"enemies":"2 Louse","floor":2,"turns":4},{"damage":7,"enemies":"Small Slimes","floor":7,"turns":3},{"damage":0,"enemies":"Red Slaver","floor":11,"turns":2},{"damage":8,"enemies":"Exordium Thugs","floor":14,"turns":5},{"damage":42,"enemies":"Hexaghost","floor":16,"turns":16}],"relics_obtained":[{"floor":9,"key":"War Paint"}],"event_choices":[{"event_name":"Golden Idol","player_choice":"Lose Max HP","floor":4,"damage_taken":0},{"event_name":"Transmorgrifier","player_choice":"Transform","floor":5,"damage_taken":0},{"event_name":"Accursed Blacksmith","player_choice":"Forge","floor":13,"damage_taken":0}],"boss_relics":[],"items_purged_floors":[3],"potions_floor_spawned":[1,7,14],"seed_played":"-3198976575246121285","killed_by":"Hexaghost","ascension_level":0,"potions_obtained":[{"floor":1,"key":"PowerPotion"},{"floor":7,"key":"Energy Potion"},{"floor":14,"key":"Dexterity Potion"}],"is_trial":false}