{"gold_per_floor":[116,116,135,154,174,174,204,216,228,251,263,275,186,186],"floor_reached":14,"playtime":541,"items_purged":["Strike_B"],"score":92,"play_id":"440f2475-a25b-498b-b016-dbf7383686e5","local_time":"20181102230127","is_ascension_mode":false,"campfire_choices":[{"data":"Defragment","floor":6,"key":"SMITH"},{"data":"Fission","floor":8,"key":"SMITH"}],"neow_cost":"PERCENT_DAMAGE","seed_source_timestamp":192170393619115,"circlet_count":0,"master_deck":["Strike_B","Strike_B","Strike_B","Defend_B","Defend_B","Defend_B","Defend_B","Zap+1","Dualcast","Defragment+1","Turbo","Gash","Beam Cell","Fission+1","Go for the Eyes","Gash"],"relics":["Cracked Core","Nunchaku","MawBank","Mummified Hand"],"potions_floor_usage":[7,12],"damage_taken":[{"damage":0,"enemies":"Small Slimes","floor":1,"turns":2},{"damage":1,"enemies":"Cultist","floor":3,"turns":4},{"damage":1,"enemies":"Jaw Worm","floor":4,"turns":3},{"damage":8,"enemies":"Red Slaver","floor":5,"turns":3},{"damage":25,"enemies":"Gremlin Nob","floor":7,"turns":5},{"damage":7,"enemies":"Blue Slaver","floor":10,"turns":3},{"damage":7,"enemies":"Exordium Thugs","floor":12,"turns":4},{"damage":6,"enemies":"Exordium Wildlife","floor":14,"turns":1}],"seed_played":"-1860078297394965914","potions_obtained":[{"floor":1,"key":"Fire Potion"},{"floor":10,"key":"SmokeBomb"}],"is_trial":false,"path_per_floor":["M","?","M","M","M","R","E","R","T","M","?","M","$","M"],"character_chosen":"DEFECT","items_purchased":["Gash"],"campfire_rested":0,"item_purchase_floors":[13],"current_hp_per_floor":[54,54,53,52,44,44,19,19,19,12,12,5,5,0],"gold":186,"neow_bonus":"ONE_RARE_RELIC","is_prod":false,"is_daily":false,"chose_seed":false,"campfire_upgraded":2,"win_rate":0,"timestamp":1541167287,"path_taken":["M","?","?","M","?","R","E","R","T","M","?","?","$","M"],"build_version":"2018-11-01","purchased_purges":1,"victory":false,"max_hp_per_floor":[75,75,75,75,75,75,75,75,75,75,75,75,75,75],"card_choices":[{"not_picked":["Reprogram","Rebound"],"picked":"Defragment","floor":1},{"not_picked":["Steam","Stack"],"picked":"Turbo","floor":3},{"not_picked":["Turbo","Scrape"],"picked":"Gash","floor":4},{"not_picked":["Steam","Sweeping Beam"],"picked":"Beam Cell","floor":5},{"not_picked":["Recycle","Hello World"],"picked":"Fission","floor":7},{"not_picked":["Steam Power","Melter"],"picked":"Go for the Eyes","floor":10}],"player_experience":552023,"relics_obtained":[{"floor":7,"key":"MawBank"},{"floor":9,"key":"Mummified Hand"}],"event_choices":[{"damage_healed":0,"gold_gain":0,"player_choice":"Bought 0 Potions","damage_taken":0,"max_hp_gain":0,"max_hp_loss":0,"event_name":"The Woman in Blue","floor":2,"gold_loss":0},{"damage_healed":0,"gold_gain":0,"player_choice":"Upgraded","damage_taken":0,"max_hp_gain":0,"max_hp_loss":0,"event_name":"Upgrade Shrine","floor":11,"gold_loss":0,"cards_upgraded":["Zap"]}],"is_beta":false,"boss_relics":[],"items_purged_floors":[13],"is_endless":false,"potions_floor_spawned":[1,10,12],"killed_by":"Exordium Wildlife","ascension_level":0}