{"gold_per_floor":[114,125,125,50,62,62,96,96,120,20,20,20,20,39,39,117,117,132,182,182,182,182,182,182],"floor_reached":24,"playtime":1357,"items_purged":["Pain"],"score":384,"play_id":"2020f6c5-92a0-432e-8d18-aabacd3da997","local_time":"20181124044345","is_ascension_mode":true,"campfire_choices":[{"data":"1","floor":6,"key":"LIFT"},{"data":"2","floor":8,"key":"LIFT"},{"floor":11,"key":"REST"},{"floor":15,"key":"REST"},{"floor":23,"key":"REST"}],"neow_cost":"NONE","seed_source_timestamp":83268056322600,"circlet_count":0,"master_deck":["AscendersBane","Defend_G+1","Defend_G","Defend_G+1","Defend_G","Defend_G","Strike_G","Strike_G","Strike_G","Strike_G","Strike_G","Survivor","Neutralize","Clumsy","Riddle With Holes","Prepared+1","Underhanded Strike","After Image","PiercingWail+1","Blade Dance+1","Deadly Poison+1","Dagger Throw","Malaise+1","Blade Dance+1"],"relics":["Calling Bell","War Paint","Toxic Egg 2","Girya","Oddly Smooth Stone","Ancient Tea Set","Juzu Bracelet","WristBlade"],"potions_floor_usage":[7,16,24],"damage_taken":[{"damage":10,"enemies":"Small Slimes","floor":1,"turns":6},{"damage":14,"enemies":"Cultist","floor":2,"turns":6},{"damage":0,"enemies":"Jaw Worm","floor":5,"turns":5},{"damage":19,"enemies":"Lagavulin","floor":7,"turns":8},{"damage":0,"enemies":"Exordium Thugs","floor":12,"turns":4},{"damage":10,"enemies":"3 Louse","floor":14,"turns":3},{"damage":13,"enemies":"Hexaghost","floor":16,"turns":8},{"damage":30,"enemies":"Spheric Guardian","floor":18,"turns":7},{"damage":14,"enemies":"Colosseum Slavers","floor":20,"turns":5},{"damage":40,"enemies":"Gremlin Leader","floor":24,"turns":7}],"seed_played":"6468318663149043353","potions_obtained":[{"floor":5,"key":"FearPotion"},{"floor":7,"key":"LiquidBronze"},{"floor":14,"key":"PowerPotion"}],"is_trial":false,"path_per_floor":["M","M","?","$","M","R","E","R","T","$","R","M","?","M","R","B",null,"M","?","?","?","?","R","E"],"character_chosen":"THE_SILENT","items_purchased":["PiercingWail+1","Blade Dance+1"],"campfire_rested":3,"item_purchase_floors":[10,10],"current_hp_per_floor":[49,35,35,35,35,35,16,16,16,16,35,35,24,14,33,20,55,25,25,11,11,11,30,0],"gold":182,"neow_bonus":"BOSS_RELIC","is_prod":false,"is_daily":false,"chose_seed":false,"campfire_upgraded":0,"win_rate":0,"timestamp":1543052625,"path_taken":["M","M","?","$","M","R","E","R","T","$","R","M","?","M","R","BOSS","M","?","?","?","?","R","E"],"build_version":"2018-11-15","purchased_purges":1,"victory":false,"max_hp_per_floor":[66,66,66,66,66,66,66,66,66,66,66,66,66,66,66,66,66,66,66,66,66,66,66,66],"card_choices":[{"not_picked":["Choke","Dodge and Roll+1"],"picked":"Riddle With Holes","floor":1},{"not_picked":["Deflect+1","Dagger Throw"],"picked":"Prepared+1","floor":2},{"not_picked":["PiercingWail+1","Bane"],"picked":"Underhanded Strike","floor":5},{"not_picked":["Blade Dance+1","Corpse Explosion+1"],"picked":"After Image","floor":7},{"not_picked":["Riddle With Holes","Catalyst+1"],"picked":"Deadly Poison+1","floor":12},{"not_picked":["Outmaneuver+1","Underhanded Strike"],"picked":"Dagger Throw","floor":14},{"not_picked":["Phantasmal Killer+1","Unload"],"picked":"Malaise+1","floor":16},{"not_picked":["Dodge and Roll+1","Sucker Punch"],"picked":"Blade Dance+1","floor":18}],"player_experience":1662780,"relics_obtained":[{"floor":0,"key":"War Paint"},{"floor":0,"key":"Toxic Egg 2"},{"floor":0,"key":"Girya"},{"floor":3,"key":"Oddly Smooth Stone"},{"floor":7,"key":"Ancient Tea Set"},{"floor":9,"key":"Juzu Bracelet"}],"event_choices":[{"damage_healed":0,"gold_gain":0,"player_choice":"Relic","damage_taken":0,"max_hp_gain":0,"max_hp_loss":0,"event_name":"Wheel of Change","floor":3,"gold_loss":0},{"damage_healed":0,"gold_gain":0,"player_choice":"Fled","damage_taken":11,"max_hp_gain":0,"max_hp_loss":0,"event_name":"Scrap Ooze","floor":13,"gold_loss":0},{"damage_healed":0,"gold_gain":50,"player_choice":"Pray","damage_taken":0,"max_hp_gain":0,"max_hp_loss":0,"event_name":"Golden Shrine","floor":19,"gold_loss":0},{"damage_healed":0,"gold_gain":0,"player_choice":"Fight","damage_taken":0,"max_hp_gain":0,"max_hp_loss":0,"event_name":"Colosseum","floor":20,"gold_loss":0},{"damage_healed":0,"gold_gain":0,"player_choice":"Fled From Nobs","damage_taken":0,"max_hp_gain":0,"max_hp_loss":0,"event_name":"Colosseum","floor":20,"gold_loss":0},{"damage_healed":0,"gold_gain":0,"player_choice":"Ignored","damage_taken":0,"max_hp_gain":0,"max_hp_loss":0,"event_name":"Cursed Tome","floor":21,"gold_loss":0},{"cards_removed":["Normality"],"damage_healed":0,"gold_gain":0,"player_choice":"Purged","damage_taken":0,"max_hp_gain":0,"max_hp_loss":0,"event_name":"Purifier","floor":22,"gold_loss":0}],"is_beta":true,"boss_relics":[{"not_picked":["Velvet Choker","Runic Dome"],"picked":"WristBlade"}],"items_purged_floors":[4],"is_endless":false,"potions_floor_spawned":[5,7,14,20],"killed_by":"Gremlin Leader","ascension_level":20}