{"gold_per_floor":[116,52,72,72,72,104,104,137,160,179,196,223,240,240,240,335,335,345,356,375,375],"floor_reached":21,"playtime":1110,"items_purged":[],"score":229,"play_id":"c2020573-a539-4c90-8194-77c159a2b825","local_time":"20181012105211","is_ascension_mode":true,"campfire_choices":[{"data":"Zap","floor":7,"key":"SMITH"},{"floor":15,"key":"REST"}],"neow_cost":"NONE","seed_source_timestamp":206724179867867,"circlet_count":0,"master_deck":["Strike_B","Strike_B","Strike_B","Defend_B","Defend_B","Defend_B","Defend_B","Zap+1","Dualcast+1","Consume+1","Conserve Battery","Compile Driver","Heatsinks","Storm","Ball Lightning","FTL","White Noise","Fission","Consume+1","Coolheaded+1"],"relics":["Cracked Core","War Paint","Pen Nib","Mummified Hand","DataDisk","Dream Catcher","Busted Crown"],"potions_floor_usage":[3,13,16,19,21],"damage_taken":[{"damage":12,"enemies":"Small Slimes","floor":1,"turns":3},{"damage":6,"enemies":"Cultist","floor":3,"turns":3},{"damage":13,"enemies":"Lagavulin","floor":6,"turns":7},{"damage":38,"enemies":"3 Sentries","floor":8,"turns":7},{"damage":0,"enemies":"Jaw Worm","floor":10,"turns":3},{"damage":8,"enemies":"3 Louse","floor":11,"turns":3},{"damage":6,"enemies":"Looter","floor":13,"turns":3},{"damage":19,"enemies":"Hexaghost","floor":16,"turns":8},{"damage":0,"enemies":"Spheric Guardian","floor":18,"turns":2},{"damage":29,"enemies":"3 Byrds","floor":19,"turns":4},{"damage":37,"enemies":"Centurion and Healer","floor":20,"turns":7},{"damage":41,"enemies":"Shelled Parasite and Fungi","floor":21,"turns":3}],"seed_played":"-3316851249438594441","potions_obtained":[{"floor":1,"key":"Regen Potion"},{"floor":11,"key":"Dexterity Potion"},{"floor":13,"key":"Strength Potion"},{"floor":18,"key":"SkillPotion"},{"floor":20,"key":"Regen Potion"}],"is_trial":false,"path_per_floor":["M","?","M","$","?","E","R","E","T","M","M","T","M","?","R","B",null,"M","M","M"],"character_chosen":"DEFECT","items_purchased":[],"campfire_rested":1,"item_purchase_floors":[],"current_hp_per_floor":[70,70,73,73,66,53,53,15,15,15,7,7,1,1,25,6,82,82,53,16,0],"gold":375,"neow_bonus":"TEN_PERCENT_HP_BONUS","is_prod":false,"is_daily":false,"chose_seed":false,"campfire_upgraded":1,"win_rate":0,"timestamp":1539355931,"path_taken":["M","?","M","$","?","E","R","E","T","M","M","?","?","?","R","BOSS","M","M","M","?"],"build_version":"2018-10-11","purchased_purges":0,"victory":false,"max_hp_per_floor":[82,82,82,82,82,82,82,82,82,82,82,82,82,82,82,82,82,82,82,82,82],"card_choices":[{"not_picked":["Redo","Recycle"],"picked":"Consume","floor":1},{"not_picked":["Steam","Redo"],"picked":"Conserve Battery","floor":3},{"not_picked":["Redo","Steam"],"picked":"Compile Driver","floor":6},{"not_picked":["Blizzard","Barrage"],"picked":"Heatsinks","floor":8},{"not_picked":["Capacitor","Chaos"],"picked":"Storm","floor":10},{"not_picked":["Rip and Tear","Barrage"],"picked":"Ball Lightning","floor":11},{"not_picked":["Streamline","Barrage"],"picked":"FTL","floor":13},{"not_picked":["All For One","Undo"],"picked":"White Noise","floor":15},{"not_picked":["Biased Cognition","Meteor Strike"],"picked":"Fission","floor":16},{"not_picked":["Reprogram"],"picked":"SKIP","floor":18},{"not_picked":[],"picked":"Consume+1","floor":19},{"not_picked":[],"picked":"Coolheaded+1","floor":20}],"player_experience":270224,"relics_obtained":[{"floor":6,"key":"Pen Nib"},{"floor":8,"key":"Mummified Hand"},{"floor":9,"key":"DataDisk"},{"floor":12,"key":"Dream Catcher"}],"event_choices":[{"event_name":"WeMeetAgain","player_choice":"Gold","floor":2,"damage_taken":0},{"event_name":"Golden Wing","player_choice":"Card Removal","floor":5,"damage_taken":0},{"event_name":"Shining Light","player_choice":"Ignored","floor":14,"damage_taken":0}],"is_beta":false,"boss_relics":[{"not_picked":["Velvet Choker","Pandora\u0027s Box"],"picked":"Busted Crown"}],"items_purged_floors":[],"is_endless":false,"potions_floor_spawned":[1,11,13,18,20],"killed_by":"Shelled Parasite and Fungi","ascension_level":4}