{"gold_per_floor":[116,134,147,89,106,106,106,106,106,118,118,137,412,57,57,132,132,145,160,76,19,35,35,50,50,102,152,165,165,183,199,199,272,322,336,336,336,177,277,277,308,321,376,392,392,248,259,285,285,285,285],"floor_reached":52,"playtime":3992,"items_purged":["Regret","Strike_G"],"score":1783,"play_id":"0b09a7d1-d4d5-4bde-8c68-d74389220bdb","local_time":"20181202204904","is_ascension_mode":true,"campfire_choices":[{"data":"Dagger Spray","floor":6.0,"key":"SMITH"},{"data":"Neutralize","floor":8.0,"key":"SMITH"},{"data":"Backflip","floor":11.0,"key":"SMITH"},{"data":"Dagger Throw","floor":15.0,"key":"SMITH"},{"floor":23,"key":"REST"},{"floor":25,"key":"REST"},{"floor":29,"key":"REST"},{"floor":32,"key":"REST"},{"data":"Well Laid Plans","floor":40,"key":"SMITH"},{"floor":45,"key":"REST"},{"floor":49,"key":"REST"}],"neow_cost":"NONE","seed_source_timestamp":55893779433700,"circlet_count":0,"master_deck":["AscendersBane","Defend_G","Defend_G","Defend_G","Defend_G","Defend_G","Strike_G","Strike_G","Strike_G","Survivor+1","Neutralize+1","Backflip+1","Dagger Throw","Burst+1","Dagger Throw+1","Die Die Die","Catalyst+1","Dash","Well Laid Plans+1","Dagger Spray+1","Crippling Poison+1","Dash","Backflip+1","Venomology+1","Dodge and Roll+1","Backflip+1","Deadly Poison+1","Crippling Poison+1","Blur+1","Acrobatics+1","Infinite Blades+1"],"special_seed":0,"relics":["Velvet Choker","Toxic Egg 2","Chemical X","Philosopher\u0027s Stone","Happy Flower","Tiny House","Du-Vu Doll","Ornamental Fan","Ancient Tea Set","Dead Branch","Oddly Smooth Stone"],"potions_floor_usage":[22,22,28,33,39,41,42,44,47,50,51,51,51],"damage_taken":[{"damage":4.0,"enemies":"Small Slimes","floor":1.0,"turns":4.0},{"damage":3.0,"enemies":"Cultist","floor":2.0,"turns":6.0},{"damage":2.0,"enemies":"Jaw Worm","floor":3.0,"turns":5.0},{"damage":4.0,"enemies":"2 Fungi Beasts","floor":5.0,"turns":3.0},{"damage":1.0,"enemies":"Looter","floor":10.0,"turns":3.0},{"damage":5.0,"enemies":"Exordium Wildlife","floor":12.0,"turns":4.0},{"damage":1.0,"enemies":"The Guardian","floor":16.0,"turns":14.0},{"damage":33.0,"enemies":"3 Byrds","floor":18.0,"turns":5.0},{"damage":15.0,"enemies":"Chosen","floor":19.0,"turns":6.0},{"damage":9,"enemies":"Sentry and Sphere","floor":22,"turns":6},{"damage":6,"enemies":"Centurion and Healer","floor":24,"turns":10},{"damage":27,"enemies":"Snake Plant","floor":28,"turns":4},{"damage":0,"enemies":"3 Cultists","floor":30,"turns":3},{"damage":0,"enemies":"Cultist and Chosen","floor":31,"turns":3},{"damage":17,"enemies":"Champ","floor":33,"turns":10},{"damage":5,"enemies":"Orb Walker","floor":35,"turns":4},{"damage":0,"enemies":"Mind Bloom Boss Battle","floor":39,"turns":8},{"damage":22,"enemies":"Nemesis","floor":41,"turns":7},{"damage":0,"enemies":"3 Darklings","floor":42,"turns":4},{"damage":1,"enemies":"Jaw Worm Horde","floor":44,"turns":4},{"damage":2,"enemies":"Transient","floor":47,"turns":6},{"damage":18,"enemies":"Giant Head","floor":48,"turns":7},{"damage":33,"enemies":"Awakened One","floor":50,"turns":19},{"damage":26,"enemies":"Donu and Deca","floor":51,"turns":15}],"seed_played":"323844723310049281","potions_obtained":[{"floor":2.0,"key":"Ancient Potion"},{"floor":3.0,"key":"LiquidBronze"},{"floor":18.0,"key":"PowerPotion"},{"floor":22,"key":"PowerPotion"},{"floor":28,"key":"Fire Potion"},{"floor":34,"key":"SteroidPotion"},{"floor":41,"key":"Regen Potion"},{"floor":47,"key":"Dexterity Potion"}],"is_trial":false,"path_per_floor":["M","M","M","$","M","R","?","R","T","M","R","M","?","$","R","B",null,"M","M","$","$","M","R","M","R","T","?","M","R","M","M","R","B",null,"M","?","?","$","?","R","E","M","T","M","R","?","M","E","R","B","B",null],"character_chosen":"THE_SILENT","items_purchased":["Dagger Spray","Chemical X","Dagger Throw","Well Laid Plans","Swift Potion","Backflip+1"],"campfire_rested":6,"item_purchase_floors":[4,14,14,20,21,38],"current_hp_per_floor":[55,52,50,50,46,46,46,46,46,45,45,40,40,40,40,39,59,26,11,11,11,2,21,15,34,34,34,7,26,26,26,45,28,62,57,57,57,57,57,57,35,49,49,48,67,67,65,47,67,34,8],"gold":285,"neow_bonus":"BOSS_RELIC","is_prod":false,"is_daily":false,"chose_seed":false,"campfire_upgraded":5,"win_rate":0,"timestamp":1543801744,"path_taken":["M","M","M","$","M","R","?","R","T","?","R","M","?","$","R","BOSS","M","M","?","$","M","R","M","R","T","?","M","R","M","M","R","BOSS","M","?","?","$","?","R","E","M","T","?","R","?","?","E","R","BOSS","BOSS"],"build_version":"2018-11-15","purchased_purges":2,"victory":true,"max_hp_per_floor":[66,66,66,66,66,66,66,66,66,66,66,66,66,66,66,66,66,66,66,66,66,66,66,66,66,66,66,66,66,66,66,66,66,71,71,71,67,67,67,67,67,67,67,67,67,67,67,67,67,67,67],"card_choices":[{"not_picked":["Dagger Throw","Bane"],"picked":"Backflip","floor":1.0},{"not_picked":["Slice","PiercingWail","Bane"],"picked":"SKIP","floor":2.0},{"not_picked":["Sucker Punch","Caltrops"],"picked":"Dagger Throw","floor":3.0},{"not_picked":["Acrobatics","Deflect","Blade Dance"],"picked":"SKIP","floor":5.0},{"not_picked":["Acrobatics","Deflect","Blade Dance"],"picked":"SKIP","floor":5.0},{"not_picked":["Bane","Acrobatics+1"],"picked":"Burst+1","floor":10.0},{"not_picked":["Escape Plan+1","Outmaneuver+1","Concentrate+1"],"picked":"SKIP","floor":12.0},{"not_picked":["Escape Plan+1","Outmaneuver+1","Concentrate+1"],"picked":"SKIP","floor":12.0},{"not_picked":["Storm of Steel+1","A Thousand Cuts"],"picked":"Die Die Die","floor":16.0},{"not_picked":["Well Laid Plans","Terror+1"],"picked":"Catalyst+1","floor":18.0},{"not_picked":["Blade Dance+1","Poisoned Stab"],"picked":"Dash","floor":19.0},{"not_picked":["Slice+1","Blade Dance+1"],"picked":"Dagger Spray+1","floor":22},{"not_picked":["Bane","Prepared+1"],"picked":"Crippling Poison+1","floor":24},{"not_picked":["Masterful Stab","Tactician+1"],"picked":"Dash","floor":28},{"not_picked":["Outmaneuver+1","Slice+1","Concentrate+1"],"picked":"SKIP","floor":30},{"not_picked":["Outmaneuver+1","Slice+1","Concentrate+1"],"picked":"SKIP","floor":30},{"not_picked":["Cloak And Dagger+1","Dodge and Roll+1"],"picked":"Backflip+1","floor":31},{"not_picked":["Bullet Time+1","Glass Knife"],"picked":"Venomology+1","floor":33},{"not_picked":["Cloak And Dagger+1","Prepared+1"],"picked":"Dodge and Roll+1","floor":34},{"not_picked":["Bane+1","Quick Slash","Slice"],"picked":"SKIP","floor":35},{"not_picked":["Dodge and Roll+1","Backflip+1"],"picked":"Deadly Poison+1","floor":39},{"not_picked":["Setup+1","Grand Finale"],"picked":"Crippling Poison+1","floor":41},{"not_picked":["Caltrops","Bane"],"picked":"Blur+1","floor":42},{"not_picked":["Bane","Dagger Throw"],"picked":"Acrobatics+1","floor":44},{"not_picked":["Storm of Steel+1","Quick Slash"],"picked":"Infinite Blades+1","floor":47},{"not_picked":["All Out Attack","Escape Plan+1","Backstab"],"picked":"SKIP","floor":48}],"player_experience":1740666,"relics_obtained":[{"floor":9.0,"key":"Toxic Egg 2"},{"floor":26,"key":"Happy Flower"},{"floor":39,"key":"Du-Vu Doll"},{"floor":41,"key":"Ornamental Fan"},{"floor":43,"key":"Ancient Tea Set"},{"floor":48,"key":"Oddly Smooth Stone"}],"event_choices":[{"cards_removed":["Strike_G"],"damage_healed":0.0,"max_hp_gain":0.0,"max_hp_loss":0.0,"gold_gain":0.0,"event_name":"Purifier","player_choice":"Purged","floor":7.0,"gold_loss":0.0,"damage_taken":0.0},{"damage_healed":0.0,"max_hp_gain":0.0,"max_hp_loss":0.0,"gold_gain":275.0,"event_name":"Golden Shrine","player_choice":"Desecrate","floor":13.0,"gold_loss":0.0,"damage_taken":0.0,"cards_obtained":["Regret"]},{"damage_healed":0,"gold_gain":50,"player_choice":"Stole From Cult","damage_taken":0,"max_hp_gain":0,"max_hp_loss":0,"event_name":"Nest","floor":27,"gold_loss":0},{"cards_removed":["Dagger Spray"],"damage_healed":0,"gold_gain":0,"player_choice":"Removed Attack","damage_taken":0,"max_hp_gain":0,"max_hp_loss":0,"event_name":"Falling","floor":36,"gold_loss":0},{"damage_healed":0,"gold_gain":0,"player_choice":"Max HP","damage_taken":0,"max_hp_gain":0,"max_hp_loss":4,"event_name":"Winding Halls","floor":37,"gold_loss":0},{"damage_healed":0,"gold_gain":0,"player_choice":"Fight","damage_taken":0,"max_hp_gain":0,"max_hp_loss":0,"event_name":"MindBloom","floor":39,"gold_loss":0},{"damage_healed":0,"gold_gain":0,"player_choice":"Paid Gold","damage_taken":0,"relics_obtained":["Dead Branch"],"max_hp_gain":0,"max_hp_loss":0,"event_name":"WeMeetAgain","floor":46,"gold_loss":144}],"is_beta":true,"boss_relics":[{"not_picked":["Cursed Key","Coffee Dripper"],"picked":"Philosopher\u0027s Stone"},{"not_picked":["Calling Bell","HoveringKite"],"picked":"Tiny House"}],"items_purged_floors":[14,38],"is_endless":false,"potions_floor_spawned":[2,3,18,22,28,41,47,48],"ascension_level":20}