{"path_per_floor":["M","?","M","?","M","R","M","?","T","M","M","E","M","M","R","B",null,"M","?","?","?","M","R","?","R","T","R","M","$","?","M","R"],"character_chosen":"IRONCLAD","items_purchased":["Dramatic Entrance","Bottled Lightning","Combust"],"gold_per_floor":[114,114,126,126,141,141,162,162,185,200,221,260,274,292,292,418,418,438,438,438,338,356,356,356,356,379,379,399,20,20,45,45],"floor_reached":33,"campfire_rested":3,"playtime":2875,"current_hp_per_floor":[80,80,77,57,55,55,57,50,50,55,61,51,48,49,73,9,80,62,62,62,62,51,51,35,60,60,60,52,52,52,20,46],"items_purged":[],"gold":45,"score":249,"play_id":"33c2d3f5-6f1f-4e34-9a0c-772b26073fd7","is_prod":false,"is_daily":false,"is_ascension_mode":false,"campfire_upgraded":3,"path_taken":["M","?","M","?","M","R","M","?","T","M","?","E","M","M","R","BOSS","M","?","?","?","M","R","?","R","T","R","?","?","?","M","R","BOSS"],"build_version":"2018-02-08-PROD1","purchased_purges":0,"victory":false,"master_deck":["Strike_R","Strike_R","Strike_R","Defend_R","Defend_R","Defend_R","Bash","Searing Blow+3","Iron Wave","Anger","Anger","Berserk","Twin Strike+1","Flex+1","Shrug It Off+1","Double Tap+1","Second Wind+1","Feed+1","True Grit+1","Twin Strike","Seeing Red+1","J.A.X.+1","Pummel","Necronomicurse","Thunderclap","Dramatic Entrance","Combust","Iron Wave"],"max_hp_per_floor":[80,80,80,80,80,80,80,80,80,80,80,80,80,80,80,80,80,84,84,84,84,84,84,84,84,84,84,88,88,88,88,88],"relics":["Burning Blood","Golden Idol","Bag of Marbles","Toxic Egg 2","Astrolabe","Orichalcum","Necronomicon","Lantern","Bottled Lightning"],"card_choices":[{"not_picked":["Rage","Perfected Strike"],"picked":"Searing Blow"},{"not_picked":["Headbutt","Sword Boomerang"],"picked":"Iron Wave"},{"not_picked":["Twin Strike","Clothesline"],"picked":"Anger"},{"not_picked":["Disarm","Pummel"],"picked":"Anger"},{"not_picked":["Clothesline","Second Wind"],"picked":"Shockwave"},{"not_picked":["Rage","Body Slam"],"picked":"Berserk"},{"not_picked":["Body Slam","Thunderclap"],"picked":"Twin Strike"},{"not_picked":["Inflame","Body Slam"],"picked":"Flex"},{"not_picked":["Searing Blow","Armaments"],"picked":"Shrug It Off"},{"not_picked":["Feed","Impervious"],"picked":"Double Tap"},{"not_picked":["Combust","Whirlwind"],"picked":"Twin Strike"},{"not_picked":["Reckless Charge","Power Through"],"picked":"Pummel"},{"not_picked":["Flex","Body Slam"],"picked":"Thunderclap"},{"not_picked":["Sever Soul","Cleave"],"picked":"Iron Wave"}],"player_experience":0,"potions_floor_usage":[11,12,16,16],"damage_taken":[{"damage":5,"enemies":"2 Louse","floor":1,"turns":4},{"damage":9,"enemies":"Cultist","floor":3,"turns":4},{"damage":8,"enemies":"Jaw Worm","floor":5,"turns":4},{"damage":4,"enemies":"2 Fungi Beasts","floor":7,"turns":4},{"damage":1,"enemies":"Exordium Wildlife","floor":10,"turns":3},{"damage":0,"enemies":"Large Slime","floor":11,"turns":3},{"damage":16,"enemies":"3 Sentries","floor":12,"turns":7},{"damage":9,"enemies":"2 Fungi Beasts","floor":13,"turns":4},{"damage":5,"enemies":"Looter","floor":14,"turns":3},{"damage":70,"enemies":"The Guardian","floor":16,"turns":9},{"damage":28,"enemies":"3 Byrds","floor":18,"turns":7},{"damage":17,"enemies":"Spheric Guardian","floor":22,"turns":4},{"damage":18,"enemies":"Centurion and Healer","floor":28,"turns":6},{"damage":38,"enemies":"Chosen and Byrds","floor":31,"turns":5},{"damage":48,"enemies":"Champ","floor":33,"turns":7}],"event_choices":[{"event_name":"Wheel of Change","player_choice":"Full Heal","floor":2,"damage_taken":0},{"event_name":"Golden Idol","player_choice":"Take Damage","floor":4,"damage_taken":0},{"event_name":"Golden Wing","player_choice":"Card Removal","floor":8,"damage_taken":0},{"event_name":"The Mausoleum","player_choice":"Yes","floor":19,"damage_taken":0},{"event_name":"The Library","player_choice":"Read","floor":20,"damage_taken":0},{"event_name":"Drug Dealer","player_choice":"Got JAXXED","floor":21,"damage_taken":0},{"event_name":"Cursed Tome","player_choice":"Obtained Book","floor":24,"damage_taken":0},{"event_name":"Upgrade Shrine","player_choice":"Upgraded","floor":30,"damage_taken":0}],"boss_relics":[{"not_picked":["Lizard Tail","Cursed Key"],"picked":"Astrolabe"}],"potions_floor_spawned":[1,3,10,13,18],"seed_played":"-1427147627777080846","killed_by":"Champ","ascension_level":0,"is_trial":false}