{"gold_per_floor":[362,373,50,67,37,56,56,56,56,66,94,94,94,110,110,214,214,203,220,232,251,106,106,133,133,188,202,127,139,155,155,155,155],"floor_reached":33,"playtime":2232,"items_purged":["Strike_R"],"score":311,"play_id":"47da59de-72fe-49a1-82e6-36b38ac35b33","local_time":"20190103150517","is_ascension_mode":true,"campfire_choices":[{"data":"True Grit","floor":7,"key":"SMITH"},{"data":"Armaments","floor":12,"key":"SMITH"},{"data":"Bash","floor":15,"key":"SMITH"},{"data":"Demon Form","floor":23,"key":"SMITH"},{"floor":25,"key":"REST"},{"floor":32,"key":"REST"}],"neow_cost":"PERCENT_DAMAGE","seed_source_timestamp":739072404445310,"circlet_count":0,"master_deck":["Strike_R","Strike_R","Strike_R","Defend_R","Defend_R","Defend_R","Defend_R","Bash+1","Armaments+1","Mayhem","True Grit+1","Flame Barrier","Shrug It Off","Impervious","Demon Form+1","Rupture","Metallicize","Entrench","Shrug It Off","Injury","Infernal Blade","Uppercut","Battle Trance"],"relics":["Burning Blood","Pen Nib","Mango","Gambling Chip","Cursed Key","Girya"],"potions_floor_usage":[11,11,18,24,30,31],"damage_taken":[{"damage":0,"enemies":"Small Slimes","floor":1,"turns":3},{"damage":6,"enemies":"Cultist","floor":2,"turns":3},{"damage":8,"enemies":"Jaw Worm","floor":4,"turns":3},{"damage":0,"enemies":"Exordium Wildlife","floor":6,"turns":2},{"damage":5,"enemies":"Blue Slaver","floor":10,"turns":6},{"damage":8,"enemies":"3 Sentries","floor":11,"turns":9},{"damage":5,"enemies":"Exordium Thugs","floor":14,"turns":7},{"damage":24,"enemies":"Hexaghost","floor":16,"turns":15},{"damage":20,"enemies":"2 Thieves","floor":18,"turns":4},{"damage":8,"enemies":"Shell Parasite","floor":19,"turns":5},{"damage":16,"enemies":"Cultist and Chosen","floor":20,"turns":6},{"damage":15,"enemies":"Centurion and Healer","floor":21,"turns":6},{"damage":39,"enemies":"Gremlin Leader","floor":24,"turns":11},{"damage":18,"enemies":"Snake Plant","floor":27,"turns":8},{"damage":1,"enemies":"Cultist and Chosen","floor":29,"turns":7},{"damage":14,"enemies":"Shelled Parasite and Fungi","floor":30,"turns":6},{"damage":32,"enemies":"Colosseum Slavers","floor":31,"turns":6},{"damage":42,"enemies":"Collector","floor":33,"turns":7}],"seed_played":"-6323959048940286501","potions_obtained":[{"floor":5,"key":"SpeedPotion"},{"floor":5,"key":"Dexterity Potion"},{"floor":6,"key":"Explosive Potion"},{"floor":16,"key":"Explosive Potion"},{"floor":19,"key":"GamblersBrew"},{"floor":21,"key":"Block Potion"},{"floor":24,"key":"PowerPotion"},{"floor":27,"key":"Block Potion"}],"is_trial":false,"path_per_floor":["M","M","$","M","?","M","R","$","T","M","E","R","?","M","R","B",null,"M","M","M","M","$","R","E","R","T","M","?","M","M","?","R","B"],"character_chosen":"IRONCLAD","items_purchased":["Mayhem","Pen Nib","Entrench"],"campfire_rested":2,"item_purchase_floors":[3,3,22],"current_hp_per_floor":[62,62,62,60,60,66,66,66,80,81,79,79,84,85,85,67,94,80,78,68,59,59,59,26,54,54,42,42,47,39,13,41,0],"gold":155,"neow_bonus":"TWO_FIFTY_GOLD","is_prod":false,"is_daily":false,"chose_seed":false,"campfire_upgraded":4,"win_rate":0,"timestamp":1546545917,"path_taken":["M","M","$","M","?","?","R","?","T","M","E","R","?","M","R","BOSS","M","M","M","M","$","R","E","R","T","M","?","M","M","?","R","BOSS"],"build_version":"2018-12-20","purchased_purges":1,"victory":false,"max_hp_per_floor":[80,80,80,80,80,80,80,80,94,94,94,94,94,94,94,94,94,94,94,94,94,94,94,94,94,94,94,94,94,94,94,94,94],"card_choices":[{"not_picked":["Warcry","Thunderclap"],"picked":"Heavy Blade","floor":1},{"not_picked":["Body Slam","Rampage"],"picked":"Armaments","floor":2},{"not_picked":["Cleave","Body Slam"],"picked":"True Grit","floor":4},{"not_picked":["Blood for Blood","Heavy Blade"],"picked":"Flame Barrier","floor":6},{"not_picked":["Second Wind","True Grit","Headbutt"],"picked":"SKIP","floor":10},{"not_picked":["Evolve","Bloodletting"],"picked":"Shrug It Off","floor":11},{"not_picked":["Pommel Strike","Evolve"],"picked":"Impervious","floor":14},{"not_picked":["Impervious","Reaper"],"picked":"Demon Form","floor":16},{"not_picked":["Clash","Thunderclap"],"picked":"Rupture","floor":18},{"not_picked":["Iron Wave+1","Dual Wield+1"],"picked":"Metallicize","floor":19},{"not_picked":["Corruption+1","Intimidate","Rage+1"],"picked":"SKIP","floor":20},{"not_picked":["Headbutt","Blood for Blood+1","Iron Wave"],"picked":"SKIP","floor":21},{"not_picked":["Reckless Charge","Warcry"],"picked":"Shrug It Off","floor":24},{"not_picked":["Headbutt","Flex"],"picked":"Infernal Blade","floor":27},{"not_picked":["Combust+1","Pommel Strike"],"picked":"Uppercut","floor":29},{"not_picked":["Entrench","Twin Strike+1"],"picked":"Battle Trance","floor":30}],"player_experience":750889,"relics_obtained":[{"floor":9,"key":"Mango"},{"floor":11,"key":"Gambling Chip"},{"floor":24,"key":"Girya"}],"event_choices":[{"damage_healed":0,"gold_gain":0,"player_choice":"Bought 2 Potions","damage_taken":0,"max_hp_gain":0,"max_hp_loss":0,"event_name":"The Woman in Blue","floor":5,"gold_loss":0},{"cards_removed":["Heavy Blade"],"damage_healed":5,"gold_gain":0,"player_choice":"Offered Common","damage_taken":0,"max_hp_gain":0,"max_hp_loss":0,"event_name":"Bonfire Elementals","floor":13,"gold_loss":0},{"cards_removed":["Heavy Blade"],"damage_healed":5,"gold_gain":0,"player_choice":"Offered Special","damage_taken":0,"max_hp_gain":0,"max_hp_loss":0,"event_name":"Bonfire Elementals","floor":13,"gold_loss":0},{"cards_removed":["Strike_R"],"damage_healed":0,"gold_gain":0,"player_choice":"Gave Gold","damage_taken":0,"max_hp_gain":0,"max_hp_loss":0,"event_name":"Beggar","floor":28,"gold_loss":75},{"damage_healed":0,"gold_gain":0,"player_choice":"Fight","damage_taken":0,"max_hp_gain":0,"max_hp_loss":0,"event_name":"Colosseum","floor":31,"gold_loss":0},{"damage_healed":0,"gold_gain":0,"player_choice":"Fled From Nobs","damage_taken":0,"max_hp_gain":0,"max_hp_loss":0,"event_name":"Colosseum","floor":31,"gold_loss":0}],"is_beta":false,"boss_relics":[{"not_picked":["Philosopher\u0027s Stone","Sozu"],"picked":"Cursed Key"}],"items_purged_floors":[22],"is_endless":false,"potions_floor_spawned":[6,16,19,21,24,27],"killed_by":"Collector","ascension_level":1}