{"gold_per_floor":[359,25,25,40,40,40,65,84,84,102,127,138,170,186,186,287,287,303,303,316,331,351,379,87,87,87,101,119,144,155,172,172,277,277,294,310,0,11,11,45,45,75,144,144,164,15,30,30,30,30,30,30,30,55,55],"floor_reached":55,"playtime":2437,"items_purged":["Decay","Dualcast"],"score":1272,"play_id":"c5c8aac2-c5eb-49fc-bda6-d270d1afbac4","local_time":"20181213215855","is_ascension_mode":true,"campfire_choices":[{"data":"Zap","floor":6,"key":"SMITH"},{"floor":15,"key":"REST"},{"data":"Go for the Eyes","floor":25,"key":"SMITH"},{"data":"Streamline","floor":32,"key":"SMITH"},{"data":"Buffer","floor":41,"key":"SMITH"},{"data":"Strike_B","floor":44,"key":"PURGE"},{"floor":49,"key":"RECALL"},{"data":"Strike_B","floor":52,"key":"PURGE"}],"neow_cost":"CURSE","seed_source_timestamp":444970718500372,"circlet_count":0,"master_deck":["Strike_B","Strike_B+1","Defend_B","Defend_B","Defend_B","Defend_B","Zap+1","Go for the Eyes+1","Glacier","Conserve Battery","Gash+1","All For One","Go for the Eyes","Turbo","Sweeping Beam","All For One","Coolheaded+1","Stack","Sweeping Beam","FTL","BootSequence+1","Stack+1","Beam Cell","Creative AI","Gash","Streamline+1","Buffer+1","Streamline+1","Scrape+1","Hologram+1","Steam+1","Go for the Eyes+1","Conserve Battery+1","Conserve Battery+1","Steam Power+1","Rebound","Steam Power+1"],"relics":["Cracked Core","Shuriken","Bronze Scales","Letter Opener","Whetstone","Turnip","Coffee Dripper","Question Card","Lee\u0027s Waffle","Toxic Egg 2","Meat on the Bone","Busted Crown","Kunai","Vajra","Peace Pipe","Blue Candle","Juzu Bracelet","Symbiotic Virus"],"potions_floor_usage":[16,21,31,36,38,50,54],"damage_taken":[{"damage":9,"enemies":"Jaw Worm","floor":1,"turns":3},{"damage":4,"enemies":"Cultist","floor":4,"turns":3},{"damage":19,"enemies":"3 Sentries","floor":7,"turns":10},{"damage":0,"enemies":"Small Slimes","floor":8,"turns":2},{"damage":3,"enemies":"Red Slaver","floor":10,"turns":3},{"damage":8,"enemies":"Lagavulin","floor":11,"turns":6},{"damage":0,"enemies":"Gremlin Gang","floor":12,"turns":3},{"damage":0,"enemies":"Gremlin Nob","floor":13,"turns":3},{"damage":15,"enemies":"Exordium Wildlife","floor":14,"turns":4},{"damage":6,"enemies":"Slime Boss","floor":16,"turns":5},{"damage":3,"enemies":"2 Thieves","floor":18,"turns":3},{"damage":0,"enemies":"Spheric Guardian","floor":20,"turns":3},{"damage":20,"enemies":"Shelled Parasite and Fungi","floor":21,"turns":5},{"damage":8,"enemies":"Centurion and Healer","floor":22,"turns":4},{"damage":17,"enemies":"Book of Stabbing","floor":23,"turns":5},{"damage":0,"enemies":"Snecko","floor":27,"turns":3},{"damage":0,"enemies":"Chosen and Byrds","floor":28,"turns":3},{"damage":0,"enemies":"Slavers","floor":29,"turns":3},{"damage":7,"enemies":"Snake Plant","floor":30,"turns":3},{"damage":22,"enemies":"Snecko","floor":31,"turns":5},{"damage":57,"enemies":"Collector","floor":33,"turns":7},{"damage":7,"enemies":"3 Shapes","floor":35,"turns":5},{"damage":0,"enemies":"Orb Walker","floor":36,"turns":2},{"damage":38,"enemies":"Writhing Mass","floor":38,"turns":5},{"damage":2,"enemies":"Giant Head","floor":40,"turns":4},{"damage":38,"enemies":"Reptomancer","floor":42,"turns":4},{"damage":5,"enemies":"Jaw Worm Horde","floor":45,"turns":4},{"damage":7,"enemies":"3 Darklings","floor":47,"turns":3},{"damage":0,"enemies":"Time Eater","floor":50,"turns":9},{"damage":44,"enemies":"Shield and Spear","floor":54,"turns":5},{"damage":71,"enemies":"The Heart","floor":55,"turns":8}],"seed_played":"1738483893896293367","potions_obtained":[{"floor":4,"key":"EssenceOfSteel"},{"floor":7,"key":"Energy Potion"},{"floor":10,"key":"SmokeBomb"},{"floor":11,"key":"GamblersBrew"},{"floor":16,"key":"Regen Potion"},{"floor":21,"key":"FairyPotion"},{"floor":22,"key":"FairyPotion"},{"floor":29,"key":"Fire Potion"},{"floor":33,"key":"GamblersBrew"},{"floor":35,"key":"Swift Potion"},{"floor":45,"key":"SpeedPotion"},{"floor":47,"key":"Energy Potion"}],"is_trial":false,"path_per_floor":["M","$","?","M","T","R","E","M","T","M","E","M","E","M","R","B",null,"M","?","M","M","M","E","$","R","T","M","M","E","M","M","R","B",null,"M","M","$","M","?","E","R","E","T","R","M","$","M","?","R","B",null,"R","$","E","B"],"character_chosen":"DEFECT","items_purchased":["Shuriken","Lee\u0027s Waffle","Kunai","Hologram+1","Juzu Bracelet"],"campfire_rested":1,"item_purchase_floors":[2,24,37,37,46],"current_hp_per_floor":[59,59,64,60,60,60,41,41,41,38,30,30,30,15,39,33,68,65,65,65,45,37,20,87,87,87,87,87,87,80,67,67,22,71,64,64,64,38,38,48,48,22,22,22,29,29,34,34,34,46,77,77,77,45,0],"gold":55,"neow_bonus":"TWO_FIFTY_GOLD","is_prod":false,"is_daily":false,"chose_seed":false,"campfire_upgraded":4,"win_rate":0,"timestamp":1544756335,"path_taken":["M","$","?","M","?","R","E","?","T","M","E","M","E","M","R","BOSS","M","?","M","M","?","E","$","R","T","M","M","E","M","M","R","BOSS","M","M","$","?","?","E","R","E","T","R","?","$","M","?","R","BOSS","R","$","E","BOSS"],"build_version":"2018-12-13","purchased_purges":2,"victory":false,"max_hp_per_floor":[75,75,80,80,80,80,80,80,80,80,80,80,80,80,80,80,80,80,80,80,80,80,80,87,87,87,87,87,87,87,87,87,87,87,87,87,87,87,87,87,87,87,87,87,87,87,87,87,87,87,87,87,87,87,87],"card_choices":[{"not_picked":["Steam","Melter"],"picked":"Go for the Eyes","floor":1},{"not_picked":["Compile Driver","Capacitor"],"picked":"Glacier","floor":4},{"not_picked":["Self Repair","Redo"],"picked":"Conserve Battery","floor":7},{"not_picked":["Stack","Sweeping Beam"],"picked":"Gash","floor":8},{"not_picked":["Sweeping Beam","Redo"],"picked":"All For One","floor":10},{"not_picked":["Leap","Stack"],"picked":"Go for the Eyes","floor":11},{"not_picked":["Cold Snap","Darkness","Storm"],"picked":"SKIP","floor":12},{"not_picked":["Static Discharge","Heatsinks"],"picked":"Turbo","floor":13},{"not_picked":["Hello World","Aggregate"],"picked":"Sweeping Beam","floor":14},{"not_picked":["Hyperbeam","Amplify"],"picked":"All For One","floor":16},{"not_picked":["Ball Lightning+1","Hello World"],"picked":"Coolheaded+1","floor":18},{"not_picked":["Heatsinks","Cold Snap"],"picked":"Stack","floor":20},{"not_picked":["Recycle","Meteor Strike"],"picked":"Sweeping Beam","floor":21},{"not_picked":["Sweeping Beam","Melter"],"picked":"FTL","floor":22},{"not_picked":["Conserve Battery","Sweeping Beam"],"picked":"BootSequence+1","floor":23},{"not_picked":["Capacitor","Go for the Eyes","Reprogram+1"],"picked":"Stack+1","floor":27},{"not_picked":["Chill+1","FTL","Capacitor+1"],"picked":"Beam Cell","floor":28},{"not_picked":["Go for the Eyes","Rebound","Sweeping Beam"],"picked":"Creative AI","floor":29},{"not_picked":["Reinforced Body+1","Redo+1","Hello World+1"],"picked":"Gash","floor":30},{"not_picked":["Hello World","Sunder+1","Stack+1"],"picked":"Streamline","floor":31},{"not_picked":["Biased Cognition","All For One","Electrodynamics"],"picked":"Buffer","floor":33},{"not_picked":["Leap+1"],"picked":"Streamline+1","floor":35},{"not_picked":["Coolheaded+1"],"picked":"Scrape+1","floor":36},{"not_picked":["Hologram+1"],"picked":"Steam+1","floor":38},{"not_picked":["Redo+1"],"picked":"Conserve Battery+1","floor":40},{"not_picked":["Gash"],"picked":"Conserve Battery+1","floor":42},{"not_picked":["Steam+1"],"picked":"Steam Power+1","floor":45},{"not_picked":["Hologram+1"],"picked":"Rebound","floor":47},{"not_picked":["Go for the Eyes+1"],"picked":"Steam Power+1","floor":54}],"player_experience":331826,"relics_obtained":[{"floor":7,"key":"Bronze Scales"},{"floor":9,"key":"Letter Opener"},{"floor":11,"key":"Whetstone"},{"floor":13,"key":"Turnip"},{"floor":23,"key":"Question Card"},{"floor":26,"key":"Toxic Egg 2"},{"floor":29,"key":"Meat on the Bone"},{"floor":40,"key":"Vajra"},{"floor":42,"key":"Peace Pipe"},{"floor":43,"key":"Blue Candle"},{"floor":54,"key":"Symbiotic Virus"}],"event_choices":[{"damage_healed":0,"gold_gain":0,"player_choice":"Donut","damage_taken":0,"max_hp_gain":5,"max_hp_loss":0,"event_name":"Big Fish","floor":3,"gold_loss":0},{"damage_healed":0,"gold_gain":0,"player_choice":"0 cards matched","damage_taken":0,"max_hp_gain":0,"max_hp_loss":0,"event_name":"Match and Keep!","floor":19,"gold_loss":0,"cards_obtained":[]},{"damage_healed":0,"gold_gain":0,"player_choice":"Copied","damage_taken":0,"max_hp_gain":0,"max_hp_loss":0,"event_name":"Duplicator","floor":39,"gold_loss":0,"cards_obtained":["Go for the Eyes"]},{"damage_healed":0,"gold_gain":0,"player_choice":"0 cards matched","damage_taken":0,"max_hp_gain":0,"max_hp_loss":0,"event_name":"Match and Keep!","floor":48,"gold_loss":0,"cards_obtained":[]}],"is_beta":false,"boss_relics":[{"not_picked":["Runic Dome","White Beast Statue"],"picked":"Coffee Dripper"},{"not_picked":["Fusion Hammer","FrozenCore"],"picked":"Busted Crown"}],"items_purged_floors":[2,24],"is_endless":false,"potions_floor_spawned":[4,7,10,11,13,16,21,22,27,29,30,33,35,45,47],"killed_by":"The Heart","ascension_level":8}