{"gold_per_floor":[112,112,62,62,62,62,75,109,186,111,130,130,130,145,145,219,219,233,249,269,269],"floor_reached":21,"playtime":2559,"items_purged":["Defend_B"],"score":347,"play_id":"aa06e241-add2-496e-a95a-57805235a8ed","local_time":"20181229193942","is_ascension_mode":true,"campfire_choices":[{"data":"Dualcast","floor":6,"key":"SMITH"},{"data":"Discovery","floor":15,"key":"SMITH"}],"neow_cost":"NONE","seed_source_timestamp":1044256628899612,"circlet_count":0,"master_deck":["AscendersBane","Strike_B","Strike_B","Defend_B+1","Defend_B","Defend_B","Zap+1","Dualcast+1","Capacitor","Coolheaded","Cold Snap","Beam Cell","Discovery+1","Fission","Seek","Coolheaded","BootSequence","Coolheaded"],"relics":["Cracked Core","NeowsBlessing","Letter Opener","Blood Vial","Shuriken","Eternal Feather"],"potions_floor_usage":[21],"damage_taken":[{"damage":0,"enemies":"Jaw Worm","floor":1,"turns":1},{"damage":0,"enemies":"2 Louse","floor":7,"turns":1},{"damage":0,"enemies":"Gremlin Nob","floor":8,"turns":1},{"damage":3,"enemies":"Small Slimes","floor":11,"turns":3},{"damage":0,"enemies":"Exordium Thugs","floor":14,"turns":3},{"damage":10,"enemies":"The Guardian","floor":16,"turns":9},{"damage":33,"enemies":"3 Byrds","floor":18,"turns":5},{"damage":10,"enemies":"Chosen","floor":19,"turns":7},{"damage":20,"enemies":"Snake Plant","floor":20,"turns":4},{"damage":13,"enemies":"Snecko","floor":21,"turns":3}],"seed_played":"1532924573382601851","potions_obtained":[{"floor":8,"key":"LiquidBronze"},{"floor":14,"key":"Energy Potion"}],"is_trial":false,"path_per_floor":["M","?","?","$","?","R","M","E","T","$","M","?","?","M","R","B",null,"M","M","M","M"],"character_chosen":"DEFECT","items_purchased":[],"campfire_rested":0,"item_purchase_floors":[],"current_hp_per_floor":[64,57,57,57,54,54,54,54,54,54,53,39,39,41,41,33,62,31,23,5,0],"gold":269,"neow_bonus":"THREE_ENEMY_KILL","is_prod":false,"is_daily":false,"chose_seed":false,"campfire_upgraded":2,"win_rate":0,"timestamp":1546079982,"path_taken":["M","?","?","$","?","R","?","E","T","$","M","?","?","M","R","BOSS","M","?","M","M"],"build_version":"2018-12-20","purchased_purges":1,"victory":false,"max_hp_per_floor":[71,71,71,71,71,71,71,71,71,71,71,71,71,71,71,71,71,71,71,71,71],"card_choices":[{"not_picked":["Redo","Turbo"],"picked":"Capacitor","floor":1},{"not_picked":["Beam Cell","Doom and Gloom"],"picked":"Coolheaded","floor":7},{"not_picked":["Gash","Redo","Heatsinks"],"picked":"SKIP","floor":8},{"not_picked":["Genetic Algorithm","Steam"],"picked":"Cold Snap","floor":11},{"not_picked":["Steam","Go for the Eyes"],"picked":"Fission","floor":14},{"not_picked":["Rainbow","Reboot"],"picked":"Seek","floor":16},{"not_picked":["Rebound","Cold Snap"],"picked":"Coolheaded","floor":18},{"not_picked":["Hologram","Undo"],"picked":"BootSequence","floor":19},{"not_picked":["Redo","Reinforced Body"],"picked":"Coolheaded","floor":20}],"player_experience":693646,"relics_obtained":[{"floor":8,"key":"Blood Vial"},{"floor":9,"key":"Shuriken"}],"event_choices":[{"cards_removed":["Strike_B"],"damage_healed":0,"gold_gain":0,"player_choice":"Card Removal","damage_taken":7,"max_hp_gain":0,"max_hp_loss":0,"event_name":"Golden Wing","floor":2,"gold_loss":0},{"cards_removed":["Strike_B"],"damage_healed":0,"gold_gain":0,"player_choice":"Card Removal","damage_taken":0,"max_hp_gain":0,"max_hp_loss":0,"event_name":"The Cleric","floor":3,"gold_loss":50},{"damage_healed":0,"gold_gain":0,"player_choice":"Success","damage_taken":3,"relics_obtained":["Letter Opener"],"max_hp_gain":0,"max_hp_loss":0,"event_name":"Scrap Ooze","floor":5,"gold_loss":0},{"damage_healed":0,"gold_gain":0,"player_choice":"Entered Light","damage_taken":14,"max_hp_gain":0,"max_hp_loss":0,"event_name":"Shining Light","floor":12,"gold_loss":0,"cards_upgraded":["Zap","Defend_B"]},{"damage_healed":0,"gold_gain":0,"player_choice":"2 cards matched","damage_taken":0,"max_hp_gain":0,"max_hp_loss":0,"event_name":"Match and Keep!","floor":13,"gold_loss":0,"cards_obtained":["Beam Cell","Discovery"]}],"is_beta":false,"boss_relics":[{"not_picked":["White Beast Statue","Calling Bell"],"picked":"Eternal Feather"}],"items_purged_floors":[10],"is_endless":false,"potions_floor_spawned":[8,14,16,18],"killed_by":"Snecko","ascension_level":14}