{"gold_per_floor":[10,160,184,194,209,209,225,254,254,179,179],"floor_reached":11,"playtime":301,"items_purged":["Doubt"],"score":139,"play_id":"6954abf5-842c-410a-824a-36d516a15fa7","local_time":"20190110001649","is_ascension_mode":true,"campfire_choices":[{"data":"Mind Blast","floor":6,"key":"SMITH"}],"neow_cost":"NO_GOLD","seed_source_timestamp":2013532796357287,"circlet_count":0,"master_deck":["AscendersBane","Strike_B","Strike_B","Strike_B","Strike_B","Defend_B","Defend_B","Defend_B","Defend_B","Zap","Dualcast","Mind Blast+1","Secret Technique","Tempest","Melter","Sunder"],"relics":["Cracked Core","Pen Nib","Pantograph","Bird Faced Urn"],"potions_floor_usage":[11],"damage_taken":[{"damage":2,"enemies":"Jaw Worm","floor":1,"turns":3},{"damage":12,"enemies":"Cultist","floor":4,"turns":4},{"damage":0,"enemies":"2 Louse","floor":5,"turns":2},{"damage":13,"enemies":"Blue Slaver","floor":7,"turns":2},{"damage":30,"enemies":"Lagavulin","floor":8,"turns":7},{"damage":17,"enemies":"Large Slime","floor":11,"turns":3}],"seed_played":"6095170055992977917","potions_obtained":[{"floor":4,"key":"Fire Potion"},{"floor":7,"key":"FairyPotion"}],"is_trial":false,"path_per_floor":["M","?","T","M","M","R","M","E","T","$","M"],"character_chosen":"DEFECT","items_purchased":[],"campfire_rested":0,"item_purchase_floors":[],"current_hp_per_floor":[62,62,62,50,50,50,37,7,7,7,0],"gold":179,"neow_bonus":"RANDOM_COLORLESS_2","is_prod":false,"is_daily":false,"chose_seed":false,"campfire_upgraded":1,"win_rate":0,"timestamp":1547047009,"path_taken":["M","?","?","M","M","R","M","E","T","$","?"],"build_version":"2019-01-03v4","purchased_purges":1,"victory":false,"max_hp_per_floor":[71,71,71,71,71,71,71,71,71,71,71],"card_choices":[{"not_picked":["Stack","Rebound"],"picked":"Tempest","floor":1},{"not_picked":["Streamline","Barrage","Sweeping Beam"],"picked":"SKIP","floor":4},{"not_picked":["Aggregate","Compile Driver"],"picked":"Melter","floor":5},{"not_picked":["Force Field","Redo"],"picked":"Sunder","floor":7},{"not_picked":["Leap","Meteor Strike","Sunder"],"picked":"SKIP","floor":8}],"player_experience":809509,"relics_obtained":[{"floor":3,"key":"Pen Nib"},{"floor":8,"key":"Pantograph"},{"floor":9,"key":"Bird Faced Urn"}],"event_choices":[{"damage_healed":0,"gold_gain":150,"player_choice":"AGREE","damage_taken":0,"max_hp_gain":0,"max_hp_loss":0,"event_name":"Liars Game","floor":2,"gold_loss":0,"cards_obtained":["Doubt"]}],"is_beta":false,"boss_relics":[],"items_purged_floors":[10],"is_endless":false,"potions_floor_spawned":[4,7,8],"killed_by":"Large Slime","ascension_level":18}