{"gold_per_floor":[109,109,39,63,63,95,109,143,143,143,168,8,8,27,27,129,129,139,152,152,171,270,270],"floor_reached":23,"playtime":775,"items_purged":[],"score":348,"play_id":"7dce9860-724d-41e5-ba00-cf534284245b","local_time":"20181216181931","is_ascension_mode":true,"campfire_choices":[{"data":"Defragment","floor":10,"key":"SMITH"},{"floor":13,"key":"DIG"},{"data":"Echo Form","floor":15,"key":"SMITH"}],"neow_cost":"NONE","seed_source_timestamp":184417460860248,"circlet_count":0,"master_deck":["AscendersBane","Strike_B","Strike_B","Strike_B","Strike_B","Defend_B","Defend_B","Defend_B","Defend_B","Zap","Dualcast","Chaos+1","Defragment+1","Auto Shields","Loop","Cold Snap","Echo Form+1","Recycle","Core Surge","Compile Driver","Amplify"],"relics":["Cracked Core","NeowsBlessing","CultistMask","Symbiotic Virus","Centennial Puzzle","Shovel","Du-Vu Doll","FossilizedHelix","Inserter"],"potions_floor_usage":[],"damage_taken":[{"damage":0,"enemies":"Cultist","floor":1,"turns":1},{"damage":0,"enemies":"3 Sentries","floor":6,"turns":1},{"damage":0,"enemies":"Jaw Worm","floor":7,"turns":1},{"damage":17,"enemies":"Gremlin Nob","floor":8,"turns":4},{"damage":9,"enemies":"Lagavulin","floor":11,"turns":4},{"damage":0,"enemies":"2 Louse","floor":14,"turns":4},{"damage":33,"enemies":"Hexaghost","floor":16,"turns":10},{"damage":6,"enemies":"Chosen","floor":18,"turns":4},{"damage":17,"enemies":"Shell Parasite","floor":19,"turns":6},{"damage":14,"enemies":"Snecko","floor":21,"turns":5},{"damage":32,"enemies":"Gremlin Leader","floor":23,"turns":6}],"seed_played":"6660217073839490154","potions_obtained":[{"floor":8,"key":"Dexterity Potion"},{"floor":14,"key":"Poison Potion"},{"floor":18,"key":"FearPotion"},{"floor":21,"key":"Block Potion"}],"is_trial":false,"path_per_floor":["M","?","$","T","?","E","M","E","T","R","E","$","R","M","R","B",null,"M","M","?","M","?","E"],"character_chosen":"DEFECT","items_purchased":["Defragment","Echo Form"],"campfire_rested":0,"item_purchase_floors":[3,12],"current_hp_per_floor":[68,68,68,68,68,68,68,51,51,51,42,42,42,42,42,9,59,53,36,36,22,22,0],"gold":270,"neow_bonus":"THREE_ENEMY_KILL","is_prod":false,"is_daily":false,"chose_seed":false,"campfire_upgraded":2,"win_rate":0,"timestamp":1545002371,"path_taken":["M","?","$","?","?","E","?","E","T","R","E","$","R","M","R","BOSS","M","M","?","?","?","E"],"build_version":"2018-12-13","purchased_purges":0,"victory":false,"max_hp_per_floor":[75,75,75,75,75,75,75,75,75,75,75,75,75,75,75,75,75,75,75,75,75,75,75],"card_choices":[{"not_picked":["Beam Cell","Leap"],"picked":"Chaos","floor":1},{"not_picked":["Doom and Gloom","Stack"],"picked":"Auto Shields","floor":6},{"not_picked":["Fusion","Leap"],"picked":"Loop","floor":7},{"not_picked":["Tempest","Hologram"],"picked":"Cold Snap","floor":8},{"not_picked":["Self Repair","Sunder","Rip and Tear"],"picked":"SKIP","floor":11},{"not_picked":["Skim","Steam"],"picked":"Recycle","floor":14},{"not_picked":["Seek","All For One"],"picked":"Core Surge","floor":16},{"not_picked":["Scrape+1","Steam"],"picked":"Compile Driver","floor":18},{"not_picked":["Barrage","Turbo","Gash"],"picked":"SKIP","floor":19},{"not_picked":["Coolheaded","Leap"],"picked":"Amplify","floor":21}],"player_experience":353690,"relics_obtained":[{"floor":6,"key":"Symbiotic Virus"},{"floor":8,"key":"Centennial Puzzle"},{"floor":9,"key":"Shovel"},{"floor":11,"key":"Du-Vu Doll"},{"floor":13,"key":"FossilizedHelix"}],"event_choices":[{"damage_healed":0,"gold_gain":0,"player_choice":"Upgraded","damage_taken":0,"max_hp_gain":0,"max_hp_loss":0,"event_name":"Upgrade Shrine","floor":2,"gold_loss":0,"cards_upgraded":["Chaos"]},{"damage_healed":0,"gold_gain":0,"player_choice":"Trade","damage_taken":0,"relics_obtained":["CultistMask"],"max_hp_gain":0,"max_hp_loss":0,"event_name":"FaceTrader","floor":5,"gold_loss":0},{"damage_healed":0,"gold_gain":0,"player_choice":"Bought 0 Potions","damage_taken":0,"max_hp_gain":0,"max_hp_loss":0,"event_name":"The Woman in Blue","floor":20,"gold_loss":0},{"damage_healed":0,"gold_gain":99,"player_choice":"Stole From Cult","damage_taken":0,"max_hp_gain":0,"max_hp_loss":0,"event_name":"Nest","floor":22,"gold_loss":0}],"is_beta":false,"boss_relics":[{"not_picked":["Busted Crown","Empty Cage"],"picked":"Inserter"}],"items_purged_floors":[],"is_endless":false,"potions_floor_spawned":[8,14,18,21],"killed_by":"Gremlin Leader","ascension_level":10}