{"gold_per_floor":[109,184,194,207,207,221,221,221,248,248,233,233,246,280,280,280],"floor_reached":16,"playtime":1474,"items_purged":[],"score":102,"play_id":"f863e7a8-18bb-41ca-a42d-7af03ef1798e","local_time":"20181212160439","is_ascension_mode":false,"campfire_choices":[{"data":"Disarm","floor":8,"key":"SMITH"},{"data":"Armaments","floor":10,"key":"SMITH"},{"floor":12,"key":"RECALL"},{"data":"Barricade","floor":15,"key":"SMITH"}],"neow_cost":"NONE","seed_source_timestamp":1125434906567445,"circlet_count":0,"master_deck":["Strike_R","Strike_R","Strike_R","Strike_R","Defend_R","Defend_R","Defend_R","Defend_R","Bash","Berserk+1","Armaments+1","Disarm+1","Combust","Barricade+1"],"relics":["Burning Blood","Vajra"],"potions_floor_usage":[13],"damage_taken":[{"damage":12,"enemies":"Jaw Worm","floor":1,"turns":5},{"damage":9,"enemies":"2 Louse","floor":3,"turns":3},{"damage":6,"enemies":"Cultist","floor":4,"turns":3},{"damage":2,"enemies":"Exordium Wildlife","floor":6,"turns":2},{"damage":15,"enemies":"Exordium Thugs","floor":11,"turns":4},{"damage":5,"enemies":"Looter","floor":13,"turns":4},{"damage":21,"enemies":"Lagavulin","floor":14,"turns":9},{"damage":44,"enemies":"Slime Boss","floor":16,"turns":11}],"seed_played":"2470599127731629593","potions_obtained":[{"floor":3,"key":"LiquidBronze"},{"floor":4,"key":"Explosive Potion"}],"is_trial":false,"path_per_floor":["M","?","M","M","?","M","?","R","T","R","M","R","M","E","R","B"],"character_chosen":"IRONCLAD","items_purchased":[],"campfire_rested":0,"item_purchase_floors":[],"current_hp_per_floor":[74,63,60,60,60,64,64,64,64,64,55,55,56,41,41,0],"gold":280,"neow_bonus":"ONE_RANDOM_RARE_CARD","is_prod":false,"is_daily":false,"chose_seed":false,"campfire_upgraded":3,"win_rate":0,"timestamp":1544598279,"path_taken":["M","?","M","M","?","?","?","R","T","R","M","R","M","E","R","BOSS"],"build_version":"2018-12-06","purchased_purges":0,"victory":false,"max_hp_per_floor":[80,80,80,80,80,80,80,80,80,80,80,80,80,80,80,80],"card_choices":[{"not_picked":["True Grit","Sever Soul"],"picked":"Armaments","floor":1},{"not_picked":["Rage","Iron Wave"],"picked":"Disarm","floor":3},{"not_picked":["Burning Pact","Sword Boomerang","Carnage"],"picked":"SKIP","floor":4},{"not_picked":["Havoc","Anger","Heavy Blade"],"picked":"SKIP","floor":6},{"not_picked":["Carnage","Havoc","Heavy Blade"],"picked":"SKIP","floor":11},{"not_picked":["Rage","Body Slam","Flex"],"picked":"SKIP","floor":13},{"not_picked":["Clothesline","Sword Boomerang"],"picked":"Barricade","floor":14}],"player_experience":620498,"relics_obtained":[{"floor":14,"key":"Vajra"}],"event_choices":[{"damage_healed":0,"gold_gain":75,"player_choice":"Gather Gold","damage_taken":11,"max_hp_gain":0,"max_hp_loss":0,"event_name":"World of Goop","floor":2,"gold_loss":0},{"damage_healed":0,"gold_gain":0,"cards_transformed":["Strike_R"],"player_choice":"Transformed","damage_taken":0,"max_hp_gain":0,"max_hp_loss":0,"event_name":"Transmorgrifier","floor":5,"gold_loss":0,"cards_obtained":["Combust"]},{"damage_healed":0,"gold_gain":0,"player_choice":"Upgraded","damage_taken":0,"max_hp_gain":0,"max_hp_loss":0,"event_name":"Upgrade Shrine","floor":7,"gold_loss":0,"cards_upgraded":["Berserk"]}],"is_beta":false,"boss_relics":[],"items_purged_floors":[],"is_endless":false,"potions_floor_spawned":[3,4],"killed_by":"Slime Boss","ascension_level":0}