{"gold_per_floor":[114,289,289,301,78,103,162,192,246,246,265,275,275,295,295,295],"floor_reached":16,"playtime":1033,"items_purged":["Doubt"],"score":182,"play_id":"472f04fa-c97c-4fcc-b9ab-978b22e474c3","local_time":"20181104202155","is_ascension_mode":true,"campfire_choices":[{"floor":10,"key":"REST"},{"floor":15,"key":"REST"}],"neow_cost":"NONE","seed_source_timestamp":2231831136453692,"circlet_count":0,"master_deck":["Strike_B","Strike_B","Strike_B","Strike_B","Defend_B","Defend_B","Defend_B","Defend_B","Zap","Dualcast","White Noise","Cold Snap","Glacier","Genetic Algorithm","Loop","Biased Cognition","Genetic Algorithm+1","Defragment","Parasite","Coolheaded+1"],"relics":["Cracked Core","NeowsBlessing","Anchor","Bag of Preparation","Toxic Egg 2","Art of War","Happy Flower"],"potions_floor_usage":[7,8,12,16],"damage_taken":[{"damage":0,"enemies":"Small Slimes","floor":1,"turns":1},{"damage":0,"enemies":"2 Louse","floor":4,"turns":1},{"damage":0,"enemies":"3 Sentries","floor":6,"turns":1},{"damage":23,"enemies":"3 Sentries","floor":7,"turns":6},{"damage":18,"enemies":"Lagavulin","floor":8,"turns":8},{"damage":0,"enemies":"Jaw Worm","floor":11,"turns":3},{"damage":0,"enemies":"Large Slime","floor":12,"turns":5},{"damage":0,"enemies":"3 Louse","floor":14,"turns":4},{"damage":66,"enemies":"Slime Boss","floor":16,"turns":14}],"seed_played":"-8655258059479585278","potions_obtained":[{"floor":1,"key":"Energy Potion"},{"floor":6,"key":"Swift Potion"},{"floor":8,"key":"FearPotion"},{"floor":14,"key":"Fire Potion"}],"is_trial":false,"path_per_floor":["M","?","?","M","$","E","?","E","T","R","M","M","?","M","R","B"],"character_chosen":"DEFECT","items_purchased":["Glacier","Genetic Algorithm"],"campfire_rested":2,"item_purchase_floors":[5,5],"current_hp_per_floor":[68,68,43,43,43,43,20,2,2,24,24,24,42,42,64,0],"gold":295,"neow_bonus":"THREE_ENEMY_KILL","is_prod":false,"is_daily":false,"chose_seed":false,"campfire_upgraded":0,"win_rate":0,"timestamp":1541380915,"path_taken":["M","?","?","?","$","E","?","E","T","R","M","M","?","M","R","BOSS"],"build_version":"2018-11-01","purchased_purges":1,"victory":false,"max_hp_per_floor":[75,75,75,75,75,75,75,75,75,75,75,75,75,75,75,75],"card_choices":[{"not_picked":["Steam Power","Streamline"],"picked":"White Noise","floor":1},{"not_picked":["Static Discharge","Darkness"],"picked":"Cold Snap","floor":4},{"not_picked":["Barrage","Sweeping Beam"],"picked":"Loop","floor":6},{"not_picked":["Genetic Algorithm","Steam Power"],"picked":"Biased Cognition","floor":7},{"not_picked":["Rip and Tear","Redo+1","Rebound"],"picked":"SKIP","floor":8},{"not_picked":["Cold Snap","Lockon"],"picked":"Genetic Algorithm+1","floor":11},{"not_picked":["Conserve Battery+1","Scrape"],"picked":"Defragment","floor":12},{"not_picked":["Go for the Eyes","Turbo+1"],"picked":"Coolheaded+1","floor":14}],"player_experience":467794,"relics_obtained":[{"floor":6,"key":"Bag of Preparation"},{"floor":7,"key":"Toxic Egg 2"},{"floor":8,"key":"Art of War"},{"floor":9,"key":"Happy Flower"}],"event_choices":[{"damage_healed":0,"gold_gain":175,"player_choice":"AGREE","damage_taken":0,"max_hp_gain":0,"max_hp_loss":0,"event_name":"Liars Game","floor":2,"gold_loss":0,"cards_obtained":["Doubt"]},{"damage_healed":0,"gold_gain":0,"player_choice":"Success","damage_taken":25,"relics_obtained":["Anchor"],"max_hp_gain":0,"max_hp_loss":0,"event_name":"Scrap Ooze","floor":3,"gold_loss":0},{"damage_healed":0,"gold_gain":0,"player_choice":"Searched \u00271\u0027 times","damage_taken":0,"max_hp_gain":0,"max_hp_loss":0,"event_name":"Dead Adventurer","floor":7,"gold_loss":0},{"damage_healed":18,"gold_gain":0,"player_choice":"Healed and dodged fight","damage_taken":0,"max_hp_gain":0,"max_hp_loss":0,"event_name":"Mushrooms","floor":13,"gold_loss":0,"cards_obtained":["Parasite"]}],"is_beta":false,"boss_relics":[],"items_purged_floors":[5],"is_endless":false,"potions_floor_spawned":[1,6,8,14],"killed_by":"Slime Boss","ascension_level":7}