{"gold_per_floor":[110,35,35,8,27,56,56,85,85,185,197,197,212,228,228,328,328,344,51,51,51,67,98,98,98],"floor_reached":25,"playtime":1155,"items_purged":["Regret","Strike_B"],"score":298,"play_id":"47c7eaae-f5e6-4818-b1e2-d915e838fbbd","local_time":"20181104102252","is_ascension_mode":true,"campfire_choices":[{"floor":7,"key":"REST"},{"data":"Dualcast","floor":12,"key":"SMITH"},{"floor":15,"key":"REST"}],"neow_cost":"CURSE","seed_source_timestamp":2195763740177075,"circlet_count":0,"master_deck":["Strike_B","Strike_B","Defend_B","Defend_B","Defend_B","Defend_B","Zap+1","Dualcast+1","Compile Driver","Coolheaded","Steam","Leap","Glacier","Ball Lightning","Hologram","Echo Form","Defragment","Capacitor+1","Consume"],"relics":["Cracked Core","Turnip","PreservedInsect","Sundial","Singing Bowl","Nuclear Battery","Membership Card","Gremlin Horn"],"potions_floor_usage":[16,16,22,23,25],"damage_taken":[{"damage":3,"enemies":"Cultist","floor":1,"turns":3},{"damage":5,"enemies":"Jaw Worm","floor":5,"turns":2},{"damage":29,"enemies":"Lagavulin","floor":6,"turns":6},{"damage":11,"enemies":"3 Sentries","floor":8,"turns":7},{"damage":0,"enemies":"Small Slimes","floor":11,"turns":4},{"damage":1,"enemies":"Looter","floor":13,"turns":3},{"damage":0,"enemies":"Exordium Thugs","floor":14,"turns":3},{"damage":7,"enemies":"Slime Boss","floor":16,"turns":15},{"damage":0,"enemies":"Spheric Guardian","floor":18,"turns":3},{"damage":23,"enemies":"2 Thieves","floor":22,"turns":4},{"damage":25,"enemies":"Book of Stabbing","floor":23,"turns":6},{"damage":14,"enemies":"Centurion and Healer","floor":25,"turns":1}],"seed_played":"1400290056860235575","potions_obtained":[{"floor":8,"key":"Block Potion"},{"floor":13,"key":"Explosive Potion"},{"floor":16,"key":"Swift Potion"},{"floor":22,"key":"Dexterity Potion"},{"floor":23,"key":"EssenceOfSteel"}],"is_trial":false,"path_per_floor":["M","$","?","$","M","E","R","E","T","?","M","R","M","M","R","B",null,"M","$","?","?","M","E","?","M"],"character_chosen":"DEFECT","items_purchased":["Coolheaded","Membership Card","Defragment"],"campfire_rested":2,"item_purchase_floors":[4,19,19],"current_hp_per_floor":[65,65,65,65,60,31,53,42,42,42,42,42,41,43,66,59,73,75,75,75,60,39,14,14,0],"gold":98,"neow_bonus":"ONE_RARE_RELIC","is_prod":false,"is_daily":false,"chose_seed":false,"campfire_upgraded":1,"win_rate":0,"timestamp":1541344972,"path_taken":["M","$","?","?","M","E","R","E","T","?","M","R","?","M","R","BOSS","M","$","?","?","M","E","?","?"],"build_version":"2018-11-01","purchased_purges":2,"victory":false,"max_hp_per_floor":[75,75,75,75,75,75,75,75,75,75,75,75,75,77,77,77,77,79,79,79,84,86,86,86,86],"card_choices":[{"not_picked":["Redo","Gash"],"picked":"Compile Driver","floor":1},{"not_picked":["Rip and Tear","Streamline"],"picked":"Steam","floor":5},{"not_picked":["Rebound","Hologram"],"picked":"Leap","floor":6},{"not_picked":["Blizzard","Barrage"],"picked":"Glacier","floor":8},{"not_picked":["Sweeping Beam","FTL"],"picked":"Ball Lightning","floor":11},{"not_picked":["Undo","Stack"],"picked":"Hologram","floor":13},{"not_picked":["Streamline","Rebound","Beam Cell"],"picked":"Singing Bowl","floor":14},{"not_picked":["Meteor Strike","Electrodynamics"],"picked":"Echo Form","floor":16},{"not_picked":["Compile Driver+1","Tempest","Turbo+1"],"picked":"Singing Bowl","floor":18},{"not_picked":["Compile Driver","Aggregate+1","Double Energy"],"picked":"Singing Bowl","floor":22},{"not_picked":["Ball Lightning","Glacier"],"picked":"Capacitor+1","floor":23}],"player_experience":459907,"relics_obtained":[{"floor":6,"key":"PreservedInsect"},{"floor":8,"key":"Sundial"},{"floor":9,"key":"Singing Bowl"},{"floor":23,"key":"Gremlin Horn"}],"event_choices":[{"damage_healed":0,"gold_gain":0,"player_choice":"Upgraded","damage_taken":0,"max_hp_gain":0,"max_hp_loss":0,"event_name":"Upgrade Shrine","floor":3,"gold_loss":0,"cards_upgraded":["Zap"]},{"damage_healed":0,"gold_gain":100,"player_choice":"Gold","damage_taken":0,"max_hp_gain":0,"max_hp_loss":0,"event_name":"Wheel of Change","floor":10,"gold_loss":0},{"damage_healed":0,"gold_gain":0,"player_choice":"Ignored","damage_taken":0,"max_hp_gain":0,"max_hp_loss":0,"event_name":"Beggar","floor":20,"gold_loss":0},{"damage_healed":0,"gold_gain":0,"player_choice":"Shed Blood","damage_taken":20,"max_hp_gain":5,"max_hp_loss":0,"event_name":"Forgotten Altar","floor":21,"gold_loss":0},{"damage_healed":0,"gold_gain":0,"cards_transformed":["Strike_B"],"player_choice":"Transformed","damage_taken":0,"max_hp_gain":0,"max_hp_loss":0,"event_name":"Transmorgrifier","floor":24,"gold_loss":0,"cards_obtained":["Consume"]}],"is_beta":false,"boss_relics":[{"not_picked":["Empty Cage","Tiny House"],"picked":"Nuclear Battery"}],"items_purged_floors":[2,19],"is_endless":false,"potions_floor_spawned":[8,13,16,22,23],"killed_by":"Centurion and Healer","ascension_level":6}