{"gold_per_floor":[20,20,31,31,48,48,77,77,77,110,110,41,41,57,57,156,156,128,128,54,54,65,65,65],"floor_reached":24,"playtime":1435,"items_purged":[],"score":202,"play_id":"8910932f-dbcd-4960-9713-e348acc44ee6","local_time":"20180817223428","is_ascension_mode":false,"campfire_choices":[{"data":"Zap","floor":6,"key":"SMITH"},{"data":"Dualcast","floor":8,"key":"SMITH"},{"data":"Gash","floor":11,"key":"SMITH"},{"data":"Go for the Eyes","floor":13,"key":"SMITH"},{"floor":15,"key":"REST"},{"floor":23,"key":"REST"}],"neow_cost":"NO_GOLD","seed_source_timestamp":91483492026704,"circlet_count":0,"master_deck":["Strike_B","Strike_B","Strike_B","Defend_B","Defend_B","Defend_B","Defend_B","Zap+1","Dualcast+1","Stack","Cold Snap","Thunder Strike","Barrage","Gash+1","Go for the Eyes+1","FTL","Hologram+1","Creative AI","Hologram+1","Self Repair","Gash"],"relics":["FrozenCore","Unceasing Top","Letter Opener","Toxic Egg 2","Bottled Flame"],"potions_floor_usage":[22,22,22,22],"damage_taken":[{"damage":2,"enemies":"2 Louse","floor":1,"turns":2},{"damage":1,"enemies":"Cultist","floor":3,"turns":4},{"damage":14,"enemies":"Jaw Worm","floor":5,"turns":4},{"damage":29,"enemies":"Gremlin Nob","floor":7,"turns":4},{"damage":18,"enemies":"Lagavulin","floor":10,"turns":8},{"damage":10,"enemies":"Large Slime","floor":14,"turns":5},{"damage":22,"enemies":"Hexaghost","floor":16,"turns":10},{"damage":48,"enemies":"2 Thieves","floor":18,"turns":5},{"damage":22,"enemies":"Chosen","floor":22,"turns":5},{"damage":45,"enemies":"Gremlin Leader","floor":24,"turns":4}],"seed_played":"-5439466465270567487","potions_obtained":[{"floor":2,"key":"Swift Potion"},{"floor":2,"key":"Block Potion"},{"floor":2,"key":"Regen Potion"},{"floor":10,"key":"EntropicBrew"},{"floor":14,"key":"PowerPotion"}],"is_trial":false,"path_per_floor":["M","?","M","?","M","R","E","R","T","E","R","$","R","M","R","B",null,"M","?","$","?","M","R"],"character_chosen":"DEFECT","items_purchased":["FTL","Self Repair"],"campfire_rested":2,"item_purchase_floors":[12,20],"current_hp_per_floor":[73,73,72,72,58,58,29,29,29,11,11,11,11,1,23,1,75,27,27,27,27,22,44,0],"gold":65,"neow_bonus":"ONE_RARE_RELIC","is_prod":false,"is_daily":false,"chose_seed":false,"campfire_upgraded":4,"win_rate":0,"timestamp":1534512868,"path_taken":["M","?","M","?","?","R","E","R","T","E","R","?","R","M","R","BOSS","M","?","$","?","M","R","E"],"build_version":"2018-08-16","purchased_purges":0,"victory":false,"max_hp_per_floor":[75,75,75,75,75,75,75,75,75,75,75,75,75,75,75,75,75,75,75,75,75,75,75,75],"card_choices":[{"not_picked":["Sweeping Beam","Aggregate"],"picked":"Stack","floor":1},{"not_picked":["Fusion","Rebound"],"picked":"Cold Snap","floor":3},{"not_picked":["Stack","Leap"],"picked":"Barrage","floor":5},{"not_picked":["Reprogram","Biased Cognition"],"picked":"Gash","floor":7},{"not_picked":["White Noise+1","Consume+1"],"picked":"Go for the Eyes","floor":10},{"not_picked":["Rebound","Static Discharge"],"picked":"Hologram+1","floor":14},{"not_picked":["Machine Learning","Core Surge"],"picked":"Creative AI","floor":16},{"not_picked":["Stack+1","Skim+1"],"picked":"Hologram+1","floor":18},{"not_picked":["Go for the Eyes+1","Steam+1"],"picked":"Gash","floor":22}],"player_experience":339662,"relics_obtained":[{"floor":7,"key":"Letter Opener"},{"floor":9,"key":"Toxic Egg 2"},{"floor":10,"key":"Bottled Flame"}],"event_choices":[{"event_name":"The Lab","player_choice":"Got Potions","floor":2,"damage_taken":0},{"event_name":"Living Wall","player_choice":"Change","floor":4,"damage_taken":0},{"event_name":"The Woman in Blue","player_choice":"Bought 0 Potions","floor":19,"damage_taken":0},{"event_name":"Addict","player_choice":"Ignored","floor":21,"damage_taken":0}],"is_beta":true,"boss_relics":[{"not_picked":["Eternal Feather","White Beast Statue"],"picked":"FrozenCore"}],"items_purged_floors":[],"is_endless":false,"potions_floor_spawned":[10,14,16],"killed_by":"Gremlin Leader","ascension_level":0}