{"gold_per_floor":[212,212,231,243,243,243,254,285,285,318,318,318,318,338,338,435,435,452,472,124,137,137,137],"floor_reached":23,"playtime":1226,"items_purged":["Strike_B"],"score":236,"play_id":"41fd9a0c-8aa4-41b2-b743-389442bdae95","local_time":"20181115195151","is_ascension_mode":true,"campfire_choices":[{"data":"Tempest","floor":6,"key":"SMITH"},{"data":"Dualcast","floor":11,"key":"SMITH"},{"data":"Zap","floor":13,"key":"SMITH"},{"floor":15,"key":"REST"}],"neow_cost":"NONE","seed_source_timestamp":99208603766303,"circlet_count":0,"master_deck":["Strike_B","Strike_B+1","Strike_B","Defend_B","Defend_B","Defend_B","Defend_B","Zap+1","Dualcast+1","Redo+1","Rebound","Tempest+1","Static Discharge","Steam+1","Tempest+1","Coolheaded+1","Meteor Strike+1","Darkness+1","Doom and Gloom+1","Redo+1","Compile Driver+1","Ball Lightning+1","Ghostly+1","Ghostly+1","Ghostly+1","Ghostly+1","Ghostly+1"],"relics":["Cracked Core","Toxic Egg 2","Molten Egg 2","Dodecahedron","Bottled Lightning","Runic Pyramid","Chemical X"],"potions_floor_usage":[10,16,23,23,23],"damage_taken":[{"damage":1,"enemies":"2 Louse","floor":1,"turns":2},{"damage":6,"enemies":"Cultist","floor":3,"turns":3},{"damage":11,"enemies":"Jaw Worm","floor":4,"turns":2},{"damage":8,"enemies":"Large Slime","floor":7,"turns":4},{"damage":16,"enemies":"Lagavulin","floor":8,"turns":5},{"damage":5,"enemies":"3 Sentries","floor":10,"turns":6},{"damage":7,"enemies":"3 Louse","floor":14,"turns":2},{"damage":15,"enemies":"Hexaghost","floor":16,"turns":10},{"damage":10,"enemies":"Chosen","floor":18,"turns":3},{"damage":32,"enemies":"3 Byrds","floor":19,"turns":3},{"damage":21,"enemies":"Centurion and Healer","floor":21,"turns":4},{"damage":13,"enemies":"Gremlin Leader","floor":23,"turns":1}],"seed_played":"7038814943010220430","potions_obtained":[{"floor":5,"key":"Energy Potion"},{"floor":5,"key":"SkillPotion"},{"floor":5,"key":"Dexterity Potion"},{"floor":14,"key":"Dexterity Potion"},{"floor":16,"key":"Swift Potion"}],"is_trial":false,"path_per_floor":["M","?","M","M","?","R","M","E","T","E","R","T","R","M","R","B",null,"M","M","$","M","?","E"],"character_chosen":"DEFECT","items_purchased":["Chemical X","Redo+1","Compile Driver+1"],"campfire_rested":1,"item_purchase_floors":[20,20,20],"current_hp_per_floor":[74,59,53,42,42,42,34,18,18,13,13,13,13,6,28,13,75,65,33,33,12,12,0],"gold":137,"neow_bonus":"HUNDRED_GOLD","is_prod":false,"is_daily":false,"chose_seed":false,"campfire_upgraded":3,"win_rate":0,"timestamp":1542329511,"path_taken":["M","?","M","M","?","R","?","E","T","E","R","?","R","M","R","BOSS","M","M","$","M","?","E"],"build_version":"2018-11-08","purchased_purges":1,"victory":false,"max_hp_per_floor":[75,75,75,75,75,75,75,75,75,75,75,75,75,75,75,75,75,75,75,75,75,37,37],"card_choices":[{"not_picked":["Barrage","Stack"],"picked":"Redo","floor":1},{"not_picked":["Ball Lightning","Chill"],"picked":"Rebound","floor":3},{"not_picked":["Cold Snap","Compile Driver"],"picked":"Tempest","floor":4},{"not_picked":["Compile Driver","Barrage"],"picked":"Static Discharge","floor":7},{"not_picked":["Hologram","Go for the Eyes"],"picked":"Steam","floor":8},{"not_picked":["Reprogram+1","Beam Cell+1"],"picked":"Tempest+1","floor":10},{"not_picked":["Turbo+1","Tempest+1"],"picked":"Coolheaded+1","floor":14},{"not_picked":["Amplify+1","Creative AI"],"picked":"Meteor Strike+1","floor":16},{"not_picked":["Chill+1","Leap+1"],"picked":"Darkness+1","floor":18},{"not_picked":["FTL+1","Sweeping Beam+1"],"picked":"Doom and Gloom+1","floor":19},{"not_picked":["Sweeping Beam+1","Streamline+1"],"picked":"Ball Lightning+1","floor":21}],"player_experience":107092,"relics_obtained":[{"floor":8,"key":"Toxic Egg 2"},{"floor":9,"key":"Molten Egg 2"},{"floor":10,"key":"Dodecahedron"},{"floor":12,"key":"Bottled Lightning"}],"event_choices":[{"damage_healed":0,"gold_gain":0,"player_choice":"Entered Light","damage_taken":15,"max_hp_gain":0,"max_hp_loss":0,"event_name":"Shining Light","floor":2,"gold_loss":0,"cards_upgraded":["Strike_B","Redo"]},{"damage_healed":0,"gold_gain":0,"player_choice":"Got Potions","damage_taken":0,"max_hp_gain":0,"max_hp_loss":0,"event_name":"Lab","floor":5,"gold_loss":0},{"damage_healed":0,"gold_gain":0,"player_choice":"Became a Ghost","damage_taken":0,"max_hp_gain":0,"max_hp_loss":38,"event_name":"Ghosts","floor":22,"gold_loss":0,"cards_obtained":["Ghostly","Ghostly","Ghostly","Ghostly","Ghostly"]}],"is_beta":false,"boss_relics":[{"not_picked":["Tiny House","Busted Crown"],"picked":"Runic Pyramid"}],"items_purged_floors":[20],"is_endless":false,"potions_floor_spawned":[14,16,18],"killed_by":"Gremlin Leader","ascension_level":1}