{"gold_per_floor":[209,223,56,71,71,101,101,78,78,78,78,98,128,148,148,247,247,262,262,279,179,179,179],"floor_reached":23,"playtime":1592,"items_purged":["Strike_G","Normality"],"score":235,"play_id":"0da93824-fe97-4c91-a989-4da6ecd458cd","local_time":"20190205164123","is_ascension_mode":true,"campfire_choices":[{"data":"Predator","floor":7.0,"key":"SMITH"},{"data":"Poisoned Stab","floor":11.0,"key":"SMITH"},{"data":"Bane","floor":15.0,"key":"SMITH"}],"neow_cost":"NONE","seed_source_timestamp":2390172368946615,"circlet_count":0,"master_deck":["Defend_G","Defend_G","Defend_G","Defend_G","Defend_G","Strike_G","Strike_G","Strike_G","Strike_G","Survivor","Neutralize","Sucker Punch","Heel Hook","Footwork","Deflect","Predator+1","Calculated Gamble","Poisoned Stab+1","Bane+1","Deflect","Escape Plan","Riddle With Holes","Unload","Shame","Shame","Underhanded Strike","Underhanded Strike+1","Die Die Die","Footwork+1"],"special_seed":0,"relics":["Ring of the Snake","Prayer Wheel","Ginger","Meat on the Bone","Calling Bell","Potion Belt","Pear","Calipers","Incense Burner"],"potions_floor_usage":[23],"damage_taken":[{"damage":0.0,"enemies":"Small Slimes","floor":1.0,"turns":4.0},{"damage":0.0,"enemies":"Cultist","floor":2.0,"turns":5.0},{"damage":0.0,"enemies":"Jaw Worm","floor":4.0,"turns":4.0},{"damage":0.0,"enemies":"Lagavulin","floor":6.0,"turns":10.0},{"damage":0.0,"enemies":"Blue Slaver","floor":12.0,"turns":3.0},{"damage":24.0,"enemies":"Gremlin Nob","floor":13.0,"turns":4.0},{"damage":2.0,"enemies":"Lots of Slimes","floor":14.0,"turns":4.0},{"damage":27.0,"enemies":"Hexaghost","floor":16.0,"turns":10.0},{"damage":11.0,"enemies":"Chosen","floor":18.0,"turns":5.0},{"damage":10.0,"enemies":"3 Byrds","floor":20.0,"turns":5.0},{"damage":60,"enemies":"Book of Stabbing","floor":23,"turns":8}],"seed_played":"5328706285696685576","potions_obtained":[{"floor":2.0,"key":"SteroidPotion"},{"floor":5.0,"key":"Fire Potion"},{"floor":5.0,"key":"Block Potion"},{"floor":5.0,"key":"SmokeBomb"},{"floor":12.0,"key":"LiquidBronze"},{"floor":14.0,"key":"Explosive Potion"},{"floor":18.0,"key":"Fire Potion"},{"floor":20.0,"key":"Dexterity Potion"}],"is_trial":false,"path_per_floor":["M","M","$","M","?","E","R","$","T","$","R","M","E","M","R","B",null,"M","?","M","$","?","E"],"character_chosen":"THE_SILENT","items_purchased":["Footwork","Deflect","Poisoned Stab"],"campfire_rested":0,"item_purchase_floors":[3,3,8],"current_hp_per_floor":[70,70,70,70,70,70,70,70,70,70,70,70,46,44,44,29,80,69,69,59,59,59,0],"gold":179,"neow_bonus":"HUNDRED_GOLD","is_prod":false,"is_daily":false,"chose_seed":false,"campfire_upgraded":3,"win_rate":0,"timestamp":1549420883,"path_taken":["M","M","$","M","?","E","R","$","T","?","R","M","E","M","R","BOSS","M","?","M","$","?","E"],"build_version":"2019-01-23","purchased_purges":2,"victory":false,"max_hp_per_floor":[70,70,70,70,70,70,70,70,70,70,70,70,70,70,70,70,80,80,80,80,80,80,80],"card_choices":[{"not_picked":["Dodge and Roll","Bane"],"picked":"Sucker Punch","floor":1.0},{"not_picked":["Sucker Punch","Cloak And Dagger"],"picked":"Heel Hook","floor":2.0},{"not_picked":["Backflip","Expertise"],"picked":"Predator","floor":4.0},{"not_picked":["Flying Knee","Dagger Throw"],"picked":"Calculated Gamble","floor":6.0},{"not_picked":["All Out Attack","Cloak And Dagger"],"picked":"Bane","floor":12.0},{"not_picked":["Acrobatics","Flying Knee","Dagger Throw"],"picked":"SKIP","floor":12.0},{"not_picked":["Infinite Blades","Blade Dance"],"picked":"Deflect","floor":13.0},{"not_picked":["Dagger Spray","Underhanded Strike"],"picked":"Escape Plan","floor":14.0},{"not_picked":["Prepared","Dodge and Roll"],"picked":"Riddle With Holes","floor":14.0},{"not_picked":["Tools of the Trade","Bullet Time"],"picked":"Unload","floor":16.0},{"not_picked":["Riddle With Holes","Infinite Blades+1"],"picked":"Underhanded Strike","floor":18.0},{"not_picked":["PiercingWail","Prepared+1"],"picked":"Underhanded Strike+1","floor":18.0},{"not_picked":["Predator","Deflect"],"picked":"Footwork+1","floor":20.0},{"not_picked":["Heel Hook","Underhanded Strike+1","Terror"],"picked":"SKIP","floor":20.0}],"player_experience":101132,"relics_obtained":[{"floor":6.0,"key":"Prayer Wheel"},{"floor":9.0,"key":"Ginger"},{"floor":13.0,"key":"Meat on the Bone"},{"floor":17.0,"key":"Potion Belt"},{"floor":17.0,"key":"Pear"},{"floor":17.0,"key":"Calipers"},{"floor":22.0,"key":"Incense Burner"}],"event_choices":[{"damage_healed":0.0,"max_hp_gain":0.0,"max_hp_loss":0.0,"gold_gain":0.0,"event_name":"Lab","player_choice":"Got Potions","floor":5.0,"gold_loss":0.0,"damage_taken":0.0},{"damage_healed":0.0,"max_hp_gain":0.0,"max_hp_loss":0.0,"gold_gain":0.0,"event_name":"The Library","player_choice":"Read","floor":19.0,"gold_loss":0.0,"damage_taken":0.0,"cards_obtained":["Die Die Die"]},{"damage_healed":0.0,"max_hp_gain":0.0,"max_hp_loss":0.0,"gold_gain":0.0,"event_name":"Wheel of Change","player_choice":"Relic","floor":22.0,"gold_loss":0.0,"damage_taken":0.0}],"is_beta":false,"boss_relics":[{"not_picked":["Runic Dome","Orrery"],"picked":"Calling Bell"}],"items_purged_floors":[3,21],"is_endless":false,"potions_floor_spawned":[2,12,14,18,20],"killed_by":"Book of Stabbing","ascension_level":1}