{"path_per_floor":["M","?","?","M","M","R","M","R","T","E","M","M","$","M","R","B",null,"M","M","M","?","?","R","?","$","T","M","R","M","M","E","R","B",null,"M","M","?","M","?","R","?","?","T","M","R","?","M","M","R"],"character_chosen":"THE_SILENT","items_purchased":["Noxious Fumes","Adrenaline","Lee\u0027s Waffle"],"gold_per_floor":[119,119,119,129,146,146,161,161,211,236,255,273,49,61,61,164,164,175,195,213,213,128,128,228,24,24,42,42,61,73,99,99,201,231,251,265,0,12,59,59,59,59,59,72,72,72,89,106,106,106],"floor_reached":50,"campfire_rested":6,"playtime":4813,"current_hp_per_floor":[33,33,19,19,17,38,32,53,53,22,22,20,20,19,40,46,70,58,54,43,43,43,43,43,77,77,71,71,66,42,24,47,35,82,67,67,67,37,21,45,66,66,76,56,56,56,34,17,44,0],"items_purged":[],"gold":106,"score":518,"play_id":"026b0ae4-ff5f-40f6-b6ef-c753c1301a51","local_time":"20180330121809","is_prod":false,"is_daily":false,"is_ascension_mode":false,"campfire_upgraded":3,"timestamp":1522426689,"path_taken":["M","?","?","?","M","R","M","R","T","E","M","M","$","M","R","BOSS","M","M","M","?","?","R","?","?","T","?","R","M","M","E","R","BOSS","M","M","?","M","?","R","?","?","T","M","R","?","M","?","R","BOSS"],"build_version":"2018-03-29v2","purchased_purges":0,"victory":false,"master_deck":["Defend_G","Defend_G+1","Defend_G+1","Defend_G","Strike_G","Strike_G","Strike_G","Survivor+1","Neutralize","Infinite Blades","Poisoned Stab","Infinite Blades","Blade Dance","Blur+1","Acrobatics","Flying Knee","Flying Knee","Noxious Fumes+1","Adrenaline+1","Quick Slash","Prepared+1","Underhanded Strike+1","Bane+1","Bane+1","Noxious Fumes","Backflip","Tactician","Slice+1","PiercingWail+1","Footwork","Predator","Writhe","Panache+1","Prepared+1","Outmaneuver+1","Catalyst+1"],"max_hp_per_floor":[70,70,70,70,70,70,70,70,70,70,70,70,70,70,70,70,70,70,70,70,70,70,70,70,77,77,77,77,77,77,77,77,77,82,82,82,82,82,82,82,82,82,92,92,92,92,92,92,92,92],"relics":["Ring of the Snake","War Paint","Anchor","Sozu","Mercury Hourglass","Lee\u0027s Waffle","Dead Branch","Bottled Flame","Tiny House","Red Mask","Ice Cream","Pear"],"card_choices":[{"not_picked":["Prepared","Deadly Poison"],"picked":"Infinite Blades","floor":1},{"not_picked":["Slice","Distraction"],"picked":"Blade Dance","floor":4},{"not_picked":["Bouncing Flask","Backflip"],"picked":"Blur","floor":5},{"not_picked":["Deadly Poison","Dagger Throw"],"picked":"Acrobatics","floor":7},{"not_picked":["Calculated Gamble","Deflect"],"picked":"Flying Knee","floor":11},{"not_picked":["Masterful Stab","Bane"],"picked":"Flying Knee","floor":12},{"not_picked":["Calculated Gamble","Flechettes"],"picked":"Quick Slash","floor":14},{"not_picked":["Corpse Explosion","Phantasmal Killer"],"picked":"Burst","floor":16},{"not_picked":["Flechettes","Blade Dance"],"picked":"Prepared","floor":18},{"not_picked":["Deadly Poison","Skewer"],"picked":"Underhanded Strike","floor":19},{"not_picked":["Endless Agony","Dagger Throw"],"picked":"Bane","floor":20},{"not_picked":["Quick Slash","All Out Attack"],"picked":"Bane","floor":27},{"not_picked":["Masterful Stab","Dagger Throw"],"picked":"Noxious Fumes","floor":29},{"not_picked":["Dodge and Roll","Outmaneuver"],"picked":"Backflip","floor":30},{"not_picked":["A Thousand Cuts","Bullet Time"],"picked":"Tactician","floor":33},{"not_picked":["Outmaneuver","Deadly Poison"],"picked":"Slice","floor":34},{"not_picked":["Blade Dance","Expertise"],"picked":"PiercingWail","floor":36},{"not_picked":["Terror","Heel Hook"],"picked":"Footwork","floor":38},{"not_picked":["Deadly Poison","PiercingWail"],"picked":"Predator","floor":39},{"not_picked":["Finesse","Jack Of All Trades"],"picked":"Panache","floor":42},{"not_picked":["Poisoned Stab","Backflip"],"picked":"Prepared","floor":44},{"not_picked":["Dodge and Roll","Poisoned Stab"],"picked":"Outmaneuver","floor":47},{"not_picked":["Bane","Outmaneuver"],"picked":"Catalyst","floor":48}],"player_experience":55746,"potions_floor_usage":[14,16,16,16,33],"damage_taken":[{"damage":2,"enemies":"Jaw Worm","floor":1,"turns":4},{"damage":0,"enemies":"Cultist","floor":4,"turns":3},{"damage":2,"enemies":"2 Louse","floor":5,"turns":2},{"damage":6,"enemies":"Blue Slaver","floor":7,"turns":4},{"damage":31,"enemies":"Gremlin Nob","floor":10,"turns":6},{"damage":0,"enemies":"Large Slime","floor":11,"turns":6},{"damage":2,"enemies":"Looter","floor":12,"turns":4},{"damage":1,"enemies":"Gremlin Gang","floor":14,"turns":2},{"damage":9,"enemies":"The Guardian","floor":16,"turns":11},{"damage":12,"enemies":"Spheric Guardian","floor":18,"turns":4},{"damage":4,"enemies":"2 Thieves","floor":19,"turns":5},{"damage":11,"enemies":"Cultist and Chosen","floor":20,"turns":7},{"damage":6,"enemies":"Snake Plant","floor":27,"turns":4},{"damage":5,"enemies":"Centurion and Healer","floor":29,"turns":4},{"damage":24,"enemies":"Sentry and Sphere","floor":30,"turns":4},{"damage":18,"enemies":"Slavers","floor":31,"turns":5},{"damage":12,"enemies":"Champ","floor":33,"turns":8},{"damage":15,"enemies":"Orb Walker","floor":35,"turns":4},{"damage":0,"enemies":"3 Shapes","floor":36,"turns":3},{"damage":30,"enemies":"Maw","floor":38,"turns":7},{"damage":16,"enemies":"Mysterious Sphere","floor":39,"turns":5},{"damage":20,"enemies":"Sphere and 2 Shapes","floor":44,"turns":4},{"damage":22,"enemies":"3 Darklings","floor":47,"turns":3},{"damage":17,"enemies":"4 Shapes","floor":48,"turns":3},{"damage":58,"enemies":"Time Eater","floor":50,"turns":10}],"event_choices":[{"event_name":"Bonfire Elementals","player_choice":"BASIC","floor":2,"damage_taken":0},{"event_name":"Shining Light","player_choice":"Entered Light","floor":3,"damage_taken":0},{"event_name":"Purifier","player_choice":"One Purge","floor":21,"damage_taken":0},{"event_name":"Addict","player_choice":"Obtained Relic","floor":22,"damage_taken":0},{"event_name":"Golden Shrine","player_choice":"Pray","floor":24,"damage_taken":0},{"event_name":"Tomb of Lord Red Mask","player_choice":"Paid","floor":37,"damage_taken":0},{"event_name":"Mysterious Sphere","player_choice":"Fight","floor":39,"damage_taken":0},{"event_name":"Winding Halls","player_choice":"Writhe","floor":41,"damage_taken":0},{"event_name":"SensoryStone","player_choice":"Memory 1","floor":42,"damage_taken":0},{"event_name":"The Woman in Blue","player_choice":"Bought 0 Potions","floor":46,"damage_taken":0}],"boss_relics":[{"not_picked":["Philosopher\u0027s Stone","White Beast Statue"],"picked":"Sozu"},{"not_picked":["Orrery","Velvet Choker"],"picked":"Tiny House"}],"potions_floor_spawned":[4,10,12,14,16,18,20,38,39],"seed_played":"-2289931866974657484","killed_by":"Time Eater","ascension_level":0,"is_trial":false}