{"gold_per_floor":[117,129,129,141,52,77,77,106,106,106,125,150,150,177,177,256,256,267,280,42,42,42,42,58,58,84,99,99,128,128,128,128,204,204,222,222,222,222,35,61,61,81,108,108,127,127,156,156,156,156,156],"floor_reached":52,"playtime":3261,"items_purged":["Pain"],"score":1809,"play_id":"acba7a02-cead-4566-a959-4b2321ac1b1c","local_time":"20181025225412","is_ascension_mode":true,"campfire_choices":[{"data":"Neutralize","floor":7,"key":"SMITH"},{"data":"Bouncing Flask","floor":10,"key":"SMITH"},{"data":"Footwork","floor":13,"key":"SMITH"},{"data":"Cloak And Dagger","floor":15,"key":"SMITH"},{"data":"Wraith Form v2","floor":23,"key":"SMITH"},{"floor":25,"key":"REST"},{"data":"Dagger Spray","floor":30,"key":"SMITH"},{"floor":32,"key":"REST"},{"floor":41,"key":"REST"},{"floor":44,"key":"REST"},{"floor":46,"key":"REST"},{"floor":49,"key":"REST"}],"neow_cost":"NONE","seed_source_timestamp":564754069270800,"circlet_count":0,"master_deck":["Defend_G+1","Defend_G+1","Defend_G+1","Defend_G+1","Defend_G+1","Strike_G+1","Strike_G+1","Strike_G+1","Strike_G+1","Survivor","Neutralize+1","AscendersBane","Escape Plan","Cloak And Dagger+1","Bouncing Flask+1","Quick Slash+1","Choke","Footwork+1","Deflect","Wraith Form v2+1","Dodge and Roll","Footwork+1","Dagger Spray+1","Cloak And Dagger+1","Footwork+1","Well Laid Plans","Grand Finale+1","Acrobatics","Escape Plan","Dodge and Roll+1","Acrobatics+1"],"relics":["Busted Crown","Meat on the Bone","Odd Mushroom","Mummified Hand","Bag of Marbles","Dream Catcher","Lizard Tail","DollysMirror","Regal Pillow","Enchiridion","Turnip","Fusion Hammer","WarpedTongs","Paper Crane","Centennial Puzzle","Whetstone"],"potions_floor_usage":[12,19,27,29,33,51],"damage_taken":[{"damage":2,"enemies":"2 Louse","floor":1,"turns":4},{"damage":2,"enemies":"Jaw Worm","floor":2,"turns":5},{"damage":6,"enemies":"Cultist","floor":4,"turns":4},{"damage":12,"enemies":"Lagavulin","floor":6,"turns":8},{"damage":0,"enemies":"The Mushroom Lair","floor":8,"turns":4},{"damage":2,"enemies":"2 Fungi Beasts","floor":11,"turns":3},{"damage":3,"enemies":"Gremlin Nob","floor":12,"turns":4},{"damage":7,"enemies":"Lagavulin","floor":14,"turns":7},{"damage":17,"enemies":"The Guardian","floor":16,"turns":10},{"damage":16,"enemies":"Shell Parasite","floor":18,"turns":6},{"damage":17,"enemies":"Spheric Guardian","floor":19,"turns":5},{"damage":19,"enemies":"Cultist and Chosen","floor":24,"turns":6},{"damage":5,"enemies":"Sentry and Sphere","floor":27,"turns":4},{"damage":5,"enemies":"Slavers","floor":29,"turns":5},{"damage":25,"enemies":"Collector","floor":33,"turns":10},{"damage":41,"enemies":"3 Darklings","floor":35,"turns":6},{"damage":7,"enemies":"Nemesis","floor":40,"turns":7},{"damage":1,"enemies":"3 Shapes","floor":42,"turns":5},{"damage":8,"enemies":"Spire Growth","floor":45,"turns":5},{"damage":19,"enemies":"Reptomancer","floor":47,"turns":8},{"damage":8,"enemies":"Awakened One","floor":50,"turns":24},{"damage":13,"enemies":"Time Eater","floor":51,"turns":17}],"seed_played":"-5528174195046300871","potions_obtained":[{"floor":4,"key":"Block Potion"},{"floor":8,"key":"Strength Potion"},{"floor":12,"key":"SkillPotion"},{"floor":14,"key":"Strength Potion"},{"floor":18,"key":"Regen Potion"},{"floor":24,"key":"Regen Potion"},{"floor":27,"key":"LiquidBronze"},{"floor":40,"key":"Weak Potion"}],"is_trial":false,"path_per_floor":["M","M","?","M","$","E","R","?","T","R","M","E","R","E","R","B",null,"M","M","$","?","$","R","M","R","T","M","?","E","R","?","R","B",null,"M","?","?","?","$","E","R","M","T","R","M","R","E","?","R","B","B"],"character_chosen":"THE_SILENT","items_purchased":["Bouncing Flask","Quick Slash","DollysMirror","Dagger Spray","Acrobatics","SkillPotion"],"campfire_rested":6,"item_purchase_floors":[5,5,20,20,39,39],"current_hp_per_floor":[57,55,60,54,54,42,42,42,42,42,40,37,37,42,42,37,63,47,44,44,44,44,44,37,58,58,65,44,39,39,39,71,46,65,36,36,36,36,36,41,71,70,70,71,63,71,52,52,71,63,50],"gold":156,"neow_bonus":"BOSS_RELIC","is_prod":false,"is_daily":false,"chose_seed":false,"campfire_upgraded":6,"win_rate":0,"timestamp":1540522452,"path_taken":["M","M","?","M","$","E","R","?","T","R","M","E","R","E","R","BOSS","M","M","$","?","?","R","M","R","T","M","?","E","R","?","R","BOSS","M","?","?","?","$","E","R","M","T","R","?","R","E","?","R","BOSS","BOSS"],"build_version":"2018-10-19","purchased_purges":1,"victory":true,"max_hp_per_floor":[66,66,71,71,71,71,71,71,71,71,71,71,71,71,71,71,71,71,71,71,71,71,71,71,71,71,71,71,71,71,71,71,71,71,71,71,71,71,71,71,71,71,71,71,71,71,71,71,71,71,71],"card_choices":[{"not_picked":["Bane"],"picked":"SKIP","floor":1},{"not_picked":[],"picked":"Escape Plan","floor":2},{"not_picked":[],"picked":"Cloak And Dagger","floor":4},{"not_picked":[],"picked":"Choke","floor":6},{"not_picked":[],"picked":"Footwork","floor":11},{"not_picked":["Finisher"],"picked":"SKIP","floor":12},{"not_picked":[],"picked":"Deflect","floor":14},{"not_picked":[],"picked":"Wraith Form v2","floor":16},{"not_picked":["Reflex"],"picked":"SKIP","floor":18},{"not_picked":[],"picked":"Dodge and Roll","floor":19},{"not_picked":["Skewer"],"picked":"SKIP","floor":24},{"not_picked":[],"picked":"Cloak And Dagger+1","floor":27},{"not_picked":["All Out Attack"],"picked":"SKIP","floor":29},{"not_picked":[],"picked":"Well Laid Plans","floor":32},{"not_picked":["Footwork"],"picked":"SKIP","floor":35},{"not_picked":["Outmaneuver+1"],"picked":"SKIP","floor":40},{"not_picked":["Underhanded Strike"],"picked":"SKIP","floor":42},{"not_picked":[],"picked":"Escape Plan","floor":45},{"not_picked":[],"picked":"Dodge and Roll+1","floor":46},{"not_picked":[],"picked":"Acrobatics","floor":47}],"player_experience":1501299,"relics_obtained":[{"floor":6,"key":"Meat on the Bone"},{"floor":8,"key":"Odd Mushroom"},{"floor":9,"key":"Mummified Hand"},{"floor":12,"key":"Bag of Marbles"},{"floor":14,"key":"Dream Catcher"},{"floor":26,"key":"Regal Pillow"},{"floor":28,"key":"Enchiridion"},{"floor":29,"key":"Turnip"},{"floor":40,"key":"Paper Crane"},{"floor":43,"key":"Centennial Puzzle"},{"floor":47,"key":"Whetstone"}],"event_choices":[{"damage_healed":0,"gold_gain":0,"player_choice":"Donut","damage_taken":0,"max_hp_gain":5,"max_hp_loss":0,"event_name":"Big Fish","floor":3,"gold_loss":0},{"damage_healed":0,"gold_gain":0,"player_choice":"Fought Mushrooms","damage_taken":0,"max_hp_gain":0,"max_hp_loss":0,"event_name":"Mushrooms","floor":8,"gold_loss":0},{"damage_healed":0,"gold_gain":0,"player_choice":"Simplicity","damage_taken":0,"max_hp_gain":0,"max_hp_loss":0,"event_name":"Back to Basics","floor":21,"gold_loss":0,"cards_upgraded":["Defend_G","Defend_G","Defend_G","Defend_G","Defend_G","Strike_G","Strike_G","Strike_G","Strike_G","Strike_G"]},{"damage_healed":0,"gold_gain":0,"player_choice":"Obtained Book","damage_taken":21,"max_hp_gain":0,"max_hp_loss":0,"event_name":"Cursed Tome","floor":28,"gold_loss":0},{"damage_healed":0,"gold_gain":0,"player_choice":"Copied","damage_taken":0,"max_hp_gain":0,"max_hp_loss":0,"event_name":"Duplicator","floor":31,"gold_loss":0,"cards_obtained":["Footwork"]},{"damage_healed":0,"gold_gain":0,"cards_transformed":["Strike_G"],"player_choice":"Transformed","damage_taken":0,"max_hp_gain":0,"max_hp_loss":0,"event_name":"Transmorgrifier","floor":36,"gold_loss":0,"cards_obtained":["Grand Finale"]},{"damage_healed":0,"gold_gain":0,"player_choice":"Rummage","damage_taken":0,"relics_obtained":["WarpedTongs"],"max_hp_gain":0,"max_hp_loss":0,"event_name":"Accursed Blacksmith","floor":37,"gold_loss":0,"cards_obtained":["Pain"]},{"damage_healed":0,"gold_gain":0,"player_choice":"Memory 1","damage_taken":0,"max_hp_gain":0,"max_hp_loss":0,"event_name":"SensoryStone","floor":38,"gold_loss":0},{"damage_healed":0,"gold_gain":0,"player_choice":"Upgraded","damage_taken":0,"max_hp_gain":0,"max_hp_loss":0,"event_name":"Upgrade Shrine","floor":48,"gold_loss":0,"cards_upgraded":["Acrobatics"]}],"is_beta":true,"boss_relics":[{"not_picked":["Calling Bell","HoveringKite"],"picked":"Lizard Tail"},{"not_picked":["Astrolabe","Eternal Feather"],"picked":"Fusion Hammer"}],"items_purged_floors":[39],"is_endless":false,"potions_floor_spawned":[4,8,12,14,16,18,24,27,40,42,47],"ascension_level":20}