{"path_per_floor":["M","?","?","?","?","R","M","M","T","$","?","M","T","M","R","B",null,"M","$","?","M","M"],"character_chosen":"THE_SILENT","items_purchased":["Well Laid Plans","Apotheosis"],"gold_per_floor":[115,65,65,65,140,140,152,169,169,58,58,74,74,93,93,189,189,208,18,18,35,51,51],"floor_reached":23,"campfire_rested":1,"playtime":1773,"current_hp_per_floor":[70,70,70,70,59,59,59,54,54,54,54,39,39,35,56,39,70,63,63,63,48,12,0],"items_purged":["Normality"],"gold":51,"score":181,"play_id":"6d13fc50-a49a-40da-9dfa-9fda09800438","local_time":"20180412152226","is_prod":false,"is_daily":false,"is_ascension_mode":false,"campfire_upgraded":1,"timestamp":1523514146,"path_taken":["M","?","?","?","?","R","?","M","T","?","?","M","?","M","R","BOSS","M","$","?","M","M","E"],"build_version":"2018-04-05v2","purchased_purges":1,"victory":false,"master_deck":["Defend_G","Defend_G","Strike_G","Strike_G","Strike_G","Strike_G","Survivor","Neutralize","Deadly Poison+1","Heel Hook","Acrobatics","Well Laid Plans","Unload","Slice","After Image","Noxious Fumes","Apotheosis","Dagger Spray+1","Poisoned Stab"],"max_hp_per_floor":[70,70,70,70,70,70,70,70,70,70,70,70,70,70,70,70,70,70,70,70,70,70,70],"relics":["Ring of the Snake","Snake Skull","Ice Cream","Dodecahedron","Velvet Choker"],"card_choices":[{"not_picked":["Reflex","Sucker Punch"],"picked":"Deadly Poison","floor":1.0},{"not_picked":["Predator","Backflip"],"picked":"Acrobatics","floor":7.0},{"not_picked":["Acrobatics","Eviscerate"],"picked":"Unload","floor":12.0},{"not_picked":["Well Laid Plans","Dagger Spray"],"picked":"Slice","floor":14.0},{"not_picked":["Tactician","Night Terror"],"picked":"After Image","floor":16.0},{"not_picked":["Deadly Poison","Reflex"],"picked":"Noxious Fumes","floor":18},{"not_picked":["Sucker Punch","Dagger Throw"],"picked":"Dagger Spray","floor":21},{"not_picked":["Calculated Gamble","Sucker Punch"],"picked":"Poisoned Stab","floor":22}],"player_experience":2000,"potions_floor_usage":[],"damage_taken":[{"damage":0.0,"enemies":"Small Slimes","floor":1.0,"turns":3.0},{"damage":0.0,"enemies":"2 Louse","floor":7.0,"turns":4.0},{"damage":5.0,"enemies":"Jaw Worm","floor":8.0,"turns":4.0},{"damage":15.0,"enemies":"Large Slime","floor":12.0,"turns":7.0},{"damage":4.0,"enemies":"Looter","floor":14.0,"turns":3.0},{"damage":17.0,"enemies":"Hexaghost","floor":16.0,"turns":9.0},{"damage":7,"enemies":"3 Byrds","floor":18,"turns":4},{"damage":15,"enemies":"Spheric Guardian","floor":21,"turns":4},{"damage":36,"enemies":"Chosen and Byrds","floor":22,"turns":6},{"damage":15,"enemies":"Gremlin Leader","floor":23,"turns":1}],"event_choices":[{"event_name":"The Cleric","player_choice":"Card Removal","floor":2.0,"damage_taken":0.0},{"event_name":"Living Wall","player_choice":"Change","floor":3.0,"damage_taken":0.0},{"event_name":"Accursed Blacksmith","player_choice":"Rummage","floor":4.0,"damage_taken":0.0},{"event_name":"World of Goop","player_choice":"Gather Gold","floor":5.0,"damage_taken":0.0},{"event_name":"Wheel of Change","player_choice":"Card Removal","floor":11.0,"damage_taken":0.0},{"event_name":"Bonfire Elementals","player_choice":"BASIC","floor":20,"damage_taken":0}],"boss_relics":[{"not_picked":["Runic Pyramid","Ectoplasm"],"picked":"Velvet Choker"}],"potions_floor_spawned":[1,16,22],"seed_played":"1677524086731267972","killed_by":"Gremlin Leader","ascension_level":0,"is_trial":false}