{"path_per_floor":["M","?","M","M","M","R","M","M","T","M"],"character_chosen":"DEFECT","items_purchased":[],"gold_per_floor":[110,60,75,86,104,104,114,127,154,165,165],"floor_reached":11,"campfire_rested":0,"playtime":739,"item_purchase_floors":[],"current_hp_per_floor":[73,73,67,66,54,54,36,21,21,5,0],"items_purged":[],"gold":165,"score":69,"play_id":"6877c330-df2c-411a-a76b-f0c72e1e6273","local_time":"20180530215228","is_prod":false,"is_daily":false,"chose_seed":false,"is_ascension_mode":false,"campfire_upgraded":1,"win_rate":0,"timestamp":1527684748,"campfire_choices":[{"data":"Static Discharge","floor":6.0,"key":"SMITH"}],"path_taken":["M","?","M","M","M","R","M","M","T","M","E"],"build_version":"2018-05-29","seed_source_timestamp":83467272774773,"purchased_purges":0,"victory":false,"master_deck":["Strike_B","Strike_B","Strike_B","Defend_B","Defend_B","Defend_B","Defend_B","Zap","Dualcast","Fusion","White Noise","Capacitor","Static Discharge+1","Echo Form","Auto Shields","Redo"],"max_hp_per_floor":[75,75,75,75,75,75,75,75,75,75,75],"relics":["Cracked Core","Boot"],"card_choices":[{"not_picked":["Gash","Rebound"],"picked":"Fusion","floor":1.0},{"not_picked":["Lockon","Turbo"],"picked":"White Noise","floor":3.0},{"not_picked":["Blizzard","Aggregate"],"picked":"Capacitor","floor":4.0},{"not_picked":["Beam Cell","Turbo"],"picked":"Static Discharge","floor":5.0},{"not_picked":["Hologram","Barrage"],"picked":"Echo Form","floor":7.0},{"not_picked":["Hologram","Compile Driver"],"picked":"Auto Shields","floor":8.0},{"not_picked":["BootSequence","Rebound"],"picked":"Redo","floor":10.0}],"player_experience":211247,"potions_floor_usage":[],"damage_taken":[{"damage":2.0,"enemies":"2 Louse","floor":1.0,"turns":2.0},{"damage":6.0,"enemies":"Jaw Worm","floor":3.0,"turns":3.0},{"damage":1.0,"enemies":"Cultist","floor":4.0,"turns":4.0},{"damage":12.0,"enemies":"2 Fungi Beasts","floor":5.0,"turns":4.0},{"damage":18.0,"enemies":"Lots of Slimes","floor":7.0,"turns":4.0},{"damage":15.0,"enemies":"3 Louse","floor":8.0,"turns":4.0},{"damage":16.0,"enemies":"Large Slime","floor":10.0,"turns":5.0},{"damage":11,"enemies":"3 Sentries","floor":11,"turns":2}],"relics_obtained":[{"floor":9.0,"key":"Boot"}],"event_choices":[{"event_name":"The Cleric","player_choice":"Card Removal","floor":2.0,"damage_taken":0.0}],"boss_relics":[],"items_purged_floors":[],"potions_floor_spawned":[3,7,8,10],"seed_played":"3312094242042870347","killed_by":"3 Sentries","ascension_level":0,"potions_obtained":[{"floor":3.0,"key":"Block Potion"},{"floor":7.0,"key":"Strength Potion"},{"floor":8.0,"key":"SpeedPotion"},{"floor":10.0,"key":"AttackPotion"}],"is_trial":false}