{"gold_per_floor":[116,131,145,320,332,332,363,363,363,363,363,379,36,46,46,141,141,154,514,140,154,171,171,171],"floor_reached":24,"playtime":2182,"items_purged":["Strike_B"],"score":207,"play_id":"346fe219-0e87-49b6-8191-4a132346d587","local_time":"20190128221923","is_ascension_mode":true,"campfire_choices":[{"data":"Zap","floor":6,"key":"SMITH"},{"data":"Hologram","floor":8,"key":"SMITH"},{"data":"Self Repair","floor":10,"key":"SMITH"},{"data":"Streamline","floor":15,"key":"SMITH"},{"floor":23,"key":"REST"}],"neow_cost":"NONE","seed_source_timestamp":1289564121451981,"circlet_count":0,"master_deck":["Defend_B","Defend_B","Defend_B","Defend_B","Zap+1","Dualcast","Leap","Self Repair","Self Repair+1","Hologram+1","Defragment","Ball Lightning","Streamline+1","Biased Cognition","Machine Learning+1","Hello World+1","Heatsinks+1","Cold Snap","Static Discharge","Ball Lightning","Glacier","Blizzard+1"],"relics":["Cracked Core","Centennial Puzzle","Bag of Marbles","Question Card","Spirit Poop","Anchor","Astrolabe","Matryoshka"],"potions_floor_usage":[7,7,16,24,24],"damage_taken":[{"damage":6,"enemies":"Jaw Worm","floor":1,"turns":3},{"damage":1,"enemies":"Cultist","floor":2,"turns":3},{"damage":3,"enemies":"Small Slimes","floor":3,"turns":3},{"damage":5,"enemies":"Exordium Thugs","floor":5,"turns":6},{"damage":34,"enemies":"3 Sentries","floor":7,"turns":8},{"damage":9,"enemies":"Blue Slaver","floor":12,"turns":3},{"damage":1,"enemies":"3 Louse","floor":14,"turns":2},{"damage":27,"enemies":"Slime Boss","floor":16,"turns":8},{"damage":13,"enemies":"Shell Parasite","floor":18,"turns":4},{"damage":0,"enemies":"Chosen","floor":21,"turns":4},{"damage":45,"enemies":"3 Cultists","floor":22,"turns":4},{"damage":59,"enemies":"Gremlin Leader","floor":24,"turns":9}],"seed_played":"7160145478334926719","potions_obtained":[{"floor":2,"key":"Swift Potion"},{"floor":5,"key":"FocusPotion"},{"floor":12,"key":"SteroidPotion"},{"floor":16,"key":"LiquidBronze"},{"floor":21,"key":"LiquidBronze"}],"is_trial":false,"path_per_floor":["M","M","M","?","M","R","E","R","T","R","?","M","$","M","R","B",null,"M","?","$","M","M","R","E"],"character_chosen":"DEFECT","items_purchased":["Defragment","Ball Lightning","Anchor","Matryoshka","Static Discharge","Ball Lightning"],"campfire_rested":1,"item_purchase_floors":[13,13,13,20,20,20],"current_hp_per_floor":[69,68,65,65,67,67,47,47,47,47,47,55,55,71,71,44,75,72,37,37,54,26,48,0],"gold":171,"neow_bonus":"RANDOM_COMMON_RELIC","is_prod":false,"is_daily":false,"chose_seed":false,"campfire_upgraded":4,"win_rate":0,"timestamp":1548731963,"path_taken":["M","M","M","?","M","R","E","R","T","R","?","M","$","M","R","BOSS","M","?","$","M","M","R","E"],"build_version":"2019-01-23","purchased_purges":1,"victory":false,"max_hp_per_floor":[75,75,75,75,75,75,75,75,75,75,75,75,75,75,75,75,75,75,75,75,75,75,75,75],"card_choices":[{"not_picked":["Rebound","Turbo"],"picked":"Leap","floor":1},{"not_picked":["Redo","Steam Power","Aggregate"],"picked":"SKIP","floor":2},{"not_picked":["Steam","Undo"],"picked":"Self Repair","floor":3},{"not_picked":["Force Field","Stack"],"picked":"Self Repair","floor":5},{"not_picked":["Tempest","Conserve Battery"],"picked":"Hologram","floor":7},{"not_picked":["Hello World","Steam","Fission","Sweeping Beam"],"picked":"SKIP","floor":12},{"not_picked":["Leap","Recycle","Fusion"],"picked":"Streamline","floor":14},{"not_picked":["Hyperbeam","Fission","Rainbow"],"picked":"Biased Cognition","floor":16},{"not_picked":["Turbo","Gash+1","Beam Cell+1"],"picked":"Cold Snap","floor":18},{"not_picked":["Cold Snap","Double Energy","Force Field+1"],"picked":"Glacier","floor":21},{"not_picked":["Aggregate","Steam+1","Streamline"],"picked":"Blizzard+1","floor":22}],"player_experience":165602,"relics_obtained":[{"floor":7,"key":"Bag of Marbles"},{"floor":9,"key":"Question Card"}],"event_choices":[{"damage_healed":0,"gold_gain":175,"player_choice":"AGREE","damage_taken":0,"max_hp_gain":0,"max_hp_loss":0,"event_name":"Liars Game","floor":4,"gold_loss":0,"cards_obtained":["Doubt"]},{"cards_removed":["Doubt"],"damage_healed":0,"gold_gain":0,"player_choice":"Offered Curse","damage_taken":0,"relics_obtained":["Spirit Poop"],"max_hp_gain":0,"max_hp_loss":0,"event_name":"Bonfire Elementals","floor":11,"gold_loss":0},{"damage_healed":0,"gold_gain":360,"player_choice":"GOLD GOLD GOLD GOLD ","damage_taken":35,"max_hp_gain":0,"max_hp_loss":0,"event_name":"Knowing Skull","floor":19,"potions_obtained":[],"gold_loss":0,"cards_obtained":[]}],"is_beta":false,"boss_relics":[{"not_picked":["White Beast Statue","Eternal Feather"],"picked":"Astrolabe"}],"items_purged_floors":[13],"is_endless":false,"potions_floor_spawned":[2,5,12,16,21],"killed_by":"Gremlin Leader","ascension_level":1}