{"gold_per_floor":[117,131,149,104,104,104,115,115,115,127,127,144,154,154,154,254,304,324,91,91,0,100,100],"floor_reached":23,"playtime":1300,"items_purged":[],"score":199,"play_id":"34244448-4698-469b-8790-be375f81acc4","local_time":"20181018225338","is_ascension_mode":true,"campfire_choices":[{"data":"Neutralize","floor":6,"key":"SMITH"},{"floor":11,"key":"REST"},{"floor":15,"key":"REST"}],"neow_cost":"PERCENT_DAMAGE","seed_source_timestamp":768230391311476,"circlet_count":0,"master_deck":["Defend_G","Defend_G","Defend_G","Defend_G","Strike_G","Strike_G+1","Survivor","Neutralize+1","Dodge and Roll","Footwork","Acrobatics","Flying Knee","Outmaneuver","Corpse Explosion","Poisoned Stab","Wraith Form v2","Backflip","Quick Slash","Deadly Poison","Footwork","All Out Attack","Wraith Form v2"],"relics":["Ring of the Snake","The Specimen","Mummified Hand","Tiny House","Bag of Marbles"],"potions_floor_usage":[4,4,10,12,18],"damage_taken":[{"damage":9,"enemies":"Small Slimes","floor":1,"turns":5},{"damage":7,"enemies":"2 Louse","floor":2,"turns":3},{"damage":0,"enemies":"Cultist","floor":3,"turns":5},{"damage":0,"enemies":"Looter","floor":4,"turns":5},{"damage":28,"enemies":"Lots of Slimes","floor":7,"turns":8},{"damage":0,"enemies":"Red Slaver","floor":10,"turns":5},{"damage":1,"enemies":"Looter","floor":12,"turns":3},{"damage":2,"enemies":"Blue Slaver","floor":13,"turns":6},{"damage":13,"enemies":"Hexaghost","floor":16,"turns":11},{"damage":7,"enemies":"Shell Parasite","floor":18,"turns":8},{"damage":77,"enemies":"Gremlin Leader","floor":23,"turns":6}],"seed_played":"104666020410970237","potions_obtained":[{"floor":2,"key":"SneckoOil"},{"floor":3,"key":"Regen Potion"},{"floor":7,"key":"LiquidBronze"},{"floor":10,"key":"Fire Potion"},{"floor":17,"key":"LiquidBronze"}],"is_trial":false,"path_per_floor":["M","M","M","M","?","R","M","?","T","M","R","M","M","?","R","B",null,"M","$","?","?","?"],"character_chosen":"THE_SILENT","items_purchased":["Deadly Poison","Footwork","Bag of Marbles"],"campfire_rested":2,"item_purchase_floors":[19,19,19],"current_hp_per_floor":[40,33,33,47,40,40,12,12,12,12,33,32,30,30,51,38,75,68,68,68,68,68,0],"gold":100,"neow_bonus":"ONE_RARE_RELIC","is_prod":false,"is_daily":false,"chose_seed":false,"campfire_upgraded":1,"win_rate":0,"timestamp":1539917618,"path_taken":["M","M","M","M","?","R","M","?","T","M","R","?","M","?","R","BOSS","M","$","?","?","?","E"],"build_version":"2018-10-18","purchased_purges":0,"victory":false,"max_hp_per_floor":[70,70,70,70,70,70,70,70,70,70,70,70,70,70,70,70,75,75,75,75,75,75,75],"card_choices":[{"not_picked":["Blade Dance","Tactician"],"picked":"Dodge and Roll","floor":1},{"not_picked":["PiercingWail","Sucker Punch"],"picked":"Footwork","floor":2},{"not_picked":["Flechettes","Sucker Punch"],"picked":"Acrobatics","floor":3},{"not_picked":["Deflect","Deadly Poison"],"picked":"Flying Knee","floor":4},{"not_picked":["Cloak And Dagger","Blade Dance"],"picked":"Outmaneuver","floor":7},{"not_picked":["Acrobatics","Poisoned Stab"],"picked":"Corpse Explosion","floor":10},{"not_picked":["Cloak And Dagger","Calculated Gamble","Sucker Punch"],"picked":"SKIP","floor":12},{"not_picked":["Terror","Riddle With Holes"],"picked":"Poisoned Stab","floor":13},{"not_picked":["Tools of the Trade","Storm of Steel"],"picked":"Wraith Form v2","floor":16},{"not_picked":["Bane","Accuracy"],"picked":"Backflip","floor":17},{"not_picked":["Riddle With Holes","Finisher"],"picked":"Quick Slash","floor":18}],"player_experience":321894,"relics_obtained":[{"floor":9,"key":"Mummified Hand"}],"event_choices":[{"cards_removed":["Strike_G"],"damage_healed":0,"gold_gain":0,"player_choice":"Card Removal","damage_taken":7,"max_hp_gain":0,"max_hp_loss":0,"event_name":"Golden Wing","floor":5,"gold_loss":0},{"cards_removed":["Defend_G"],"damage_healed":0,"gold_gain":0,"player_choice":"Offered Basic","damage_taken":0,"max_hp_gain":0,"max_hp_loss":0,"event_name":"Bonfire Elementals","floor":8,"gold_loss":0},{"damage_healed":0,"gold_gain":0,"player_choice":"Ignored","damage_taken":0,"max_hp_gain":0,"max_hp_loss":0,"event_name":"Liars Game","floor":14,"gold_loss":0},{"damage_healed":0,"gold_gain":0,"cards_transformed":["Strike_G","Strike_G"],"player_choice":"Became Test Subject","damage_taken":0,"max_hp_gain":0,"max_hp_loss":0,"event_name":"Drug Dealer","floor":20,"gold_loss":0,"cards_obtained":["All Out Attack","Wraith Form v2"]},{"damage_healed":0,"gold_gain":0,"player_choice":"Paid Fearfully","damage_taken":0,"max_hp_gain":0,"max_hp_loss":0,"event_name":"Masked Bandits","floor":21,"gold_loss":91},{"damage_healed":0,"gold_gain":100,"player_choice":"Pray","damage_taken":0,"max_hp_gain":0,"max_hp_loss":0,"event_name":"Golden Shrine","floor":22,"gold_loss":0}],"is_beta":false,"boss_relics":[{"not_picked":["Philosopher\u0027s Stone","Runic Pyramid"],"picked":"Tiny House"}],"items_purged_floors":[],"is_endless":false,"potions_floor_spawned":[2,3,7,10],"killed_by":"Gremlin Leader","ascension_level":2}