{"gold_per_floor":[113,125,200,200,50,50,65,65,65,16,16,31,65,65,65,164,164,180,200,213,224,224,224],"floor_reached":23,"playtime":1296,"items_purged":["Strike_B"],"score":283,"play_id":"fccf420a-0278-410c-932e-3f83d97572a6","local_time":"20181107220523","is_ascension_mode":true,"campfire_choices":[{"floor":6.0,"key":"REST"},{"floor":8.0,"key":"REST"},{"data":"Go for the Eyes","floor":11.0,"key":"SMITH"},{"floor":15,"key":"REST"}],"neow_cost":"PERCENT_DAMAGE","seed_source_timestamp":0,"circlet_count":0,"master_deck":["Strike_B+1","Strike_B","Strike_B","Defend_B","Defend_B","Defend_B","Defend_B","Zap","Dualcast","Fission+1","Ball Lightning+1","Capacitor","Self Repair","Ball Lightning","Go for the Eyes+1","Conserve Battery","Compile Driver","Fission","Coolheaded","Leap+1","Capacitor","Ghostly","Ghostly","Ghostly","Ghostly","Ghostly"],"special_seed":0,"relics":["Cracked Core","Du-Vu Doll","Whetstone","Nuclear Battery"],"potions_floor_usage":[13,21,23,23],"damage_taken":[{"damage":3.0,"enemies":"2 Louse","floor":1.0,"turns":2.0},{"damage":10.0,"enemies":"Small Slimes","floor":2.0,"turns":3.0},{"damage":2.0,"enemies":"Jaw Worm","floor":7.0,"turns":3.0},{"damage":5.0,"enemies":"Gremlin Gang","floor":12.0,"turns":3.0},{"damage":29,"enemies":"Gremlin Nob","floor":13,"turns":5},{"damage":32,"enemies":"The Guardian","floor":16,"turns":11},{"damage":13,"enemies":"Chosen","floor":18,"turns":5},{"damage":0,"enemies":"Spheric Guardian","floor":19,"turns":2},{"damage":17,"enemies":"3 Cultists","floor":20,"turns":5},{"damage":15,"enemies":"Centurion and Healer","floor":21,"turns":7},{"damage":31,"enemies":"Gremlin Leader","floor":23,"turns":7}],"seed_played":"-8618609308704996167","potions_obtained":[{"floor":1.0,"key":"Fire Potion"},{"floor":2.0,"key":"SpeedPotion"},{"floor":7.0,"key":"FairyPotion"},{"floor":18,"key":"Strength Potion"},{"floor":20,"key":"Poison Potion"},{"floor":21,"key":"Energy Potion"}],"is_trial":false,"path_per_floor":["M","M","?","?","$","R","M","R","T","$","R","M","M","E","$","R","B",null,"M","M","M","M","?","E"],"character_chosen":"DEFECT","items_purchased":["Self Repair","Go for the Eyes"],"campfire_rested":3,"item_purchase_floors":[5,10],"current_hp_per_floor":[47,37,26,26,26,48,46,68,68,68,68,70,48,48,70,45,68,62,62,52,44,37,6],"gold":224,"neow_bonus":"THREE_RARE_CARDS","is_prod":false,"is_daily":false,"chose_seed":false,"campfire_upgraded":1,"win_rate":0,"timestamp":1541646323,"path_taken":["M","M","?","?","$","R","M","R","T","$","R","M","E","?","R","BOSS","M","M","?","M","?","E"],"build_version":"2018-11-01","purchased_purges":1,"victory":false,"max_hp_per_floor":[75,75,75,75,75,75,75,75,75,75,75,75,75,75,75,75,75,75,75,75,75,37,37],"card_choices":[{"not_picked":["Thunder Strike","Buffer"],"picked":"Fission","floor":0.0},{"not_picked":["Lockon","Beam Cell"],"picked":"Ball Lightning","floor":1.0},{"not_picked":["Turbo","Barrage"],"picked":"Capacitor","floor":2.0},{"not_picked":["Turbo","Redo"],"picked":"Ball Lightning","floor":7.0},{"not_picked":["Static Discharge","Turbo"],"picked":"Conserve Battery","floor":12},{"not_picked":["Hello World","Storm"],"picked":"Compile Driver","floor":13},{"not_picked":["Multi-Cast","Thunder Strike"],"picked":"Fission","floor":16},{"not_picked":["Rebound","Sweeping Beam"],"picked":"Coolheaded","floor":18},{"not_picked":["Sweeping Beam","Rebound","Gash+1"],"picked":"SKIP","floor":19},{"not_picked":["Streamline+1","Barrage"],"picked":"Leap+1","floor":20},{"not_picked":["Turbo","Coolheaded"],"picked":"Capacitor","floor":21}],"player_experience":476631,"relics_obtained":[{"floor":9.0,"key":"Du-Vu Doll"},{"floor":13,"key":"Whetstone"}],"event_choices":[{"damage_healed":0.0,"max_hp_gain":0.0,"max_hp_loss":0.0,"gold_gain":75.0,"event_name":"World of Goop","player_choice":"Gather Gold","floor":3.0,"gold_loss":0.0,"damage_taken":11.0},{"damage_healed":0.0,"max_hp_gain":0.0,"max_hp_loss":0.0,"gold_gain":0.0,"event_name":"Living Wall","player_choice":"Grow","floor":4.0,"gold_loss":0.0,"damage_taken":0.0,"cards_upgraded":["Fission"]},{"damage_healed":0,"gold_gain":0,"player_choice":"Became a Ghost","damage_taken":0,"max_hp_gain":0,"max_hp_loss":38,"event_name":"Ghosts","floor":22,"gold_loss":0,"cards_obtained":["Ghostly","Ghostly","Ghostly","Ghostly","Ghostly"]}],"is_beta":false,"boss_relics":[{"not_picked":["Lizard Tail","Runic Pyramid"],"picked":"Nuclear Battery"}],"items_purged_floors":[5],"is_endless":false,"potions_floor_spawned":[1,2,7,18,20,21],"killed_by":"Gremlin Leader","ascension_level":7}