{"gold_per_floor":[118,136,189,189,38,38,63,77,77,77,77,89,89,89,89,161,161,175,175,225,244,16,49,49,66,66,66,66,81,93,18,18,90,90,103,103,203,219,219,245,262,285,335,368,30,42,42,42,42,42,42],"floor_reached":52,"playtime":3337,"items_purged":["Defend_G"],"score":2127,"play_id":"a5e7f181-7914-4edd-9a1d-37fcec151b34","local_time":"20181104211727","is_ascension_mode":true,"campfire_choices":[{"data":"Strike_G","floor":6.0,"key":"SMITH"},{"data":"Crippling Poison","floor":10.0,"key":"SMITH"},{"data":"Catalyst","floor":13.0,"key":"SMITH"},{"data":"Neutralize","floor":15.0,"key":"SMITH"},{"data":"Burst","floor":24,"key":"SMITH"},{"data":"Dagger Spray","floor":28,"key":"SMITH"},{"floor":32,"key":"REST"},{"data":"Strike_G","floor":47,"key":"PURGE"},{"data":"Strike_G","floor":49,"key":"PURGE"}],"neow_cost":"NONE","seed_source_timestamp":269735995761599,"circlet_count":0,"master_deck":["AscendersBane","Defend_G","Defend_G","Defend_G","Strike_G+1","Survivor","Neutralize+1","Backflip","Well Laid Plans","Catalyst+1","Crippling Poison+1","Dagger Spray+1","Burst+1","Escape Plan","Infinite Blades","Backflip","Backflip","Blur","Adrenaline","Footwork","Dodge and Roll+1","Expertise+1","Malaise"],"special_seed":0,"relics":["White Beast Statue","Tiny Chest","Gremlin Horn","Ninja Scroll","Dodecahedron","Paper Crane","Busted Crown","Dream Catcher","TwistedFunnel","Boot","Kunai","Fusion Hammer","Peace Pipe","Shuriken","Lantern","Vajra","Singing Bowl","Dead Branch"],"potions_floor_usage":[16,18,18,23,23,30,35,40,44,50,51],"damage_taken":[{"damage":0.0,"enemies":"Cultist","floor":1.0,"turns":4.0},{"damage":2.0,"enemies":"2 Louse","floor":2.0,"turns":6.0},{"damage":28.0,"enemies":"Lagavulin","floor":7.0,"turns":10.0},{"damage":2.0,"enemies":"Jaw Worm","floor":8.0,"turns":5.0},{"damage":1.0,"enemies":"Looter","floor":12.0,"turns":3.0},{"damage":7,"enemies":"The Guardian","floor":16,"turns":13},{"damage":11,"enemies":"Spheric Guardian","floor":18,"turns":5},{"damage":0,"enemies":"3 Byrds","floor":21,"turns":2},{"damage":5,"enemies":"Book of Stabbing","floor":23,"turns":3},{"damage":0,"enemies":"Sentry and Sphere","floor":25,"turns":2},{"damage":5,"enemies":"Shelled Parasite and Fungi","floor":29,"turns":3},{"damage":3,"enemies":"Chosen and Byrds","floor":30,"turns":6},{"damage":0,"enemies":"Automaton","floor":33,"turns":7},{"damage":0,"enemies":"Orb Walker","floor":35,"turns":3},{"damage":0,"enemies":"Mind Bloom Boss Battle","floor":37,"turns":7},{"damage":0,"enemies":"3 Darklings","floor":38,"turns":3},{"damage":0,"enemies":"Nemesis","floor":40,"turns":5},{"damage":0,"enemies":"Transient","floor":41,"turns":6},{"damage":0,"enemies":"Reptomancer","floor":44,"turns":4},{"damage":0,"enemies":"Maw","floor":46,"turns":7},{"damage":8,"enemies":"Donu and Deca","floor":50,"turns":10},{"damage":0,"enemies":"Awakened One","floor":51,"turns":13}],"seed_played":"3788817833501292009","potions_obtained":[{"floor":1.0,"key":"Fire Potion"},{"floor":2.0,"key":"GhostInAJar"},{"floor":7.0,"key":"GhostInAJar"},{"floor":8.0,"key":"FearPotion"},{"floor":12.0,"key":"SteroidPotion"},{"floor":16,"key":"Strength Potion"},{"floor":18,"key":"GamblersBrew"},{"floor":21,"key":"Swift Potion"},{"floor":23,"key":"Swift Potion"},{"floor":25,"key":"SteroidPotion"},{"floor":30,"key":"SteroidPotion"},{"floor":35,"key":"PowerPotion"},{"floor":38,"key":"Strength Potion"},{"floor":40,"key":"Dexterity Potion"},{"floor":44,"key":"Regen Potion"}],"is_trial":false,"path_per_floor":["M","M","T","?","$","R","E","M","T","R","T","M","R","T","R","B",null,"M","T","?","M","$","E","R","M","T","$","R","M","M","?","R","B",null,"M","?","?","M","?","E","M","T","T","E","$","M","R","$","R","B","B",null],"character_chosen":"THE_SILENT","items_purchased":["Well Laid Plans","TwistedFunnel","Dead Branch"],"campfire_rested":1,"item_purchase_floors":[5,22,45],"current_hp_per_floor":[59,57,57,50,50,50,22,20,20,20,20,19,19,19,19,12,53,42,42,42,42,42,37,37,37,37,37,37,32,29,29,48,48,62,62,62,62,62,62,62,62,62,62,62,62,64,64,64,64,68,68],"gold":42,"neow_bonus":"BOSS_RELIC","is_prod":false,"is_daily":false,"chose_seed":false,"campfire_upgraded":6,"win_rate":0,"timestamp":1541384247,"path_taken":["M","M","?","?","$","R","E","M","T","R","?","M","R","?","R","BOSS","M","?","?","M","$","E","R","M","T","?","R","M","?","?","R","BOSS","M","?","?","M","?","E","M","?","T","E","?","M","R","$","R","BOSS","BOSS"],"build_version":"2018-11-01","purchased_purges":1,"victory":true,"max_hp_per_floor":[66,66,66,66,66,66,66,66,66,66,66,66,66,66,66,66,66,66,66,66,66,66,66,66,66,66,66,66,66,66,66,66,66,66,66,66,66,66,66,66,66,66,66,66,66,68,68,68,68,68,68],"card_choices":[{"not_picked":["Bane","PiercingWail"],"picked":"Backflip","floor":1.0},{"not_picked":["Reflex","Tactician","Prepared"],"picked":"SKIP","floor":2.0},{"not_picked":["Deflect","Flying Knee"],"picked":"Catalyst","floor":7.0},{"not_picked":["Prepared","Unload"],"picked":"Crippling Poison","floor":8.0},{"not_picked":["Prepared","Underhanded Strike"],"picked":"Dagger Spray","floor":12.0},{"not_picked":["A Thousand Cuts","Storm of Steel"],"picked":"Burst","floor":16},{"not_picked":["Quick Slash"],"picked":"SKIP","floor":18},{"not_picked":[],"picked":"Escape Plan","floor":21},{"not_picked":["Underhanded Strike"],"picked":"SKIP","floor":23},{"not_picked":["Underhanded Strike"],"picked":"SKIP","floor":23},{"not_picked":[],"picked":"Infinite Blades","floor":25},{"not_picked":[],"picked":"Backflip","floor":29},{"not_picked":[],"picked":"Backflip","floor":30},{"not_picked":[],"picked":"Blur","floor":32},{"not_picked":[],"picked":"Adrenaline","floor":33},{"not_picked":["Bane"],"picked":"SKIP","floor":35},{"not_picked":[],"picked":"Footwork","floor":37},{"not_picked":["Flechettes"],"picked":"SKIP","floor":38},{"not_picked":[],"picked":"Dodge and Roll+1","floor":40},{"not_picked":[],"picked":"Expertise+1","floor":41},{"not_picked":[],"picked":"Malaise","floor":44},{"not_picked":["Slice"],"picked":"Singing Bowl","floor":46}],"player_experience":1625449,"relics_obtained":[{"floor":3.0,"key":"Tiny Chest"},{"floor":7.0,"key":"Gremlin Horn"},{"floor":9.0,"key":"Ninja Scroll"},{"floor":11.0,"key":"Dodecahedron"},{"floor":14.0,"key":"Paper Crane"},{"floor":19,"key":"Dream Catcher"},{"floor":23,"key":"Boot"},{"floor":26,"key":"Kunai"},{"floor":37,"key":"Peace Pipe"},{"floor":40,"key":"Shuriken"},{"floor":42,"key":"Lantern"},{"floor":43,"key":"Vajra"},{"floor":44,"key":"Singing Bowl"}],"event_choices":[{"cards_removed":["Defend_G"],"damage_healed":0.0,"max_hp_gain":0.0,"max_hp_loss":0.0,"gold_gain":0.0,"event_name":"Golden Wing","player_choice":"Card Removal","floor":4.0,"gold_loss":0.0,"damage_taken":7.0},{"damage_healed":0,"gold_gain":50,"player_choice":"Stole From Cult","damage_taken":0,"max_hp_gain":0,"max_hp_loss":0,"event_name":"Nest","floor":20,"gold_loss":0},{"cards_removed":["Strike_G"],"damage_healed":0,"gold_gain":0,"player_choice":"Gave Gold","damage_taken":0,"max_hp_gain":0,"max_hp_loss":0,"event_name":"Beggar","floor":31,"gold_loss":75},{"damage_healed":0,"gold_gain":0,"player_choice":"Memory 1","damage_taken":0,"max_hp_gain":0,"max_hp_loss":0,"event_name":"SensoryStone","floor":36,"gold_loss":0},{"damage_healed":0,"gold_gain":0,"player_choice":"Fight","damage_taken":0,"max_hp_gain":0,"max_hp_loss":0,"event_name":"MindBloom","floor":37,"gold_loss":0},{"cards_removed":["Strike_G"],"damage_healed":0,"gold_gain":0,"player_choice":"Removed Attack","damage_taken":0,"max_hp_gain":0,"max_hp_loss":0,"event_name":"Falling","floor":39,"gold_loss":0}],"is_beta":true,"boss_relics":[{"not_picked":["Black Star","Sozu"],"picked":"Busted Crown"},{"not_picked":["Runic Dome","Tiny House"],"picked":"Fusion Hammer"}],"items_purged_floors":[5],"is_endless":false,"potions_floor_spawned":[1,2,7,8,12,16,18,21,23,25,29,30,33,35,37,38,40,41,44,46],"ascension_level":20}