{"gold_per_floor":[110,110,124,137,212,247,247,280,280,280,291,319,335,354,354,453,453,467,467,482,499,509,538,538,573,573,593,606,616,190,190,190,288,288,307,307,319,239,239,264,664,696,696,546,563,573,601,618,618,618],"floor_reached":50,"playtime":3432,"items_purged":["Strike_R","Strike_R"],"score":786,"play_id":"828f1a18-1d41-40c0-93ce-2d9d8056ce54","local_time":"20190126185449","is_ascension_mode":true,"campfire_choices":[{"data":"Spot Weakness","floor":7,"key":"SMITH"},{"floor":10,"key":"REST"},{"floor":15,"key":"REST"},{"data":"Demon Form","floor":24,"key":"SMITH"},{"data":"Fiend Fire","floor":32,"key":"SMITH"},{"floor":49,"key":"REST"}],"neow_cost":"PERCENT_DAMAGE","seed_source_timestamp":2083083046636306,"circlet_count":0,"master_deck":["Strike_R","Strike_R","Strike_R","Defend_R","Defend_R","Defend_R+1","Defend_R","Bash","Seeing Red","Spot Weakness+1","Shrug It Off","Heavy Blade","Feed","Offering+1","Twin Strike","Demon Form+1","Impervious","Seeing Red","Cleave+1","Fiend Fire+1","Fire Breathing+1","Whirlwind","Shrug It Off","Sentinel+1","Demon Form","Madness","Madness","Shrug It Off+1","Master of Strategy"],"relics":["Burning Blood","Charon\u0027s Ashes","Bottled Lightning","Mango","Gambling Chip","The Courier","Snecko Eye","Unceasing Top","War Paint","Gremlin Horn","Thread and Needle","Happy Flower","Busted Crown","Letter Opener","Old Coin","Juzu Bracelet","Mercury Hourglass","PreservedInsect"],"potions_floor_usage":[8,29,29,29,33,50],"damage_taken":[{"damage":3,"enemies":"2 Louse","floor":1,"turns":4},{"damage":1,"enemies":"Small Slimes","floor":3,"turns":4},{"damage":1,"enemies":"Cultist","floor":4,"turns":3},{"damage":32,"enemies":"3 Sentries","floor":6,"turns":6},{"damage":32,"enemies":"Lagavulin","floor":8,"turns":8},{"damage":0,"enemies":"Gremlin Gang","floor":11,"turns":4},{"damage":18,"enemies":"Gremlin Nob","floor":12,"turns":4},{"damage":6,"enemies":"Looter","floor":13,"turns":2},{"damage":14,"enemies":"Large Slime","floor":14,"turns":7},{"damage":68,"enemies":"Hexaghost","floor":16,"turns":10},{"damage":0,"enemies":"Chosen","floor":18,"turns":4},{"damage":25,"enemies":"Spheric Guardian","floor":20,"turns":5},{"damage":15,"enemies":"Snake Plant","floor":21,"turns":4},{"damage":39,"enemies":"Centurion and Healer","floor":22,"turns":5},{"damage":8,"enemies":"Slavers","floor":23,"turns":3},{"damage":24,"enemies":"Gremlin Leader","floor":25,"turns":3},{"damage":0,"enemies":"Snecko","floor":27,"turns":3},{"damage":21,"enemies":"Shelled Parasite and Fungi","floor":28,"turns":3},{"damage":6,"enemies":"Centurion and Healer","floor":29,"turns":1},{"damage":31,"enemies":"Champ","floor":33,"turns":7},{"damage":6,"enemies":"3 Darklings","floor":35,"turns":2},{"damage":20,"enemies":"3 Shapes","floor":37,"turns":2},{"damage":13,"enemies":"Reptomancer","floor":40,"turns":4},{"damage":11,"enemies":"Mind Bloom Boss Battle","floor":41,"turns":5},{"damage":6,"enemies":"Nemesis","floor":42,"turns":5},{"damage":29,"enemies":"Transient","floor":45,"turns":5},{"damage":6,"enemies":"4 Shapes","floor":46,"turns":1},{"damage":21,"enemies":"Giant Head","floor":47,"turns":7},{"damage":0,"enemies":"Maw","floor":48,"turns":5},{"damage":90,"enemies":"Time Eater","floor":50,"turns":6}],"seed_played":"2984286402545578536","potions_obtained":[{"floor":4,"key":"BloodPotion"},{"floor":11,"key":"Explosive Potion"},{"floor":14,"key":"Energy Potion"},{"floor":18,"key":"SteroidPotion"},{"floor":29,"key":"SkillPotion"},{"floor":40,"key":"Ancient Potion"},{"floor":41,"key":"Weak Potion"},{"floor":42,"key":"LiquidBronze"}],"is_trial":false,"path_per_floor":["M","$","M","M","?","E","R","E","T","R","M","E","M","M","R","B",null,"M","?","M","M","M","E","R","E","T","M","M","M","$","?","R","B",null,"M","?","M","$","?","E","?","E","T","$","M","M","E","M","R","B"],"character_chosen":"IRONCLAD","items_purchased":["Thread and Needle","Happy Flower","Master of Strategy"],"campfire_rested":3,"item_purchase_floors":[30,30,44],"current_hp_per_floor":[59,59,64,69,58,32,32,28,28,56,62,50,53,48,78,16,100,100,100,84,78,48,49,49,31,31,40,28,31,31,71,71,46,121,121,121,107,107,92,85,80,80,80,80,57,60,45,51,88,0],"gold":618,"neow_bonus":"ONE_RARE_RELIC","is_prod":false,"is_daily":false,"chose_seed":false,"campfire_upgraded":3,"win_rate":0,"timestamp":1548525289,"path_taken":["M","$","M","M","?","E","R","E","T","R","M","E","M","M","R","BOSS","M","?","M","M","M","E","R","E","T","M","?","?","$","?","R","BOSS","M","?","M","$","?","E","?","E","T","$","M","M","E","M","R","BOSS"],"build_version":"2019-01-23","purchased_purges":2,"victory":false,"max_hp_per_floor":[80,80,80,80,80,80,80,94,94,94,94,94,97,100,100,100,100,100,100,103,106,109,112,112,112,112,115,118,121,121,121,121,121,121,121,121,121,121,121,121,121,121,121,121,121,124,124,124,124,124],"card_choices":[{"not_picked":["Havoc","Shrug It Off"],"picked":"Seeing Red","floor":1},{"not_picked":["Feel No Pain","Dual Wield"],"picked":"Spot Weakness","floor":3},{"not_picked":["Body Slam","Shockwave"],"picked":"Shrug It Off","floor":4},{"not_picked":["Wild Strike","Shockwave","Inflame"],"picked":"SKIP","floor":6},{"not_picked":["Flame Barrier","Spot Weakness"],"picked":"Heavy Blade","floor":8},{"not_picked":["Iron Wave","Sword Boomerang"],"picked":"Feed","floor":11},{"not_picked":["Heavy Blade","Bloodletting"],"picked":"Offering","floor":12},{"not_picked":["Cleave","Reckless Charge","Havoc"],"picked":"SKIP","floor":13},{"not_picked":["Searing Blow","Clothesline"],"picked":"Twin Strike","floor":14},{"not_picked":["Barricade","Exhume"],"picked":"Demon Form","floor":16},{"not_picked":["Iron Wave","Disarm","Flex"],"picked":"SKIP","floor":18},{"not_picked":["Perfected Strike","Dual Wield"],"picked":"Seeing Red","floor":20},{"not_picked":["Clash","Perfected Strike+1"],"picked":"Cleave+1","floor":21},{"not_picked":["Sword Boomerang+1","Anger"],"picked":"Fiend Fire","floor":22},{"not_picked":["Pummel","Battle Trance+1"],"picked":"Fire Breathing+1","floor":23},{"not_picked":["Thunderclap","Uppercut"],"picked":"Pommel Strike+1","floor":25},{"not_picked":["Anger","Warcry+1"],"picked":"Whirlwind","floor":27},{"not_picked":["Cleave","Infernal Blade"],"picked":"Shrug It Off","floor":28},{"not_picked":["Rampage","Inflame"],"picked":"Sentinel+1","floor":29},{"not_picked":["Brutality","Berserk"],"picked":"Demon Form","floor":33},{"not_picked":["Combust+1"],"picked":"SKIP","floor":35},{"not_picked":["Sword Boomerang+1"],"picked":"SKIP","floor":37},{"not_picked":[],"picked":"Shrug It Off+1","floor":40},{"not_picked":["Battle Trance+1"],"picked":"SKIP","floor":42},{"not_picked":["Flex+1"],"picked":"SKIP","floor":45},{"not_picked":["Spot Weakness"],"picked":"SKIP","floor":46},{"not_picked":["Thunderclap+1"],"picked":"SKIP","floor":47},{"not_picked":["Fire Breathing+1"],"picked":"SKIP","floor":48}],"player_experience":252997,"relics_obtained":[{"floor":6,"key":"Bottled Lightning"},{"floor":8,"key":"Mango"},{"floor":9,"key":"Gambling Chip"},{"floor":12,"key":"The Courier"},{"floor":23,"key":"Unceasing Top"},{"floor":25,"key":"War Paint"},{"floor":26,"key":"Gremlin Horn"},{"floor":40,"key":"Letter Opener"},{"floor":41,"key":"Old Coin"},{"floor":42,"key":"Juzu Bracelet"},{"floor":43,"key":"Mercury Hourglass"},{"floor":47,"key":"PreservedInsect"}],"event_choices":[{"damage_healed":0,"gold_gain":75,"player_choice":"Gather Gold","damage_taken":11,"max_hp_gain":0,"max_hp_loss":0,"event_name":"World of Goop","floor":5,"gold_loss":0},{"damage_healed":0,"gold_gain":0,"player_choice":"1 cards matched","damage_taken":0,"max_hp_gain":0,"max_hp_loss":0,"event_name":"Match and Keep!","floor":19,"gold_loss":0,"cards_obtained":["Impervious"]},{"damage_healed":40,"gold_gain":0,"player_choice":"Heal","damage_taken":0,"max_hp_gain":0,"max_hp_loss":0,"event_name":"The Library","floor":31,"gold_loss":0},{"cards_removed":["Pommel Strike"],"damage_healed":0,"gold_gain":0,"player_choice":"Removed Attack","damage_taken":0,"max_hp_gain":0,"max_hp_loss":0,"event_name":"Falling","floor":36,"gold_loss":0},{"damage_healed":0,"gold_gain":0,"player_choice":"Embrace Madness","damage_taken":15,"max_hp_gain":0,"max_hp_loss":0,"event_name":"Winding Halls","floor":39,"gold_loss":0,"cards_obtained":["Madness","Madness"]},{"damage_healed":0,"gold_gain":0,"player_choice":"Fight","damage_taken":0,"max_hp_gain":0,"max_hp_loss":0,"event_name":"MindBloom","floor":41,"gold_loss":0}],"is_beta":false,"boss_relics":[{"not_picked":["Black Star","Tiny House"],"picked":"Snecko Eye"},{"not_picked":["Sozu","White Beast Statue"],"picked":"Busted Crown"}],"items_purged_floors":[30,38],"is_endless":false,"potions_floor_spawned":[4,11,14,18,23,25,29,40,41,42,46],"killed_by":"Time Eater","ascension_level":2}