{"gold_per_floor":[113,125,8,20,37,37,67,86,165,240,240,260,270,445,445,445],"floor_reached":16,"playtime":289,"items_purged":[],"score":161,"play_id":"59337a93-d2af-4fd9-8268-a2c67fc2fc18","local_time":"20181222170404","is_ascension_mode":true,"campfire_choices":[{"data":"White Noise","floor":6,"key":"SMITH"},{"floor":11,"key":"REST"},{"floor":15,"key":"DIG"}],"neow_cost":"NONE","seed_source_timestamp":174644288131921,"circlet_count":0,"master_deck":["AscendersBane","Strike_B","Strike_B","Strike_B","Strike_B","Defend_B","Defend_B","Defend_B","Defend_B","Zap","Dualcast","Ball Lightning","Sweeping Beam","White Noise+1","Loop","Compile Driver","Stack","Steam","Ball Lightning","Leap","Undo","Doubt"],"relics":["Cracked Core","NeowsBlessing","Shovel","Tiny Chest","Shuriken"],"potions_floor_usage":[16],"damage_taken":[{"damage":0,"enemies":"Cultist","floor":1,"turns":1},{"damage":0,"enemies":"Small Slimes","floor":2,"turns":1},{"damage":0,"enemies":"2 Louse","floor":4,"turns":1},{"damage":28,"enemies":"Large Slime","floor":5,"turns":4},{"damage":28,"enemies":"Gremlin Nob","floor":7,"turns":4},{"damage":0,"enemies":"Exordium Wildlife","floor":8,"turns":3},{"damage":0,"enemies":"3 Louse","floor":12,"turns":2},{"damage":4,"enemies":"Blue Slaver","floor":13,"turns":2},{"damage":30,"enemies":"The Guardian","floor":16,"turns":2}],"seed_played":"8713732795050166814","potions_obtained":[{"floor":4,"key":"Regen Potion"},{"floor":5,"key":"Strength Potion"}],"is_trial":false,"path_per_floor":["M","M","$","M","M","R","E","M","T","?","R","M","M","?","R","B"],"character_chosen":"DEFECT","items_purchased":["White Noise","Loop"],"campfire_rested":1,"item_purchase_floors":[3,3],"current_hp_per_floor":[68,68,68,68,40,40,12,12,12,1,23,23,19,19,19,0],"gold":445,"neow_bonus":"THREE_ENEMY_KILL","is_prod":false,"is_daily":false,"chose_seed":false,"campfire_upgraded":1,"win_rate":0,"timestamp":1545516244,"path_taken":["M","?","$","M","?","R","E","M","T","?","R","M","M","?","R","BOSS"],"build_version":"2018-12-20","purchased_purges":0,"victory":false,"max_hp_per_floor":[75,75,75,75,75,75,75,75,75,75,75,75,75,75,75,75],"card_choices":[{"not_picked":["Gash","Coolheaded"],"picked":"Ball Lightning","floor":1},{"not_picked":["Leap","Recycle"],"picked":"Sweeping Beam","floor":2},{"not_picked":["Go for the Eyes","Rebound"],"picked":"Compile Driver","floor":4},{"not_picked":["Tempest","Rebound"],"picked":"Stack","floor":5},{"not_picked":["Hologram","Streamline"],"picked":"Steam","floor":7},{"not_picked":["Beam Cell","Hologram"],"picked":"Ball Lightning","floor":8},{"not_picked":["Go for the Eyes","Rebound"],"picked":"Leap","floor":12},{"not_picked":["Steam","Darkness"],"picked":"Undo","floor":13}],"player_experience":391221,"relics_obtained":[{"floor":7,"key":"Shovel"},{"floor":9,"key":"Tiny Chest"},{"floor":15,"key":"Shuriken"}],"event_choices":[{"damage_healed":0,"gold_gain":75,"player_choice":"Gather Gold","damage_taken":11,"max_hp_gain":0,"max_hp_loss":0,"event_name":"World of Goop","floor":10,"gold_loss":0},{"damage_healed":0,"gold_gain":175,"player_choice":"AGREE","damage_taken":0,"max_hp_gain":0,"max_hp_loss":0,"event_name":"Liars Game","floor":14,"gold_loss":0,"cards_obtained":["Doubt"]}],"is_beta":false,"boss_relics":[],"items_purged_floors":[],"is_endless":false,"potions_floor_spawned":[4,5],"killed_by":"The Guardian","ascension_level":11}