{"gold_per_floor":[111,111,111,1,76,76,111,111,111,130,130,165,25,42,42,42],"floor_reached":16,"playtime":639,"items_purged":[],"score":262,"play_id":"280299e1-482e-4098-8c55-8ef969dfe5be","local_time":"20181104202113","is_ascension_mode":true,"campfire_choices":[{"floor":6,"key":"REST"},{"floor":8,"key":"REST"},{"floor":11,"key":"REST"},{"data":"Backflip","floor":15,"key":"SMITH"}],"neow_cost":"NONE","seed_source_timestamp":269085271506500,"circlet_count":0,"master_deck":["AscendersBane","Defend_G","Defend_G","Defend_G","Defend_G","Defend_G","Strike_G","Strike_G+1","Strike_G","Strike_G","Survivor","Neutralize+1","Quick Slash","Dagger Throw","Underhanded Strike","Die Die Die","Backflip+1"],"relics":["Snecko Eye","Blood Vial","Dead Branch","Potion Belt"],"potions_floor_usage":[7,12,16],"damage_taken":[{"damage":0,"enemies":"Jaw Worm","floor":1,"turns":5},{"damage":37,"enemies":"Gremlin Nob","floor":7,"turns":5},{"damage":0,"enemies":"Small Slimes","floor":10,"turns":2},{"damage":0,"enemies":"3 Sentries","floor":12,"turns":6},{"damage":0,"enemies":"2 Louse","floor":14,"turns":2},{"damage":49,"enemies":"Hexaghost","floor":16,"turns":12}],"seed_played":"5000034730104967681","potions_obtained":[{"floor":7,"key":"AttackPotion"},{"floor":14,"key":"Block Potion"}],"is_trial":false,"path_per_floor":["M","?","?","$","?","R","E","R","T","M","R","E","$","M","R","B"],"character_chosen":"THE_SILENT","items_purchased":["SteroidPotion","Dagger Throw","Die Die Die","Backflip"],"campfire_rested":3,"item_purchase_floors":[4,4,13,13],"current_hp_per_floor":[59,39,32,32,21,40,3,22,22,24,43,45,45,47,47,0],"gold":42,"neow_bonus":"BOSS_RELIC","is_prod":false,"is_daily":false,"chose_seed":false,"campfire_upgraded":1,"win_rate":0,"timestamp":1541380873,"path_taken":["M","?","?","$","?","R","E","R","T","M","R","E","$","M","R","BOSS"],"build_version":"2018-11-01","purchased_purges":0,"victory":false,"max_hp_per_floor":[66,66,66,66,66,66,66,66,66,66,66,66,66,66,66,66],"card_choices":[{"not_picked":["Deflect","Prepared"],"picked":"Quick Slash","floor":1},{"not_picked":["Finisher","Dagger Spray"],"picked":"Underhanded Strike","floor":7},{"not_picked":["Outmaneuver","Quick Slash","Slice"],"picked":"SKIP","floor":10},{"not_picked":["Quick Slash","Slice","Escape Plan"],"picked":"SKIP","floor":12},{"not_picked":["Quick Slash","Underhanded Strike","Outmaneuver"],"picked":"SKIP","floor":14}],"player_experience":1624810,"relics_obtained":[{"floor":7,"key":"Blood Vial"},{"floor":9,"key":"Dead Branch"},{"floor":12,"key":"Potion Belt"}],"event_choices":[{"damage_healed":0,"gold_gain":0,"player_choice":"Entered Light","damage_taken":20,"max_hp_gain":0,"max_hp_loss":0,"event_name":"Shining Light","floor":2,"gold_loss":0,"cards_upgraded":["Neutralize","Strike_G"]},{"cards_removed":["Strike_G"],"damage_healed":0,"gold_gain":0,"player_choice":"Card Removal","damage_taken":7,"max_hp_gain":0,"max_hp_loss":0,"event_name":"Golden Wing","floor":3,"gold_loss":0},{"damage_healed":0,"gold_gain":75,"player_choice":"Gather Gold","damage_taken":11,"max_hp_gain":0,"max_hp_loss":0,"event_name":"World of Goop","floor":5,"gold_loss":0}],"is_beta":true,"boss_relics":[],"items_purged_floors":[],"is_endless":false,"potions_floor_spawned":[7,14],"killed_by":"Hexaghost","ascension_level":20}