{"gold_per_floor":[113,59,79,79,79,79,79,79,79,95,114,114,114,147,147,273,273,273,273,198,198,198,198,198,198,198,198,198,52,52,52,52,52,52,52,52,0,0,0,0,0,0,0,0,0,0,0,0,0,0],"floor_reached":51,"playtime":2694,"items_purged":["Ball Lightning","Zap"],"score":693,"play_id":"47238889-ca21-4fac-a0dd-4e6d56caa62d","local_time":"20190127024700","is_ascension_mode":false,"campfire_choices":[{"data":"Cold Snap","floor":6,"key":"SMITH"},{"data":"Defend_B","floor":13,"key":"SMITH"},{"floor":15,"key":"REST"},{"data":"Barrage","floor":23,"key":"SMITH"},{"data":"Barrage","floor":25,"key":"SMITH"},{"floor":28,"key":"REST"},{"data":"Leap","floor":32,"key":"SMITH"},{"data":"Consume","floor":40,"key":"SMITH"},{"floor":44,"key":"REST"},{"data":"Cold Snap","floor":47,"key":"SMITH"},{"data":"Seek","floor":49,"key":"SMITH"}],"neow_cost":"TEN_PERCENT_HP_LOSS","seed_source_timestamp":35102342774241,"circlet_count":0,"master_deck":["Strike_B+1","Strike_B+1","Defend_B","Defend_B","Defend_B","Defend_B+1","Dualcast","Self Repair+1","Cold Snap+1","Coolheaded","Swift Strike","Capacitor+1","Coolheaded","Buffer+1","Seek+1","Leap+1","Barrage+1","Loop+1","Cold Snap+1","Barrage+1","Leap+1","Machine Learning+1","Consume+1","Cold Snap+1","Defragment+1","BootSequence"],"relics":["Cracked Core","Bloody Idol","Frozen Egg 2","Whetstone","Ectoplasm","Shuriken","Happy Flower","Nunchaku","Cables","Orrery","Red Mask","Regal Pillow","Omamori","Mummified Hand"],"potions_floor_usage":[16,21,27,36,42,45,48],"damage_taken":[{"damage":6,"enemies":"Jaw Worm","floor":1,"turns":5},{"damage":0,"enemies":"2 Louse","floor":3,"turns":2},{"damage":5,"enemies":"Small Slimes","floor":10,"turns":3},{"damage":11,"enemies":"2 Fungi Beasts","floor":11,"turns":4},{"damage":20,"enemies":"Gremlin Nob","floor":14,"turns":5},{"damage":54,"enemies":"Hexaghost","floor":16,"turns":20},{"damage":0,"enemies":"Spheric Guardian","floor":18,"turns":6},{"damage":1,"enemies":"Chosen","floor":19,"turns":10},{"damage":11,"enemies":"3 Cultists","floor":21,"turns":8},{"damage":4,"enemies":"Centurion and Healer","floor":22,"turns":10},{"damage":11,"enemies":"Book of Stabbing","floor":24,"turns":8},{"damage":2,"enemies":"Colosseum Slavers","floor":27,"turns":5},{"damage":34,"enemies":"Colosseum Nobs","floor":27,"turns":5},{"damage":9,"enemies":"Shelled Parasite and Fungi","floor":31,"turns":7},{"damage":1,"enemies":"Champ","floor":33,"turns":13},{"damage":14,"enemies":"3 Shapes","floor":35,"turns":6},{"damage":15,"enemies":"3 Darklings","floor":36,"turns":8},{"damage":55,"enemies":"Reptomancer","floor":41,"turns":6},{"damage":0,"enemies":"Sphere and 2 Shapes","floor":42,"turns":4},{"damage":5,"enemies":"4 Shapes","floor":45,"turns":8},{"damage":0,"enemies":"Writhing Mass","floor":48,"turns":7},{"damage":33,"enemies":"Awakened One","floor":50,"turns":18}],"seed_played":"-5079863068480905317","potions_obtained":[{"floor":11,"key":"Fire Potion"},{"floor":12,"key":"Energy Potion"},{"floor":12,"key":"SteroidPotion"},{"floor":16,"key":"SteroidPotion"},{"floor":19,"key":"EssenceOfSteel"},{"floor":22,"key":"SkillPotion"},{"floor":33,"key":"Block Potion"},{"floor":36,"key":"Fire Potion"},{"floor":42,"key":"AttackPotion"},{"floor":45,"key":"SteroidPotion"}],"is_trial":false,"path_per_floor":["M","$","M","?","?","R","?","?","T","M","M","?","R","E","R","B",null,"M","M","$","M","M","R","E","R","T","?","R","$","?","M","R","B",null,"M","M","?","T","$","R","E","M","T","R","M","?","R","M","R","B",null],"character_chosen":"DEFECT","items_purchased":["Coolheaded","Leap"],"campfire_rested":3,"item_purchase_floors":[2,29],"current_hp_per_floor":[68,68,68,51,51,51,56,56,56,61,60,60,60,50,71,27,73,73,73,73,72,73,73,72,72,72,49,70,70,70,71,71,70,73,69,64,64,64,64,64,19,29,29,65,70,70,70,73,73,50],"gold":0,"neow_bonus":"TRANSFORM_TWO_CARDS","is_prod":false,"is_daily":false,"chose_seed":false,"campfire_upgraded":8,"win_rate":0.0,"timestamp":1548575220,"path_taken":["M","$","M","?","?","R","?","?","T","M","?","?","R","E","R","BOSS","M","M","$","M","M","R","E","R","T","?","R","$","?","M","R","BOSS","M","M","?","?","?","R","E","M","T","R","?","?","R","M","R","BOSS"],"build_version":"2019-01-23","purchased_purges":2,"victory":true,"max_hp_per_floor":[68,68,68,68,68,68,73,73,73,73,73,73,73,73,73,73,73,73,73,73,73,73,73,73,73,73,73,73,73,73,73,73,73,73,73,73,73,73,73,73,73,73,73,73,73,73,73,73,73,73],"card_choices":[{"not_picked":["Barrage","Compile Driver"],"picked":"Cold Snap","floor":1},{"not_picked":["Streamline","BootSequence","Steam"],"picked":"SKIP","floor":3},{"not_picked":["Beam Cell","Rip and Tear"],"picked":"Capacitor+1","floor":10},{"not_picked":["Ball Lightning","Streamline"],"picked":"Coolheaded","floor":11},{"not_picked":["Sweeping Beam","Beam Cell"],"picked":"Buffer+1","floor":14},{"not_picked":["Multi-Cast","Rainbow"],"picked":"Seek","floor":16},{"not_picked":["Ball Lightning","Go for the Eyes+1"],"picked":"Leap+1","floor":18},{"not_picked":["Leap","Beam Cell"],"picked":"Barrage","floor":19},{"not_picked":["Go for the Eyes","Rip and Tear"],"picked":"Loop+1","floor":21},{"not_picked":["Scrape","Sweeping Beam"],"picked":"Cold Snap","floor":22},{"not_picked":["Go for the Eyes","Creative AI+1"],"picked":"Barrage","floor":24},{"not_picked":["Steam","Stack+1","Steam Power+1"],"picked":"SKIP","floor":31},{"not_picked":["Thunder Strike","Reboot"],"picked":"Machine Learning+1","floor":33},{"not_picked":["Cold Snap","Double Energy"],"picked":"Consume","floor":34},{"not_picked":["Storm+1","Turbo"],"picked":"Cold Snap+1","floor":34},{"not_picked":["Barrage+1","Auto Shields"],"picked":"Defragment+1","floor":35},{"not_picked":["Rebound+1","Turbo","Loop+1"],"picked":"SKIP","floor":36},{"not_picked":["Streamline","Sunder","Beam Cell+1"],"picked":"SKIP","floor":41},{"not_picked":["Go for the Eyes","Turbo+1","Redo+1"],"picked":"SKIP","floor":42},{"not_picked":["Rebound+1","Genetic Algorithm+1","Hologram+1"],"picked":"SKIP","floor":45},{"not_picked":["Steam","Reinforced Body+1","Steam Power"],"picked":"SKIP","floor":48}],"player_experience":117306,"relics_obtained":[{"floor":9,"key":"Frozen Egg 2"},{"floor":14,"key":"Whetstone"},{"floor":24,"key":"Shuriken"},{"floor":26,"key":"Happy Flower"},{"floor":27,"key":"Nunchaku"},{"floor":27,"key":"Cables"},{"floor":38,"key":"Regal Pillow"},{"floor":41,"key":"Omamori"},{"floor":43,"key":"Mummified Hand"}],"event_choices":[{"damage_healed":0,"gold_gain":0,"player_choice":"Take Damage","damage_taken":17,"relics_obtained":["Golden Idol"],"max_hp_gain":0,"max_hp_loss":0,"event_name":"Golden Idol","floor":4,"gold_loss":0},{"damage_healed":0,"gold_gain":0,"player_choice":"Grow","damage_taken":0,"max_hp_gain":0,"max_hp_loss":0,"event_name":"Living Wall","floor":5,"gold_loss":0,"cards_upgraded":["Self Repair"]},{"damage_healed":0,"gold_gain":0,"player_choice":"Donut","damage_taken":0,"max_hp_gain":5,"max_hp_loss":0,"event_name":"Big Fish","floor":7,"gold_loss":0},{"damage_healed":0,"gold_gain":0,"player_choice":"2 cards matched","damage_taken":0,"max_hp_gain":0,"max_hp_loss":0,"event_name":"Match and Keep!","floor":8,"gold_loss":0,"cards_obtained":["Swift Strike","Ball Lightning"]},{"damage_healed":0,"gold_gain":0,"player_choice":"Got Potions","damage_taken":0,"max_hp_gain":0,"max_hp_loss":0,"event_name":"Lab","floor":12,"gold_loss":0},{"damage_healed":0,"gold_gain":0,"player_choice":"Fight","damage_taken":0,"max_hp_gain":0,"max_hp_loss":0,"event_name":"Colosseum","floor":27,"gold_loss":0},{"damage_healed":0,"gold_gain":0,"player_choice":"Fought Nobs","damage_taken":0,"max_hp_gain":0,"max_hp_loss":0,"event_name":"Colosseum","floor":27,"gold_loss":0},{"damage_healed":0,"gold_gain":0,"player_choice":"Gave Idol","damage_taken":0,"relics_obtained":["Bloody Idol"],"max_hp_gain":0,"max_hp_loss":0,"event_name":"Forgotten Altar","floor":30,"relics_lost":["Golden Idol"],"gold_loss":0},{"damage_healed":0,"gold_gain":0,"player_choice":"Paid","damage_taken":0,"relics_obtained":["Red Mask"],"max_hp_gain":0,"max_hp_loss":0,"event_name":"Tomb of Lord Red Mask","floor":37,"gold_loss":52},{"damage_healed":0,"gold_gain":0,"cards_transformed":["Sweeping Beam"],"player_choice":"Transformed","damage_taken":0,"max_hp_gain":0,"max_hp_loss":0,"event_name":"Transmorgrifier","floor":46,"gold_loss":0,"cards_obtained":["BootSequence"]}],"is_beta":false,"boss_relics":[{"not_picked":["Eternal Feather","Nuclear Battery"],"picked":"Ectoplasm"},{"not_picked":["Runic Dome","Calling Bell"],"picked":"Orrery"}],"items_purged_floors":[20,29],"is_endless":false,"potions_floor_spawned":[11,16,19,22,27,33,35,36,42,45],"ascension_level":0}