{"gold_per_floor":[119,138,149,179,199,224,224,251,251,265,77,96,96,114,114,210,210,230,307,406,425,440,440,440],"floor_reached":24,"playtime":1722,"items_purged":["Strike_R"],"score":273,"play_id":"162565e4-e1d6-491e-bd94-4fb3b22daaf7","local_time":"20190207001235","is_ascension_mode":true,"campfire_choices":[{"floor":7.0,"key":"REST"},{"floor":15.0,"key":"REST"},{"floor":23,"key":"REST"}],"neow_cost":"NONE","seed_source_timestamp":0,"circlet_count":0,"master_deck":["Strike_R","Strike_R","Strike_R","Strike_R","Defend_R","Defend_R","Defend_R","Defend_R","Bash","Seeing Red","Feel No Pain","Spot Weakness","Cleave","Anger","Pummel","Uppercut","Shockwave","Armaments","Blood for Blood","Sentinel","Infernal Blade","Limit Break","Battle Trance","True Grit+1","Dropkick"],"special_seed":0,"relics":["Burning Blood","Tiny Chest","Unceasing Top","Du-Vu Doll","Champion Belt","Mark of Pain","The Courier"],"potions_floor_usage":[],"damage_taken":[{"damage":1.0,"enemies":"Cultist","floor":1.0,"turns":4.0},{"damage":3.0,"enemies":"2 Louse","floor":2.0,"turns":4.0},{"damage":2.0,"enemies":"Jaw Worm","floor":3.0,"turns":3.0},{"damage":18.0,"enemies":"Large Slime","floor":5.0,"turns":4.0},{"damage":40.0,"enemies":"3 Sentries","floor":6.0,"turns":6.0},{"damage":34.0,"enemies":"Gremlin Nob","floor":8.0,"turns":4.0},{"damage":7.0,"enemies":"Gremlin Gang","floor":10.0,"turns":2.0},{"damage":5.0,"enemies":"Exordium Thugs","floor":12.0,"turns":4.0},{"damage":6.0,"enemies":"Looter","floor":14.0,"turns":2.0},{"damage":18.0,"enemies":"Hexaghost","floor":16.0,"turns":9.0},{"damage":31,"enemies":"2 Thieves","floor":18,"turns":4},{"damage":21,"enemies":"Shell Parasite","floor":21,"turns":6},{"damage":13,"enemies":"Shelled Parasite and Fungi","floor":22,"turns":6},{"damage":52,"enemies":"Gremlin Leader","floor":24,"turns":3}],"seed_played":"2184696466137886516","potions_obtained":[{"floor":1.0,"key":"Dexterity Potion"},{"floor":5.0,"key":"EntropicBrew"},{"floor":6.0,"key":"Poison Potion"},{"floor":12.0,"key":"Poison Potion"},{"floor":22,"key":"Block Potion"}],"is_trial":false,"path_per_floor":["M","M","M","?","M","E","R","E","T","M","$","M","$","M","R","B",null,"M","T","?","M","M","R","E"],"character_chosen":"IRONCLAD","items_purchased":["Armaments","Blood for Blood"],"campfire_rested":3,"item_purchase_floors":[11,11],"current_hp_per_floor":[77,80,80,80,68,34,58,30,30,29,29,30,30,30,54,42,71,46,46,46,31,24,48,0],"gold":440,"neow_bonus":"THREE_CARDS","is_prod":false,"is_daily":false,"chose_seed":false,"campfire_upgraded":0,"win_rate":0,"timestamp":1549527155,"path_taken":["M","?","M","?","M","E","R","E","T","M","$","M","?","M","R","BOSS","M","?","?","M","M","R","E"],"build_version":"2019-01-23","purchased_purges":1,"victory":false,"max_hp_per_floor":[80,80,80,80,80,80,80,80,80,80,80,80,80,80,80,80,80,80,80,80,80,80,80,80],"card_choices":[{"not_picked":["Heavy Blade","Entrench"],"picked":"Seeing Red","floor":0.0},{"not_picked":["True Grit","Body Slam"],"picked":"Feel No Pain","floor":1.0},{"not_picked":["Havoc","Body Slam"],"picked":"Spot Weakness","floor":2.0},{"not_picked":["Clash","Body Slam"],"picked":"Cleave","floor":3.0},{"not_picked":["Pummel","Warcry"],"picked":"Anger","floor":5.0},{"not_picked":["Rupture","Power Through"],"picked":"Pummel","floor":6.0},{"not_picked":["Seeing Red","Havoc"],"picked":"Uppercut","floor":8.0},{"not_picked":["Body Slam","Headbutt"],"picked":"Shockwave","floor":10.0},{"not_picked":["Warcry","Dropkick"],"picked":"Sentinel","floor":12.0},{"not_picked":["Perfected Strike","Cleave"],"picked":"Infernal Blade","floor":14.0},{"not_picked":["Brutality","Double Tap"],"picked":"Limit Break","floor":16.0},{"not_picked":["Flex","Anger+1"],"picked":"Battle Trance","floor":18},{"not_picked":["Heavy Blade","Flex"],"picked":"True Grit+1","floor":21},{"not_picked":["Clash","Barricade"],"picked":"Dropkick","floor":22}],"player_experience":467387,"relics_obtained":[{"floor":6.0,"key":"Unceasing Top"},{"floor":8.0,"key":"Du-Vu Doll"},{"floor":9.0,"key":"Champion Belt"},{"floor":19,"key":"The Courier"}],"event_choices":[{"damage_healed":0.0,"max_hp_gain":0.0,"max_hp_loss":0.0,"gold_gain":0.0,"event_name":"WeMeetAgain","player_choice":"Gave Potion","floor":4.0,"gold_loss":0.0,"damage_taken":0.0,"relics_obtained":["Tiny Chest"]},{"damage_healed":0,"gold_gain":99,"player_choice":"Stole From Cult","damage_taken":0,"max_hp_gain":0,"max_hp_loss":0,"event_name":"Nest","floor":20,"gold_loss":0}],"is_beta":false,"boss_relics":[{"not_picked":["Ectoplasm","Orrery"],"picked":"Mark of Pain"}],"items_purged_floors":[11],"is_endless":false,"potions_floor_spawned":[1,5,6,12,22],"killed_by":"Gremlin Leader","ascension_level":6}