{"gold_per_floor":[112,124,124,14,31,61,61,136,160,190,190,223,252,11,11,106,106,119,119],"floor_reached":19,"playtime":1135,"items_purged":[],"score":213,"play_id":"4daf1184-b504-4814-a793-6541b53130b4","local_time":"20190123200031","is_ascension_mode":true,"campfire_choices":[{"data":"Sunder","floor":7,"key":"SMITH"},{"data":"Defragment","floor":11,"key":"SMITH"},{"floor":15,"key":"REST"}],"neow_cost":"NONE","seed_source_timestamp":502425585869489,"circlet_count":0,"master_deck":["Strike_B","Strike_B","Strike_B","Strike_B","Defend_B","Defend_B","Defend_B","Defend_B","Zap","Dualcast","Reboot","Go for the Eyes","White Noise","Sunder+1","Capacitor","Cold Snap","Ball Lightning","Defragment+1","Compile Driver","Ball Lightning","Creative AI","Leap+1"],"relics":["Cracked Core","Centennial Puzzle","Boot","Cables","MawBank","Kunai","Sozu"],"potions_floor_usage":[6,10,16],"damage_taken":[{"damage":3,"enemies":"Jaw Worm","floor":1,"turns":4},{"damage":4,"enemies":"Cultist","floor":2,"turns":3},{"damage":2,"enemies":"2 Louse","floor":5,"turns":2},{"damage":21,"enemies":"Lagavulin","floor":6,"turns":6},{"damage":28,"enemies":"3 Sentries","floor":10,"turns":6},{"damage":16,"enemies":"Gremlin Nob","floor":12,"turns":3},{"damage":0,"enemies":"2 Fungi Beasts","floor":13,"turns":2},{"damage":21,"enemies":"The Guardian","floor":16,"turns":8},{"damage":34,"enemies":"2 Thieves","floor":18,"turns":3},{"damage":45,"enemies":"Masked Bandits","floor":19,"turns":3}],"seed_played":"-9223143352635138036","potions_obtained":[{"floor":2,"key":"FearPotion"},{"floor":5,"key":"Regen Potion"},{"floor":13,"key":"Fire Potion"}],"is_trial":false,"path_per_floor":["M","M","?","$","M","E","R","?","T","E","R","E","M","$","R","B",null,"M","?"],"character_chosen":"DEFECT","items_purchased":["Sunder","Capacitor","Kunai"],"campfire_rested":1,"item_purchase_floors":[4,4,14],"current_hp_per_floor":[72,68,75,75,73,52,52,41,41,28,28,12,12,12,34,13,75,41,0],"gold":119,"neow_bonus":"ONE_RANDOM_RARE_CARD","is_prod":false,"is_daily":false,"chose_seed":false,"campfire_upgraded":2,"win_rate":0,"timestamp":1548302431,"path_taken":["M","M","?","?","M","E","R","?","T","E","R","E","M","$","R","BOSS","M","?"],"build_version":"2019-01-23","purchased_purges":0,"victory":false,"max_hp_per_floor":[75,75,75,75,75,75,75,75,75,75,75,75,75,75,75,75,75,75,75],"card_choices":[{"not_picked":["Turbo","Steam"],"picked":"Go for the Eyes","floor":1},{"not_picked":["Darkness","Sweeping Beam"],"picked":"White Noise","floor":2},{"not_picked":["Hologram","Conserve Battery"],"picked":"Cold Snap","floor":5},{"not_picked":["White Noise","Sweeping Beam"],"picked":"Ball Lightning","floor":6},{"not_picked":["Streamline","Redo"],"picked":"Defragment","floor":10},{"not_picked":["Streamline","Steam Power"],"picked":"Compile Driver","floor":12},{"not_picked":["Stack","Compile Driver"],"picked":"Ball Lightning","floor":13},{"not_picked":["Reboot","Hyperbeam"],"picked":"Creative AI","floor":16},{"not_picked":["Go for the Eyes","Conserve Battery"],"picked":"Leap+1","floor":18}],"player_experience":336146,"relics_obtained":[{"floor":6,"key":"Centennial Puzzle"},{"floor":9,"key":"Boot"},{"floor":10,"key":"Cables"},{"floor":12,"key":"MawBank"}],"event_choices":[{"damage_healed":7,"gold_gain":0,"player_choice":"Full Heal","damage_taken":0,"max_hp_gain":0,"max_hp_loss":0,"event_name":"Wheel of Change","floor":3,"gold_loss":0},{"damage_healed":0,"gold_gain":75,"player_choice":"Gather Gold","damage_taken":11,"max_hp_gain":0,"max_hp_loss":0,"event_name":"World of Goop","floor":8,"gold_loss":0},{"damage_healed":0,"gold_gain":0,"player_choice":"Fought Bandits","damage_taken":0,"max_hp_gain":0,"max_hp_loss":0,"event_name":"Masked Bandits","floor":19,"gold_loss":0}],"is_beta":false,"boss_relics":[{"not_picked":["Ectoplasm","Snecko Eye"],"picked":"Sozu"}],"items_purged_floors":[],"is_endless":false,"potions_floor_spawned":[2,5,13],"killed_by":"Masked Bandits","ascension_level":3}