{"gold_per_floor":[119,137,153,168,168,193,193,212,242,242,258,258,258],"floor_reached":13,"playtime":509,"items_purged":[],"score":100,"play_id":"9d6ff9c4-8053-446c-98c9-a7f0e4380e51","local_time":"20190123221651","is_ascension_mode":true,"campfire_choices":[{"data":"Sunder","floor":7,"key":"SMITH"}],"neow_cost":"NONE","seed_source_timestamp":1869593737992907,"circlet_count":0,"master_deck":["Strike_B","Strike_B+1","Defend_B","Defend_B+1","Defend_B","Defend_B","Zap","Dualcast","Stack","Conserve Battery","Blizzard","Coolheaded","Sunder+1","Consume","Loop","FTL"],"relics":["Cracked Core","Girya","Tiny Chest"],"potions_floor_usage":[13,13],"damage_taken":[{"damage":2,"enemies":"Jaw Worm","floor":1,"turns":3},{"damage":0,"enemies":"Small Slimes","floor":2,"turns":3},{"damage":0,"enemies":"Cultist","floor":3,"turns":4},{"damage":28,"enemies":"Large Slime","floor":4,"turns":10},{"damage":11,"enemies":"3 Sentries","floor":6,"turns":9},{"damage":2,"enemies":"3 Louse","floor":8,"turns":2},{"damage":4,"enemies":"Red Slaver","floor":11,"turns":4},{"damage":22,"enemies":"Gremlin Gang","floor":13,"turns":2}],"seed_played":"2240802319456943946","potions_obtained":[{"floor":6,"key":"EssenceOfSteel"},{"floor":8,"key":"EssenceOfSteel"}],"is_trial":false,"path_per_floor":["M","M","M","M","?","E","R","M","T","?","M","?","M"],"character_chosen":"DEFECT","items_purchased":[],"campfire_rested":0,"item_purchase_floors":[],"current_hp_per_floor":[80,80,80,52,36,25,25,23,23,23,19,19,0],"gold":258,"neow_bonus":"TEN_PERCENT_HP_BONUS","is_prod":false,"is_daily":false,"chose_seed":false,"campfire_upgraded":1,"win_rate":0,"timestamp":1548278211,"path_taken":["M","M","M","M","?","E","R","M","T","?","M","?","M"],"build_version":"2019-01-23","purchased_purges":0,"victory":false,"max_hp_per_floor":[82,82,82,82,82,82,82,82,82,82,82,82,82],"card_choices":[{"not_picked":["Redo","Genetic Algorithm"],"picked":"Stack","floor":1},{"not_picked":["Chaos","Turbo"],"picked":"Conserve Battery","floor":2},{"not_picked":["Darkness","Redo"],"picked":"Blizzard","floor":3},{"not_picked":["Steam","Force Field"],"picked":"Coolheaded","floor":4},{"not_picked":["Redo","Barrage"],"picked":"Sunder","floor":6},{"not_picked":["Ball Lightning","Streamline"],"picked":"Consume","floor":8},{"not_picked":["Recycle","Stack"],"picked":"FTL","floor":11}],"player_experience":234077,"relics_obtained":[{"floor":6,"key":"Girya"},{"floor":9,"key":"Tiny Chest"}],"event_choices":[{"damage_healed":0,"gold_gain":0,"player_choice":"Entered Light","damage_taken":16,"max_hp_gain":0,"max_hp_loss":0,"event_name":"Shining Light","floor":5,"gold_loss":0,"cards_upgraded":["Strike_B","Defend_B"]},{"damage_healed":0,"gold_gain":0,"cards_transformed":["Strike_B"],"player_choice":"Change","damage_taken":0,"max_hp_gain":0,"max_hp_loss":0,"event_name":"Living Wall","floor":10,"gold_loss":0,"cards_obtained":["Loop"]},{"cards_removed":["Strike_B"],"damage_healed":0,"gold_gain":0,"player_choice":"Purged","damage_taken":0,"max_hp_gain":0,"max_hp_loss":0,"event_name":"Purifier","floor":12,"gold_loss":0}],"is_beta":false,"boss_relics":[],"items_purged_floors":[],"is_endless":false,"potions_floor_spawned":[6,8],"killed_by":"Gremlin Gang","ascension_level":3}