{"gold_per_floor":[111,186,361,378,395,395,412,437,437,9,23,49,14,29,29,134,134,150,118,135,135,47,76,76,102,128,2,31,49,49,80,80,184,184,195,81,81,5,5,34,51,51,51,151,151,151,177,194,194,194,194,194,23,53,53],"floor_reached":56,"playtime":6074,"items_purged":["Doubt","Strike_B"],"score":1417,"play_id":"7a356569-bdad-4fc0-b38e-af1f826593ea","local_time":"20190121235935","is_ascension_mode":true,"campfire_choices":[{"data":"Go for the Eyes","floor":6,"key":"SMITH"},{"data":"Zap","floor":15,"key":"SMITH"},{"data":"Dualcast","floor":24,"key":"SMITH"},{"floor":30,"key":"REST"},{"data":"Consume","floor":32,"key":"SMITH"},{"data":"Auto Shields","floor":42,"key":"SMITH"},{"floor":45,"key":"RECALL"},{"data":"Seek","floor":49,"key":"SMITH"},{"data":"Beam Cell","floor":52,"key":"SMITH"}],"neow_cost":"NONE","seed_source_timestamp":338999198820389,"circlet_count":0,"master_deck":["Strike_B","Strike_B","Strike_B","Defend_B","Defend_B","Defend_B","Defend_B+1","Zap+1","Dualcast+1","Go for the Eyes+1","Cold Snap","Ball Lightning","Auto Shields+1","Beam Cell+1","Electrodynamics","Leap","Genetic Algorithm","Cold Snap+1","Rainbow+1","Beam Cell+1","Self Repair+1","Steam","Defragment+1","Go for the Eyes+1","Doom and Gloom+1","Undo","Storm+1","Consume+1","Steam+1","Static Discharge+1","Core Surge+1","Sweeping Beam+1","Coolheaded+1","Cold Snap+1","Seek+1","Aggregate"],"relics":["Cracked Core","Strawberry","Bronze Scales","Membership Card","Molten Egg 2","Frozen Egg 2","Black Star","Pen Nib","Bottled Tornado","StoneCalendar","Potion Belt","War Paint","DataDisk","Mercury Hourglass","Cables","Nunchaku","Ornamental Fan","Busted Crown","ClockworkSouvenir","Dream Catcher","Lantern","Incense Burner","Kunai","Juzu Bracelet","Shuriken","Ice Cream","Bag of Preparation","Sundial"],"potions_floor_usage":[11,12,16,23,28,28,28,29,31,33,33,33,33,40,47,47,55],"damage_taken":[{"damage":1,"enemies":"Jaw Worm","floor":1,"turns":4},{"damage":2,"enemies":"Small Slimes","floor":4,"turns":3},{"damage":1,"enemies":"2 Louse","floor":5,"turns":3},{"damage":7,"enemies":"2 Fungi Beasts","floor":7,"turns":3},{"damage":21,"enemies":"Lagavulin","floor":8,"turns":10},{"damage":0,"enemies":"Exordium Thugs","floor":11,"turns":2},{"damage":13,"enemies":"3 Sentries","floor":12,"turns":3},{"damage":0,"enemies":"3 Louse","floor":14,"turns":3},{"damage":20,"enemies":"Hexaghost","floor":16,"turns":9},{"damage":0,"enemies":"Shell Parasite","floor":18,"turns":5},{"damage":15,"enemies":"2 Thieves","floor":19,"turns":5},{"damage":25,"enemies":"Snecko","floor":20,"turns":6},{"damage":50,"enemies":"Slavers","floor":23,"turns":4},{"damage":23,"enemies":"Book of Stabbing","floor":25,"turns":5},{"damage":0,"enemies":"Gremlin Leader","floor":28,"turns":4},{"damage":8,"enemies":"3 Cultists","floor":29,"turns":3},{"damage":17,"enemies":"Slavers","floor":31,"turns":3},{"damage":19,"enemies":"Champ","floor":33,"turns":6},{"damage":0,"enemies":"Orb Walker","floor":35,"turns":2},{"damage":18,"enemies":"Reptomancer","floor":40,"turns":3},{"damage":7,"enemies":"3 Darklings","floor":41,"turns":2},{"damage":0,"enemies":"Mind Bloom Boss Battle","floor":44,"turns":5},{"damage":0,"enemies":"Giant Head","floor":47,"turns":8},{"damage":7,"enemies":"4 Shapes","floor":48,"turns":2},{"damage":68,"enemies":"Awakened One","floor":50,"turns":13},{"damage":3,"enemies":"Shield and Spear","floor":54,"turns":5},{"damage":36,"enemies":"The Heart","floor":55,"turns":9}],"seed_played":"6190680253719292242","potions_obtained":[{"floor":1,"key":"Dexterity Potion"},{"floor":4,"key":"GamblersBrew"},{"floor":8,"key":"Block Potion"},{"floor":19,"key":"LiquidBronze"},{"floor":25,"key":"Swift Potion"},{"floor":28,"key":"Weak Potion"},{"floor":29,"key":"Dexterity Potion"},{"floor":35,"key":"Block Potion"},{"floor":41,"key":"AttackPotion"}],"is_trial":false,"path_per_floor":["M","?","?","M","M","R","M","E","T","$","M","E","?","M","R","B",null,"M","M","M","?","$","E","R","E","T","$","E","M","R","E","R","B",null,"M","$","?","$","?","E","M","R","T","?","R","T","E","M","R","B",null,"R","$","E","B",null],"character_chosen":"DEFECT","items_purchased":["Membership Card","Molten Egg 2","Electrodynamics","Defragment+1","Go for the Eyes+1","Doom and Gloom+1","DataDisk","EntropicBrew","ClockworkSouvenir","Sweeping Beam+1","Dexterity Potion","Ice Cream","Strength Potion"],"campfire_rested":1,"item_purchase_floors":[10,10,10,22,22,22,27,27,36,36,38,53,53],"current_hp_per_floor":[81,70,70,68,67,67,60,46,46,46,46,33,55,55,55,35,89,89,74,59,89,89,49,49,36,36,36,36,28,54,47,47,38,89,89,89,89,89,85,77,70,70,70,80,80,80,85,85,85,17,85,85,85,85,59],"gold":53,"neow_bonus":"TEN_PERCENT_HP_BONUS","is_prod":false,"is_daily":false,"chose_seed":false,"campfire_upgraded":7,"win_rate":0,"timestamp":1548143975,"path_taken":["M","?","?","M","M","R","M","E","T","$","M","E","?","M","R","BOSS","M","M","M","?","$","E","R","E","T","?","E","M","R","E","R","BOSS","M","$","?","$","?","E","M","R","T","?","R","?","E","M","R","BOSS","R","$","E","BOSS"],"build_version":"2019-01-17v2","purchased_purges":2,"victory":true,"max_hp_per_floor":[82,82,82,82,82,82,82,89,89,89,89,89,89,89,89,89,89,89,89,89,89,89,89,89,89,89,89,89,89,89,89,89,89,89,89,89,89,89,85,85,85,85,85,85,85,85,85,85,85,85,85,85,85,85,85],"card_choices":[{"not_picked":["Undo","Ball Lightning"],"picked":"Go for the Eyes","floor":1},{"not_picked":["Streamline","Hologram"],"picked":"Cold Snap","floor":4},{"not_picked":["Beam Cell","Compile Driver"],"picked":"Ball Lightning","floor":5},{"not_picked":["Undo","Darkness"],"picked":"Auto Shields","floor":7},{"not_picked":["Streamline","Melter"],"picked":"Beam Cell","floor":8},{"not_picked":["Beam Cell+1","Electrodynamics"],"picked":"Leap","floor":11},{"not_picked":["Chaos","White Noise"],"picked":"Genetic Algorithm","floor":12},{"not_picked":["Auto Shields","Steam Power"],"picked":"Cold Snap+1","floor":14},{"not_picked":["Fission","Seek"],"picked":"Rainbow","floor":16},{"not_picked":["Gash+1","Double Energy"],"picked":"Beam Cell+1","floor":18},{"not_picked":["Tempest","Glacier"],"picked":"Self Repair+1","floor":19},{"not_picked":["Double Energy","Streamline+1"],"picked":"Steam","floor":20},{"not_picked":["Biased Cognition+1","Cold Snap+1"],"picked":"Undo","floor":23},{"not_picked":["Leap","Self Repair+1"],"picked":"Storm+1","floor":25},{"not_picked":["Auto Shields","Redo"],"picked":"Consume","floor":28},{"not_picked":["Meteor Strike+1","Barrage+1"],"picked":"Steam+1","floor":29},{"not_picked":["Hyperbeam+1","BootSequence"],"picked":"Static Discharge+1","floor":31},{"not_picked":["Seek","Reboot"],"picked":"Core Surge+1","floor":33},{"not_picked":["Gash+1"],"picked":"SKIP","floor":35},{"not_picked":["Go for the Eyes+1"],"picked":"SKIP","floor":40},{"not_picked":[],"picked":"Coolheaded+1","floor":41},{"not_picked":[],"picked":"Cold Snap+1","floor":47},{"not_picked":[],"picked":"Seek","floor":48},{"not_picked":[],"picked":"Aggregate","floor":54}],"player_experience":314776,"relics_obtained":[{"floor":8,"key":"Strawberry"},{"floor":9,"key":"Bronze Scales"},{"floor":12,"key":"Frozen Egg 2"},{"floor":23,"key":"Pen Nib"},{"floor":23,"key":"Bottled Tornado"},{"floor":25,"key":"StoneCalendar"},{"floor":25,"key":"Potion Belt"},{"floor":26,"key":"War Paint"},{"floor":28,"key":"Mercury Hourglass"},{"floor":28,"key":"Cables"},{"floor":31,"key":"Nunchaku"},{"floor":31,"key":"Ornamental Fan"},{"floor":40,"key":"Dream Catcher"},{"floor":40,"key":"Lantern"},{"floor":44,"key":"Incense Burner"},{"floor":46,"key":"Kunai"},{"floor":47,"key":"Juzu Bracelet"},{"floor":47,"key":"Shuriken"},{"floor":54,"key":"Bag of Preparation"},{"floor":54,"key":"Sundial"}],"event_choices":[{"damage_healed":0,"gold_gain":75,"player_choice":"Gather Gold","damage_taken":11,"max_hp_gain":0,"max_hp_loss":0,"event_name":"World of Goop","floor":2,"gold_loss":0},{"damage_healed":0,"gold_gain":175,"player_choice":"AGREE","damage_taken":0,"max_hp_gain":0,"max_hp_loss":0,"event_name":"Liars Game","floor":3,"gold_loss":0,"cards_obtained":["Doubt"]},{"damage_healed":22,"gold_gain":0,"player_choice":"Healed","damage_taken":0,"max_hp_gain":0,"max_hp_loss":0,"event_name":"The Cleric","floor":13,"gold_loss":35},{"damage_healed":30,"gold_gain":0,"player_choice":"Full Heal","damage_taken":0,"max_hp_gain":0,"max_hp_loss":0,"event_name":"Wheel of Change","floor":21,"gold_loss":0},{"damage_healed":0,"gold_gain":0,"player_choice":"Memory 1","damage_taken":0,"max_hp_gain":0,"max_hp_loss":0,"event_name":"SensoryStone","floor":37,"gold_loss":0},{"damage_healed":0,"gold_gain":0,"player_choice":"Max HP","damage_taken":0,"max_hp_gain":0,"max_hp_loss":4,"event_name":"Winding Halls","floor":39,"gold_loss":0},{"damage_healed":0,"gold_gain":0,"player_choice":"Fight","damage_taken":0,"max_hp_gain":0,"max_hp_loss":0,"event_name":"MindBloom","floor":44,"gold_loss":0}],"is_beta":false,"boss_relics":[{"not_picked":["Snecko Eye","Lizard Tail"],"picked":"Black Star"},{"not_picked":["Calling Bell","Tiny House"],"picked":"Busted Crown"}],"items_purged_floors":[10,38],"is_endless":false,"potions_floor_spawned":[1,4,8,19,25,28,29,35,41],"ascension_level":1}