{"path_per_floor":["M","?","?","M","M","E","?","$","T","R","E","$","M","M","R","B",null,"M","?","M","M","?","R","E","R","T","?","?","M","M","?","R"],"character_chosen":"THE_SILENT","items_purchased":["Toxic Egg 2","Deadly Poison","Backflip","Lantern"],"gold_per_floor":[116,191,191,205,218,243,418,85,135,135,168,23,38,57,57,162,162,181,106,89,109,24,24,54,54,54,54,54,72,86,86,86,86],"floor_reached":33,"campfire_rested":4,"playtime":3110,"current_hp_per_floor":[70,59,52,51,51,31,31,31,31,52,20,20,20,20,41,18,70,67,67,53,53,53,70,70,70,70,49,49,23,31,31,49,0],"items_purged":[],"gold":86,"score":326,"play_id":"840a100b-3407-4a1e-8848-e523cb76490b","local_time":"20180330105427","is_prod":false,"is_daily":false,"is_ascension_mode":false,"campfire_upgraded":1,"timestamp":1522421667,"path_taken":["M","?","?","M","M","E","?","$","T","R","E","$","M","M","R","BOSS","M","?","M","M","?","R","E","R","T","?","?","M","M","?","R","BOSS"],"build_version":"2018-03-29v2","purchased_purges":0,"victory":false,"master_deck":["Defend_G","Defend_G+1","Defend_G","Defend_G","Survivor","Neutralize","Underhanded Strike+1","Sucker Punch","Blur","Outmaneuver+1","Deadly Poison+1","Backflip+1","Flechettes","Die Die Die","Endless Agony","Envenom+1","Dodge and Roll+1","Venomology+1","Bite","Bite","Bite","Bite","Bite","Writhe","Dagger Throw","Footwork"],"max_hp_per_floor":[70,70,70,70,70,70,70,70,70,70,70,70,70,70,70,70,70,70,70,70,70,70,70,70,70,70,49,49,49,49,49,49,49],"relics":["Ring of the Snake","Oddly Smooth Stone","Toxic Egg 2","Whetstone","Thread and Needle","Lantern","Black Star","War Paint","Orichalcum","Snake Skull","Bottled Flame","Gremlin Horn","Regal Pillow"],"card_choices":[{"not_picked":["Deflect","PiercingWail"],"picked":"Underhanded Strike","floor":1},{"not_picked":["PiercingWail","Deflect"],"picked":"Sucker Punch","floor":4},{"not_picked":["Underhanded Strike","Outmaneuver"],"picked":"Blur","floor":5},{"not_picked":["Expertise","Sucker Punch"],"picked":"Outmaneuver","floor":6},{"not_picked":["Catalyst","Outmaneuver"],"picked":"Flechettes","floor":11},{"not_picked":["Heel Hook","Slice"],"picked":"Die Die Die","floor":13},{"not_picked":["Choke","Predator"],"picked":"Endless Agony","floor":14},{"not_picked":["Wraith Form","Tools of the Trade"],"picked":"Envenom","floor":16},{"not_picked":["Predator","Deflect"],"picked":"Dodge and Roll","floor":18},{"not_picked":["Backflip","Finisher"],"picked":"Venomology","floor":24},{"not_picked":["Predator","PiercingWail"],"picked":"Dagger Throw","floor":29},{"not_picked":["Backflip","Well Laid Plans"],"picked":"Footwork","floor":30}],"player_experience":52636,"potions_floor_usage":[6,16,16,20,21,24,29,33,33,33],"damage_taken":[{"damage":0,"enemies":"2 Louse","floor":1,"turns":3},{"damage":1,"enemies":"Cultist","floor":4,"turns":3},{"damage":0,"enemies":"Small Slimes","floor":5,"turns":3},{"damage":20,"enemies":"3 Sentries","floor":6,"turns":12},{"damage":32,"enemies":"Gremlin Nob","floor":11,"turns":5},{"damage":0,"enemies":"Exordium Thugs","floor":13,"turns":6},{"damage":0,"enemies":"Blue Slaver","floor":14,"turns":3},{"damage":23,"enemies":"The Guardian","floor":16,"turns":12},{"damage":3,"enemies":"3 Byrds","floor":18,"turns":5},{"damage":26,"enemies":"2 Thieves","floor":20,"turns":4},{"damage":0,"enemies":"Centurion and Healer","floor":21,"turns":11},{"damage":0,"enemies":"Book of Stabbing","floor":24,"turns":8},{"damage":34,"enemies":"Cultist and Chosen","floor":29,"turns":7},{"damage":4,"enemies":"Snake Plant","floor":30,"turns":5},{"damage":72,"enemies":"Champ","floor":33,"turns":13}],"event_choices":[{"event_name":"World of Goop","player_choice":"Gather Gold","floor":2,"damage_taken":0},{"event_name":"Golden Wing","player_choice":"Card Removal","floor":3,"damage_taken":0},{"event_name":"Liars Game","player_choice":"agreed","floor":7,"damage_taken":0},{"event_name":"Beggar","player_choice":"Gave Gold","floor":19,"damage_taken":0},{"event_name":"Addict","player_choice":"Obtained Relic","floor":22,"damage_taken":0},{"event_name":"Vampires","player_choice":"Became a vampire","floor":27,"damage_taken":0},{"event_name":"The Mausoleum","player_choice":"Yes","floor":28,"damage_taken":0},{"event_name":"Wheel of Change","player_choice":"Relic","floor":31,"damage_taken":0}],"boss_relics":[{"not_picked":["Ectoplasm","Runic Dome"],"picked":"Black Star"}],"potions_floor_spawned":[4,11,13,16,18,21,24],"seed_played":"-6640701731499793495","killed_by":"Champ","ascension_level":0,"is_trial":false}