{"gold_per_floor":[113,130,143,155,105,130,130,164,164,164,197,177,177,195,195,295,295,312,312,324,249,268,302,302,302,302,302],"floor_reached":27,"playtime":1382,"items_purged":[],"score":264,"play_id":"420f8edd-d82a-487f-9b89-ea3b8f739a90","local_time":"20181115180231","is_ascension_mode":true,"campfire_choices":[{"data":"Streamline","floor":7,"key":"SMITH"},{"data":"Gash","floor":10,"key":"SMITH"},{"data":"Gash","floor":13,"key":"SMITH"},{"data":"Gash","floor":15,"key":"SMITH"},{"data":"1","floor":24,"key":"LIFT"},{"data":"2","floor":25,"key":"LIFT"}],"neow_cost":"NONE","seed_source_timestamp":92496359476917,"circlet_count":0,"master_deck":["Strike_B","Strike_B","Strike_B","Strike_B","Defend_B","Defend_B","Defend_B","Zap","Gash+1","Streamline+1","Redo","Gash+1","Go for the Eyes","Sweeping Beam","Gash+1","Rebound","Leap","Electrodynamics","All For One","Turbo+1","Go for the Eyes","J.A.X.","Scrape","Streamline+1","Beam Cell+1","Undo+1"],"relics":["Cracked Core","Strawberry","StoneCalendar","Prayer Wheel","Question Card","Black Star","Girya","WingedGreaves","Pocketwatch"],"potions_floor_usage":[16,23,27,27],"damage_taken":[{"damage":0,"enemies":"2 Louse","floor":1,"turns":2},{"damage":6,"enemies":"Jaw Worm","floor":2,"turns":3},{"damage":0,"enemies":"Cultist","floor":3,"turns":2},{"damage":0,"enemies":"Exordium Thugs","floor":4,"turns":4},{"damage":26,"enemies":"Lagavulin","floor":6,"turns":7},{"damage":4,"enemies":"Gremlin Nob","floor":8,"turns":3},{"damage":14,"enemies":"3 Sentries","floor":11,"turns":5},{"damage":0,"enemies":"Large Slime","floor":14,"turns":3},{"damage":18,"enemies":"Hexaghost","floor":16,"turns":7},{"damage":19,"enemies":"Shell Parasite","floor":18,"turns":4},{"damage":13,"enemies":"3 Byrds","floor":20,"turns":3},{"damage":6,"enemies":"Centurion and Healer","floor":22,"turns":5},{"damage":39,"enemies":"Book of Stabbing","floor":23,"turns":5},{"damage":7,"enemies":"Slavers","floor":27,"turns":1}],"seed_played":"-3825761417654252289","potions_obtained":[{"floor":4,"key":"Strength Potion"},{"floor":11,"key":"Block Potion"},{"floor":12,"key":"SpeedPotion"},{"floor":16,"key":"Energy Potion"},{"floor":20,"key":"SteroidPotion"}],"is_trial":false,"path_per_floor":["M","M","M","M","?","E","R","E","T","R","E","?","R","M","R","B",null,"M","?","M","?","M","E","R","R","T","E"],"character_chosen":"DEFECT","items_purchased":[],"campfire_rested":0,"item_purchase_floors":[],"current_hp_per_floor":[75,69,69,69,69,50,50,46,46,46,32,32,32,32,32,14,82,63,63,50,50,44,5,5,5,5,0],"gold":302,"neow_bonus":"THREE_CARDS","is_prod":false,"is_daily":false,"chose_seed":false,"campfire_upgraded":4,"win_rate":0,"timestamp":1542322951,"path_taken":["M","M","M","M","?","E","R","E","T","R","E","?","R","?","R","BOSS","M","?","M","?","M","E","R","R","T","E"],"build_version":"2018-11-08","purchased_purges":0,"victory":false,"max_hp_per_floor":[75,75,75,75,75,82,82,82,82,82,82,82,82,82,82,82,82,82,82,82,82,82,82,82,82,82,82],"card_choices":[{"not_picked":["Hologram","Barrage"],"picked":"Gash","floor":0},{"not_picked":["Steam","Cold Snap"],"picked":"Streamline","floor":1},{"not_picked":["Barrage","Turbo"],"picked":"Redo","floor":2},{"not_picked":["Aggregate","Reboot"],"picked":"Gash","floor":3},{"not_picked":["Hello World","Hologram"],"picked":"Go for the Eyes","floor":4},{"not_picked":["Amplify","Consume"],"picked":"Sweeping Beam","floor":6},{"not_picked":["BootSequence","Go for the Eyes"],"picked":"Gash","floor":8},{"not_picked":["Coolheaded","Barrage"],"picked":"Rebound","floor":11},{"not_picked":["Sweeping Beam","Recycle","Blizzard"],"picked":"Leap","floor":14},{"not_picked":["Tempest","Steam","Force Field"],"picked":"Electrodynamics","floor":14},{"not_picked":["Electrodynamics","Multi-Cast","Rainbow"],"picked":"All For One","floor":16},{"not_picked":["Compile Driver","BootSequence","Stack"],"picked":"Turbo+1","floor":18},{"not_picked":["Glacier+1","White Noise","Double Energy"],"picked":"Go for the Eyes","floor":18},{"not_picked":["Blizzard+1","Doom and Gloom","Coolheaded"],"picked":"Scrape","floor":20},{"not_picked":["Ball Lightning","Double Energy","Doom and Gloom","Stack"],"picked":"SKIP","floor":20},{"not_picked":["Ball Lightning","Go for the Eyes","Sweeping Beam+1"],"picked":"Streamline+1","floor":22},{"not_picked":["FTL+1","Go for the Eyes+1","Scrape"],"picked":"Beam Cell+1","floor":22},{"not_picked":["Beam Cell","Amplify","Thunder Strike"],"picked":"Undo+1","floor":23}],"player_experience":100428,"relics_obtained":[{"floor":6,"key":"Strawberry"},{"floor":8,"key":"StoneCalendar"},{"floor":9,"key":"Prayer Wheel"},{"floor":11,"key":"Question Card"},{"floor":23,"key":"Girya"},{"floor":23,"key":"WingedGreaves"},{"floor":26,"key":"Pocketwatch"}],"event_choices":[{"cards_removed":["Defend_B"],"damage_healed":0,"gold_gain":0,"player_choice":"Card Removal","damage_taken":0,"max_hp_gain":0,"max_hp_loss":0,"event_name":"The Cleric","floor":5,"gold_loss":50},{"damage_healed":0,"gold_gain":0,"player_choice":"Bought 1 Potion","damage_taken":0,"max_hp_gain":0,"max_hp_loss":0,"event_name":"The Woman in Blue","floor":12,"gold_loss":0},{"damage_healed":0,"gold_gain":0,"player_choice":"Obtain J.A.X.","damage_taken":0,"max_hp_gain":0,"max_hp_loss":0,"event_name":"Drug Dealer","floor":19,"gold_loss":0,"cards_obtained":["J.A.X."]},{"cards_removed":["Dualcast"],"damage_healed":0,"gold_gain":0,"player_choice":"Gave Gold","damage_taken":0,"max_hp_gain":0,"max_hp_loss":0,"event_name":"Beggar","floor":21,"gold_loss":75}],"is_beta":false,"boss_relics":[{"not_picked":["Cursed Key","Tiny House"],"picked":"Black Star"}],"items_purged_floors":[],"is_endless":false,"potions_floor_spawned":[4,11,14,16,18,20],"killed_by":"Slavers","ascension_level":1}