{"path_per_floor":["M","?","M","M","M","E","R","M","T","E","M","M","M","E","R","B",null,"M","?","M","M","M","R","E","M","T","M","R","M","M","T","R","B",null,"M","$","M","M","?","M","M","R","T","M","M","R","M","M","R","B"],"character_chosen":"IRONCLAD","items_purchased":["Whetstone","Shuriken","Mummified Hand"],"gold_per_floor":[114,114,134,148,165,196,196,213,240,273,289,302,317,346,346,442,442,459,459,472,483,495,495,527,544,544,561,561,571,586,586,586,691,691,708,1,15,34,88,103,119,119,119,135,150,150,170,180,180,180],"floor_reached":51,"campfire_rested":7,"playtime":3755,"current_hp_per_floor":[78,71,68,71,73,56,56,52,52,55,55,50,59,49,73,24,80,80,80,70,65,55,79,50,27,41,23,51,20,19,19,47,33,94,73,73,56,46,19,34,34,63,63,63,46,75,83,42,72,31],"items_purged":["Feel No Pain"],"gold":180,"score":731,"play_id":"27d1e0c7-db94-40c3-aa03-76514fc4ba5f","local_time":"20180407204835","is_prod":false,"is_daily":false,"is_ascension_mode":false,"campfire_upgraded":1,"timestamp":1523148515,"path_taken":["M","?","M","M","M","E","R","M","T","E","M","?","?","E","R","BOSS","M","?","?","M","M","R","E","M","T","M","R","M","M","?","R","BOSS","M","$","M","M","?","?","M","R","T","M","M","R","?","M","R","BOSS"],"build_version":"2018-04-05v2","purchased_purges":1,"victory":true,"master_deck":["Strike_R+1","Strike_R+1","Strike_R+1","Defend_R+1","Defend_R+1","Defend_R+1","Defend_R+1","Bash","Juggernaut+1","Shrug It Off","Shrug It Off","Spot Weakness","Sword Boomerang","Sword Boomerang","Iron Wave","Limit Break","Iron Wave+1","Heavy Blade+1","Limit Break","Flex","Spot Weakness+1","Shrug It Off","Flex+1","Flex+1","Sword Boomerang+1","Cleave+1","Twin Strike","Feed","Inflame","Intimidate+1","Armaments+1","Shrug It Off+1","Iron Wave+1","Barricade"],"max_hp_per_floor":[80,80,80,80,80,80,80,80,80,80,80,80,80,80,80,80,80,80,80,80,80,80,80,80,80,94,94,94,94,94,94,94,94,94,94,94,94,94,94,97,97,97,97,97,97,97,100,100,100,103],"relics":["Black Blood","Mercury Hourglass","Oddly Smooth Stone","Magic Flower","Bottled Lightning","Lizard Tail","Toxic Egg 2","Mango","Bottled Tornado","Whetstone","Shuriken","Mummified Hand","Red Skull","Toolbox"],"card_choices":[{"not_picked":["Battle Trance","Perfected Strike"],"picked":"Shrug It Off","floor":1.0},{"not_picked":["Blood for Blood","Rupture"],"picked":"Shrug It Off","floor":3.0},{"not_picked":["Cleave","Twin Strike"],"picked":"Spot Weakness","floor":4.0},{"not_picked":["Dual Wield","Perfected Strike"],"picked":"Sword Boomerang","floor":5.0},{"not_picked":["Thunderclap","Body Slam"],"picked":"Sword Boomerang","floor":6.0},{"not_picked":["Seeing Red","Heavy Blade"],"picked":"Iron Wave","floor":8.0},{"not_picked":["Battle Trance","Perfected Strike"],"picked":"Limit Break","floor":10.0},{"not_picked":["Dual Wield","Wild Strike"],"picked":"Iron Wave","floor":12.0},{"not_picked":["Combust","Wild Strike"],"picked":"Feel No Pain","floor":13.0},{"not_picked":["Clothesline","Ghostly Armor"],"picked":"Heavy Blade","floor":14.0},{"not_picked":["Immolate","Berserk"],"picked":"Limit Break","floor":16.0},{"not_picked":["Clothesline","Pommel Strike"],"picked":"Flex","floor":18},{"not_picked":["Perfected Strike","Havoc"],"picked":"Spot Weakness","floor":20},{"not_picked":["Clash","Perfected Strike"],"picked":"Shrug It Off","floor":22},{"not_picked":["Second Wind","Cleave"],"picked":"Flex","floor":24},{"not_picked":["Burning Pact","Combust"],"picked":"Flex","floor":25},{"not_picked":["Reaper","Clothesline"],"picked":"Sword Boomerang","floor":27},{"not_picked":["Shrug It Off","Wild Strike"],"picked":"Cleave","floor":29},{"not_picked":["Combust","Shockwave"],"picked":"Twin Strike","floor":30},{"not_picked":["Berserk","Bludgeon"],"picked":"Feed","floor":33},{"not_picked":["Cleave","Anger"],"picked":"Inflame","floor":35},{"not_picked":["Body Slam","Cleave"],"picked":"Intimidate","floor":37},{"not_picked":["Disarm","Fiend Fire"],"picked":"Armaments","floor":41},{"not_picked":["Shockwave","Whirlwind"],"picked":"Shrug It Off","floor":45},{"not_picked":["Anger","Body Slam"],"picked":"Iron Wave","floor":47},{"not_picked":["Shrug It Off","Feel No Pain"],"picked":"Barricade","floor":48}],"player_experience":87001,"potions_floor_usage":[18,24,33,33,33,38,39,47,50],"damage_taken":[{"damage":8.0,"enemies":"2 Louse","floor":1.0,"turns":3.0},{"damage":9.0,"enemies":"Cultist","floor":3.0,"turns":6.0},{"damage":3.0,"enemies":"Small Slimes","floor":4.0,"turns":5.0},{"damage":4.0,"enemies":"2 Fungi Beasts","floor":5.0,"turns":5.0},{"damage":23.0,"enemies":"Lagavulin","floor":6.0,"turns":6.0},{"damage":10.0,"enemies":"Looter","floor":8.0,"turns":2.0},{"damage":3.0,"enemies":"Gremlin Nob","floor":10.0,"turns":4.0},{"damage":9.0,"enemies":"Gremlin Gang","floor":11.0,"turns":3.0},{"damage":14.0,"enemies":"Exordium Wildlife","floor":12.0,"turns":3.0},{"damage":0.0,"enemies":"Looter","floor":13.0,"turns":2.0},{"damage":19.0,"enemies":"Lagavulin","floor":14.0,"turns":8.0},{"damage":58.0,"enemies":"Hexaghost","floor":16.0,"turns":12.0},{"damage":8,"enemies":"Spheric Guardian","floor":18,"turns":5},{"damage":19,"enemies":"Shell Parasite","floor":20,"turns":4},{"damage":14,"enemies":"3 Cultists","floor":21,"turns":4},{"damage":19,"enemies":"Centurion and Healer","floor":22,"turns":4},{"damage":38,"enemies":"Gremlin Leader","floor":24,"turns":4},{"damage":32,"enemies":"Sentry and Sphere","floor":25,"turns":7},{"damage":27,"enemies":"3 Cultists","floor":27,"turns":5},{"damage":40,"enemies":"Chosen and Byrds","floor":29,"turns":8},{"damage":10,"enemies":"Centurion and Healer","floor":30,"turns":5},{"damage":23,"enemies":"Collector","floor":33,"turns":5},{"damage":36,"enemies":"3 Darklings","floor":35,"turns":4},{"damage":32,"enemies":"3 Shapes","floor":37,"turns":3},{"damage":25,"enemies":"3 Darklings","floor":38,"turns":4},{"damage":42,"enemies":"Mysterious Sphere","floor":39,"turns":2},{"damage":5,"enemies":"4 Shapes","floor":40,"turns":4},{"damage":15,"enemies":"Maw","floor":41,"turns":5},{"damage":15,"enemies":"Sphere and 2 Shapes","floor":44,"turns":3},{"damage":32,"enemies":"4 Shapes","floor":45,"turns":3},{"damage":12,"enemies":"3 Darklings","floor":47,"turns":5},{"damage":56,"enemies":"Maw","floor":48,"turns":9},{"damage":86,"enemies":"Awakened One","floor":50,"turns":11}],"event_choices":[{"event_name":"Golden Wing","player_choice":"Card Removal","floor":2.0,"damage_taken":0.0},{"event_name":"Back to Basics","player_choice":"Simplicity","floor":19,"damage_taken":0},{"event_name":"Mysterious Sphere","player_choice":"Fight","floor":39,"damage_taken":0}],"boss_relics":[{"not_picked":["Astrolabe","Black Star"],"picked":"Black Blood"}],"potions_floor_spawned":[1,6,11,13,16,18,21,22,27,33,35,40,48],"seed_played":"7046851174761988777","ascension_level":0,"is_trial":false}