{"gold_per_floor":[124,153,180,206,59,59,59,59,86,104,104,104,131,142,142,239,239,251,270,270,19,19,19,39,73,73,73],"floor_reached":27,"playtime":1191,"items_purged":[],"score":258,"play_id":"9e0d22c8-76db-41d6-a429-1ed1f3910bcf","local_time":"20190208174929","is_ascension_mode":false,"campfire_choices":[{"data":"Buffer","floor":6,"key":"SMITH"},{"data":"Defragment","floor":8,"key":"SMITH"},{"floor":12,"key":"RECALL"},{"data":"Redo","floor":15,"key":"SMITH"},{"floor":23,"key":"REST"}],"neow_cost":"NONE","seed_source_timestamp":622544897428553,"circlet_count":0,"master_deck":["Strike_B","Strike_B","Strike_B","Strike_B","Defend_B","Defend_B","Defend_B","Zap+1","Dualcast","Leap","Sweeping Beam","Ball Lightning","Buffer+1","Defragment+1","Go for the Eyes","Redo+1","Sweeping Beam","Thunder Strike","Chill+1","Genetic Algorithm+1","Apotheosis","Discovery","Chaos","Cold Snap"],"relics":["Cracked Core","MawBank","Ancient Tea Set","Nuclear Battery","DataDisk","Nilry\u0027s Codex","Art of War","Meat on the Bone"],"potions_floor_usage":[16,16,25],"damage_taken":[{"damage":1,"enemies":"Cultist","floor":1,"turns":3},{"damage":3,"enemies":"Small Slimes","floor":2,"turns":3},{"damage":1,"enemies":"Jaw Worm","floor":3,"turns":3},{"damage":9,"enemies":"Blue Slaver","floor":4,"turns":3},{"damage":0,"enemies":"Exordium Wildlife","floor":10,"turns":3},{"damage":0,"enemies":"Lagavulin","floor":13,"turns":5},{"damage":3,"enemies":"3 Louse","floor":14,"turns":2},{"damage":23,"enemies":"Hexaghost","floor":16,"turns":7},{"damage":10,"enemies":"Chosen","floor":18,"turns":4},{"damage":23,"enemies":"3 Byrds","floor":19,"turns":4},{"damage":26,"enemies":"Snake Plant","floor":24,"turns":5},{"damage":19,"enemies":"Slavers","floor":25,"turns":6},{"damage":4,"enemies":"Shelled Parasite and Fungi","floor":27,"turns":1}],"seed_played":"-6733674046652586340","potions_obtained":[{"floor":1,"key":"LiquidBronze"},{"floor":2,"key":"Weak Potion"},{"floor":16,"key":"FearPotion"},{"floor":18,"key":"Fire Potion"}],"is_trial":false,"path_per_floor":["M","M","M","M","$","R","?","R","T","M","?","R","E","M","R","B",null,"M","M","?","$","?","R","M","E","T","M"],"character_chosen":"DEFECT","items_purchased":["Defragment","FocusPotion","Apotheosis","Discovery"],"campfire_rested":1,"item_purchase_floors":[5,5,21,21],"current_hp_per_floor":[74,71,70,61,61,61,54,54,54,54,54,54,54,51,51,28,75,65,42,42,42,26,48,22,3,3,0],"gold":73,"neow_bonus":"RANDOM_COMMON_RELIC","is_prod":false,"is_daily":false,"chose_seed":false,"campfire_upgraded":3,"win_rate":0,"timestamp":1549644569,"path_taken":["M","M","M","M","?","R","?","R","T","M","?","R","E","?","R","BOSS","M","M","?","?","?","R","?","E","T","M"],"build_version":"2019-01-23","purchased_purges":0,"victory":false,"max_hp_per_floor":[75,75,75,75,75,75,75,75,75,75,75,75,75,75,75,75,75,75,75,75,75,75,75,75,75,75,75],"card_choices":[{"not_picked":["Double Energy","Steam Power"],"picked":"Leap","floor":1},{"not_picked":["Go for the Eyes","Redo"],"picked":"Sweeping Beam","floor":2},{"not_picked":["Go for the Eyes","Melter"],"picked":"Ball Lightning","floor":3},{"not_picked":["Undo","Leap"],"picked":"Buffer","floor":4},{"not_picked":["Force Field","Turbo"],"picked":"Go for the Eyes","floor":10},{"not_picked":["Beam Cell","Stack"],"picked":"Redo","floor":13},{"not_picked":["Tempest","Hologram"],"picked":"Sweeping Beam","floor":14},{"not_picked":["Echo Form","Machine Learning"],"picked":"Thunder Strike","floor":16},{"not_picked":["BootSequence","Hologram+1"],"picked":"Chill+1","floor":18},{"not_picked":["Sweeping Beam","Stack"],"picked":"Genetic Algorithm+1","floor":19},{"not_picked":["Tempest","Consume"],"picked":"Chaos","floor":24},{"not_picked":["Redo","Darkness"],"picked":"Cold Snap","floor":25}],"player_experience":612911,"relics_obtained":[{"floor":13,"key":"Ancient Tea Set"},{"floor":22,"key":"Nilry\u0027s Codex"},{"floor":25,"key":"Art of War"},{"floor":26,"key":"Meat on the Bone"}],"event_choices":[{"cards_removed":["Defend_B"],"damage_healed":0,"gold_gain":0,"player_choice":"Card Removal","damage_taken":7,"max_hp_gain":0,"max_hp_loss":0,"event_name":"Golden Wing","floor":7,"gold_loss":0},{"damage_healed":0,"gold_gain":0,"player_choice":"Forge","damage_taken":0,"max_hp_gain":0,"max_hp_loss":0,"event_name":"Accursed Blacksmith","floor":11,"gold_loss":0,"cards_upgraded":["Zap"]},{"damage_healed":0,"gold_gain":0,"player_choice":"Gave Potion","damage_taken":0,"relics_obtained":["DataDisk"],"max_hp_gain":0,"max_hp_loss":0,"event_name":"WeMeetAgain","floor":20,"gold_loss":0},{"damage_healed":0,"gold_gain":0,"player_choice":"Obtained Book","damage_taken":16,"max_hp_gain":0,"max_hp_loss":0,"event_name":"Cursed Tome","floor":22,"gold_loss":0}],"is_beta":false,"boss_relics":[{"not_picked":["Pandora\u0027s Box","Runic Pyramid"],"picked":"Nuclear Battery"}],"items_purged_floors":[],"is_endless":false,"potions_floor_spawned":[1,2,13,14,16,18],"killed_by":"Shelled Parasite and Fungi","ascension_level":0}