{"gold_per_floor":[114,64,64,64,64,64,78,78,78,3,19,32,32,47,47,177,177,198,198,198,14,139,173,185,197],"floor_reached":25,"playtime":1173,"items_purged":["Regret"],"score":207,"play_id":"dde44303-565f-4de2-993e-c2fb17d7dca0","local_time":"20190202130102","is_ascension_mode":false,"campfire_choices":[{"data":"Venomology","floor":6,"key":"SMITH"},{"data":"Accuracy","floor":8,"key":"SMITH"},{"data":"Infinite Blades","floor":13,"key":"SMITH"},{"data":"Well Laid Plans","floor":15,"key":"SMITH"},{"floor":24,"key":"REST"}],"neow_cost":"NONE","seed_source_timestamp":843026797307100,"circlet_count":0,"master_deck":["Survivor","Neutralize","Flying Knee","Well Laid Plans+1","Dagger Spray","Dagger Spray","Dagger Throw","Dash","Accuracy+1","Venomology+1","Riddle With Holes","Cloak And Dagger","Infinite Blades+1","Deflect+1","Blur+1","Deflect+1","Corpse Explosion+1","Distraction+1","Backflip+1","Noxious Fumes","Flying Knee","Underhanded Strike","Acrobatics+1","Envenom"],"relics":["Pandora\u0027s Box","Toxic Egg 2","Golden Idol","Bird Faced Urn","HoveringKite","Thread and Needle","Prayer Wheel","Gremlin Horn","MawBank"],"potions_floor_usage":[12,16,16,16,18,22,22,23],"damage_taken":[{"damage":1,"enemies":"Jaw Worm","floor":1,"turns":2},{"damage":0,"enemies":"Small Slimes","floor":7,"turns":2},{"damage":0,"enemies":"2 Louse","floor":11,"turns":2},{"damage":0,"enemies":"Red Slaver","floor":12,"turns":4},{"damage":3,"enemies":"Blue Slaver","floor":14,"turns":3},{"damage":12,"enemies":"Slime Boss","floor":16,"turns":9},{"damage":25,"enemies":"Shell Parasite","floor":18,"turns":10},{"damage":22,"enemies":"Colosseum Slavers","floor":22,"turns":4},{"damage":2,"enemies":"Colosseum Nobs","floor":22,"turns":4},{"damage":29,"enemies":"Gremlin Leader","floor":23,"turns":6},{"damage":0,"enemies":"2 Thieves","floor":25,"turns":1}],"seed_played":"3679164348302507904","potions_obtained":[{"floor":7,"key":"Poison Potion"},{"floor":12,"key":"PowerPotion"},{"floor":18,"key":"Energy Potion"},{"floor":23,"key":"Dexterity Potion"}],"is_trial":false,"path_per_floor":["M","?","?","?","?","R","M","R","T","$","M","M","R","M","R","B",null,"M","?","?","$","?","E","R","M"],"character_chosen":"THE_SILENT","items_purchased":["Backflip+1","Noxious Fumes","Flying Knee","Underhanded Strike"],"campfire_rested":1,"item_purchase_floors":[21,21,21,21],"current_hp_per_floor":[69,69,69,52,52,52,52,52,52,52,54,60,60,61,61,57,70,63,63,63,63,43,18,39,39],"gold":197,"neow_bonus":"BOSS_RELIC","is_prod":false,"is_daily":false,"chose_seed":false,"campfire_upgraded":4,"win_rate":0,"timestamp":1549141262,"path_taken":["M","?","?","?","?","R","M","R","T","$","M","M","R","M","R","BOSS","M","?","?","$","?","E","R","M"],"build_version":"2019-01-23","purchased_purges":1,"victory":false,"max_hp_per_floor":[70,70,70,70,70,70,70,70,70,70,70,70,70,70,70,70,70,70,70,70,70,70,70,70,70],"card_choices":[{"not_picked":["Backflip","Underhanded Strike"],"picked":"Cloak And Dagger","floor":1},{"not_picked":["Acrobatics+1","Slice"],"picked":"Infinite Blades","floor":7},{"not_picked":["Acrobatics+1","PiercingWail+1"],"picked":"Deflect+1","floor":11},{"not_picked":["Prepared+1","Malaise+1"],"picked":"Blur+1","floor":12},{"not_picked":["Heel Hook","Underhanded Strike"],"picked":"Deflect+1","floor":14},{"not_picked":["Doppelganger+1","Malaise+1"],"picked":"Corpse Explosion+1","floor":16},{"not_picked":["Caltrops","All Out Attack"],"picked":"Distraction+1","floor":18},{"not_picked":["Blade Dance+1","Terror+1"],"picked":"Acrobatics+1","floor":22},{"not_picked":["Poisoned Stab","Endless Agony"],"picked":"Envenom","floor":23}],"player_experience":91858,"relics_obtained":[{"floor":9,"key":"Bird Faced Urn"},{"floor":22,"key":"Prayer Wheel"},{"floor":22,"key":"Gremlin Horn"},{"floor":23,"key":"MawBank"}],"event_choices":[{"cards_removed":["Night Terror"],"damage_healed":0,"gold_gain":0,"player_choice":"Card Removal","damage_taken":0,"max_hp_gain":0,"max_hp_loss":0,"event_name":"The Cleric","floor":2,"gold_loss":50},{"damage_healed":0,"gold_gain":0,"player_choice":"Box","damage_taken":0,"relics_obtained":["Toxic Egg 2"],"max_hp_gain":0,"max_hp_loss":0,"event_name":"Big Fish","floor":3,"gold_loss":0,"cards_obtained":["Regret"]},{"damage_healed":0,"gold_gain":0,"player_choice":"Take Damage","damage_taken":17,"relics_obtained":["Golden Idol"],"max_hp_gain":0,"max_hp_loss":0,"event_name":"Golden Idol","floor":4,"gold_loss":0},{"damage_healed":0,"gold_gain":0,"player_choice":"Ignored","damage_taken":0,"max_hp_gain":0,"max_hp_loss":0,"event_name":"NoteForYourself","floor":5,"gold_loss":0},{"damage_healed":0,"gold_gain":0,"player_choice":"Simplicity","damage_taken":0,"max_hp_gain":0,"max_hp_loss":0,"event_name":"Back to Basics","floor":19,"gold_loss":0,"cards_upgraded":[]},{"damage_healed":0,"gold_gain":0,"player_choice":"Opened","damage_taken":0,"relics_obtained":["Thread and Needle"],"max_hp_gain":0,"max_hp_loss":0,"event_name":"The Mausoleum","floor":20,"gold_loss":0},{"damage_healed":0,"gold_gain":0,"player_choice":"Fight","damage_taken":0,"max_hp_gain":0,"max_hp_loss":0,"event_name":"Colosseum","floor":22,"gold_loss":0},{"damage_healed":0,"gold_gain":0,"player_choice":"Fought Nobs","damage_taken":0,"max_hp_gain":0,"max_hp_loss":0,"event_name":"Colosseum","floor":22,"gold_loss":0}],"is_beta":false,"boss_relics":[{"not_picked":["Tiny House","Runic Pyramid"],"picked":"HoveringKite"}],"items_purged_floors":[10],"is_endless":false,"potions_floor_spawned":[7,12,14,18,23],"killed_by":"2 Thieves","ascension_level":0}