{"gold_per_floor":[117,117,117,131,149,182,196,196,196,196,224,224,254,270,270,270],"floor_reached":16,"playtime":632,"items_purged":[],"score":150,"play_id":"7f008d92-76a5-4995-ba70-be4dc599246e","local_time":"20181206173432","is_ascension_mode":true,"campfire_choices":[{"floor":10,"key":"REST"},{"floor":12,"key":"REST"},{"floor":15,"key":"REST"}],"neow_cost":"NONE","seed_source_timestamp":505981839906587,"circlet_count":0,"master_deck":["Strike_B","Strike_B","Strike_B+1","Strike_B","Defend_B","Defend_B","Defend_B","Defend_B","Zap+1","Dualcast","Streamline","Thunder Strike","Panacea","Hologram","Redo","Redo","Creative AI","Melter"],"relics":["Cracked Core","NeowsBlessing","Bag of Marbles","Kunai","Anchor","Art of War","Regal Pillow"],"potions_floor_usage":[7,13,16,16],"damage_taken":[{"damage":0,"enemies":"Small Slimes","floor":1,"turns":1},{"damage":0,"enemies":"Cultist","floor":4,"turns":1},{"damage":0,"enemies":"2 Louse","floor":5,"turns":1},{"damage":45,"enemies":"Gremlin Nob","floor":6,"turns":4},{"damage":10,"enemies":"2 Fungi Beasts","floor":7,"turns":3},{"damage":22,"enemies":"Lagavulin","floor":11,"turns":6},{"damage":20,"enemies":"3 Sentries","floor":13,"turns":5},{"damage":0,"enemies":"Blue Slaver","floor":14,"turns":2},{"damage":32,"enemies":"Slime Boss","floor":16,"turns":6}],"seed_played":"-7095131131091580476","potions_obtained":[{"floor":4,"key":"EssenceOfSteel"},{"floor":5,"key":"Strength Potion"},{"floor":11,"key":"Strength Potion"},{"floor":14,"key":"Strength Potion"}],"is_trial":false,"path_per_floor":["M","?","?","M","M","E","M","?","T","R","E","R","E","M","R","B"],"character_chosen":"DEFECT","items_purchased":[],"campfire_rested":3,"item_purchase_floors":[],"current_hp_per_floor":[75,60,60,60,60,15,5,5,5,27,5,27,7,7,44,12],"gold":270,"neow_bonus":"THREE_ENEMY_KILL","is_prod":false,"is_daily":false,"chose_seed":false,"campfire_upgraded":0,"win_rate":0,"timestamp":1544135672,"path_taken":["M","?","?","M","?","E","?","?","T","R","E","R","E","M","R","BOSS"],"build_version":"2018-11-15","purchased_purges":0,"victory":false,"max_hp_per_floor":[75,75,75,75,75,75,75,75,75,75,75,75,75,75,75,75],"card_choices":[{"not_picked":["Ball Lightning","Go for the Eyes"],"picked":"Streamline","floor":1},{"not_picked":["Steam","Aggregate"],"picked":"Hologram","floor":4},{"not_picked":["Leap","Streamline"],"picked":"Redo","floor":5},{"not_picked":["Leap","Hologram","Multi-Cast"],"picked":"SKIP","floor":6},{"not_picked":["Streamline","Turbo"],"picked":"Redo","floor":7},{"not_picked":["Leap","Beam Cell"],"picked":"Creative AI","floor":11},{"not_picked":["Leap","Go for the Eyes"],"picked":"Melter","floor":13},{"not_picked":["Doom and Gloom","Hologram","Compile Driver"],"picked":"SKIP","floor":14}],"player_experience":284648,"relics_obtained":[{"floor":6,"key":"Bag of Marbles"},{"floor":9,"key":"Anchor"},{"floor":11,"key":"Art of War"},{"floor":13,"key":"Regal Pillow"}],"event_choices":[{"damage_healed":0,"gold_gain":0,"player_choice":"Entered Light","damage_taken":15,"max_hp_gain":0,"max_hp_loss":0,"event_name":"Shining Light","floor":2,"gold_loss":0,"cards_upgraded":["Strike_B","Zap"]},{"damage_healed":0,"gold_gain":0,"player_choice":"2 cards matched","damage_taken":0,"max_hp_gain":0,"max_hp_loss":0,"event_name":"Match and Keep!","floor":3,"gold_loss":0,"cards_obtained":["Thunder Strike","Panacea"]},{"damage_healed":0,"gold_gain":0,"player_choice":"Searched \u00271\u0027 times","damage_taken":0,"relics_obtained":["Kunai"],"max_hp_gain":0,"max_hp_loss":0,"event_name":"Dead Adventurer","floor":8,"gold_loss":0}],"is_beta":false,"boss_relics":[],"items_purged_floors":[],"is_endless":false,"potions_floor_spawned":[4,5,11,14],"killed_by":"Slime Boss","ascension_level":5}