{"gold_per_floor":[15,26,26,41,55,55,90,106,106,106,30,30],"floor_reached":12,"playtime":434,"items_purged":[],"score":160,"play_id":"970e266c-9798-4176-b7fc-1fec646eae1b","local_time":"20190208195036","is_ascension_mode":true,"campfire_choices":[{"data":"Neutralize","floor":6,"key":"SMITH"},{"floor":10,"key":"REST"}],"neow_cost":"NO_GOLD","seed_source_timestamp":178948892158000,"circlet_count":0,"master_deck":["AscendersBane","Defend_G","Defend_G","Defend_G","Defend_G","Defend_G","Strike_G","Strike_G","Strike_G","Strike_G","Strike_G","Survivor","Neutralize+1","Poisoned Stab","Bouncing Flask","Accuracy","Accuracy","Dodge and Roll","Dodge and Roll","Caltrops"],"relics":["Ring of the Snake","Ginger","Kunai","Anchor","Bottled Lightning"],"potions_floor_usage":[5,12,12,12,12],"damage_taken":[{"damage":4,"enemies":"Jaw Worm","floor":1,"turns":6},{"damage":1,"enemies":"Cultist","floor":2,"turns":3},{"damage":0,"enemies":"2 Louse","floor":4,"turns":3},{"damage":16,"enemies":"Large Slime","floor":5,"turns":8},{"damage":24,"enemies":"Gremlin Nob","floor":7,"turns":4},{"damage":12,"enemies":"Exordium Wildlife","floor":8,"turns":5},{"damage":0,"enemies":"3 Louse","floor":12,"turns":1}],"seed_played":"-9174733854860739647","potions_obtained":[{"floor":2,"key":"Energy Potion"},{"floor":7,"key":"SneckoOil"},{"floor":8,"key":"EntropicBrew"}],"is_trial":false,"path_per_floor":["M","M","?","M","M","R","E","M","T","R","$","M"],"character_chosen":"THE_SILENT","items_purchased":["Caltrops"],"campfire_rested":1,"item_purchase_floors":[11],"current_hp_per_floor":[55,54,54,54,38,38,14,2,2,21,21,21],"gold":30,"neow_bonus":"ONE_RARE_RELIC","is_prod":false,"is_daily":false,"chose_seed":false,"campfire_upgraded":1,"win_rate":0,"timestamp":1549651836,"path_taken":["M","M","?","M","M","R","E","M","T","R","$","?"],"build_version":"2019-01-23","purchased_purges":0,"victory":false,"max_hp_per_floor":[66,66,66,66,66,66,66,66,66,66,66,66],"card_choices":[{"not_picked":["Expertise","Dodge and Roll"],"picked":"Poisoned Stab","floor":1},{"not_picked":["Slice","Underhanded Strike"],"picked":"Bouncing Flask","floor":2},{"not_picked":["Slice","Quick Slash"],"picked":"Accuracy","floor":4},{"not_picked":["Poisoned Stab","Backflip"],"picked":"Accuracy","floor":5},{"not_picked":["Dagger Spray","Prepared"],"picked":"Dodge and Roll","floor":7},{"not_picked":["Eviscerate","Deflect"],"picked":"Dodge and Roll","floor":8}],"player_experience":639436,"relics_obtained":[{"floor":3,"key":"Kunai"},{"floor":7,"key":"Anchor"},{"floor":9,"key":"Bottled Lightning"}],"event_choices":[{"damage_healed":0,"gold_gain":0,"player_choice":"Relic","damage_taken":0,"max_hp_gain":0,"max_hp_loss":0,"event_name":"Wheel of Change","floor":3,"gold_loss":0}],"is_beta":false,"boss_relics":[],"items_purged_floors":[],"is_endless":false,"potions_floor_spawned":[2,7,8],"killed_by":"3 Louse","ascension_level":20}