{"gold_per_floor":[213,224,242,253,253,288,288,332,332,332,347,347,347,360,360,360],"floor_reached":16,"playtime":670,"items_purged":[],"score":123,"play_id":"9f694ae8-830f-47e9-8385-aed741729503","local_time":"20190127104907","is_ascension_mode":true,"campfire_choices":[{"floor":7,"key":"REST"},{"data":"Bash","floor":12,"key":"SMITH"},{"floor":15,"key":"REST"}],"neow_cost":"NONE","seed_source_timestamp":2143104452411996,"circlet_count":0,"master_deck":["Strike_R","Strike_R","Strike_R","Strike_R","Defend_R+1","Defend_R","Defend_R+1","Defend_R+1","Bash+1","Shrug It Off","Cleave","Dropkick","Clothesline","Injury","Inflame","Twin Strike+1","Armaments"],"relics":["Burning Blood","Golden Idol","War Paint","Boot","Art of War"],"potions_floor_usage":[11],"damage_taken":[{"damage":6,"enemies":"Jaw Worm","floor":1,"turns":5},{"damage":5,"enemies":"Small Slimes","floor":2,"turns":4},{"damage":7,"enemies":"Cultist","floor":3,"turns":6},{"damage":35,"enemies":"Large Slime","floor":4,"turns":7},{"damage":35,"enemies":"3 Sentries","floor":6,"turns":7},{"damage":20,"enemies":"Gremlin Nob","floor":8,"turns":5},{"damage":18,"enemies":"3 Louse","floor":11,"turns":7},{"damage":0,"enemies":"Blue Slaver","floor":14,"turns":3},{"damage":49,"enemies":"Slime Boss","floor":16,"turns":5}],"seed_played":"-2221338090449472738","potions_obtained":[{"floor":3,"key":"Poison Potion"},{"floor":4,"key":"SkillPotion"},{"floor":6,"key":"Regen Potion"},{"floor":14,"key":"SmokeBomb"}],"is_trial":false,"path_per_floor":["M","M","M","M","?","E","R","E","T","?","M","R","?","M","R","B"],"character_chosen":"IRONCLAD","items_purchased":[],"campfire_rested":2,"item_purchase_floors":[],"current_hp_per_floor":[80,80,79,50,50,21,45,31,31,31,34,34,18,24,48,0],"gold":360,"neow_bonus":"HUNDRED_GOLD","is_prod":false,"is_daily":false,"chose_seed":false,"campfire_upgraded":1,"win_rate":0,"timestamp":1548582547,"path_taken":["M","M","M","M","?","E","R","E","T","?","?","R","?","M","R","BOSS"],"build_version":"2019-01-23","purchased_purges":0,"victory":false,"max_hp_per_floor":[80,80,80,80,80,80,80,80,80,80,80,80,80,80,80,80],"card_choices":[{"not_picked":["Thunderclap","Battle Trance"],"picked":"Shrug It Off","floor":1},{"not_picked":["Thunderclap","Dual Wield"],"picked":"Cleave","floor":2},{"not_picked":["Heavy Blade","Body Slam"],"picked":"Dropkick","floor":3},{"not_picked":["Havoc","Headbutt"],"picked":"Clothesline","floor":4},{"not_picked":["Havoc","Berserk","Wild Strike"],"picked":"SKIP","floor":6},{"not_picked":["Bloodletting","Cleave"],"picked":"Inflame","floor":8},{"not_picked":["Cleave","Clash"],"picked":"Twin Strike","floor":11},{"not_picked":["Cleave","Wild Strike"],"picked":"Armaments","floor":14}],"player_experience":256429,"relics_obtained":[{"floor":6,"key":"War Paint"},{"floor":8,"key":"Boot"},{"floor":9,"key":"Art of War"}],"event_choices":[{"damage_healed":0,"gold_gain":0,"player_choice":"Take Wound","damage_taken":0,"relics_obtained":["Golden Idol"],"max_hp_gain":0,"max_hp_loss":0,"event_name":"Golden Idol","floor":5,"gold_loss":0,"cards_obtained":["Injury"]},{"cards_removed":["Strike_R"],"damage_healed":0,"gold_gain":0,"player_choice":"Purged","damage_taken":0,"max_hp_gain":0,"max_hp_loss":0,"event_name":"Purifier","floor":10,"gold_loss":0},{"damage_healed":0,"gold_gain":0,"player_choice":"Entered Light","damage_taken":16,"max_hp_gain":0,"max_hp_loss":0,"event_name":"Shining Light","floor":13,"gold_loss":0,"cards_upgraded":["Defend_R","Twin Strike"]}],"is_beta":false,"boss_relics":[],"items_purged_floors":[],"is_endless":false,"potions_floor_spawned":[3,4,6,14],"killed_by":"Slime Boss","ascension_level":2}