{"path_per_floor":["M","?","M","$","M","E","R","$","T","R","M","T","M","$","R","B",null,"M","M","?","M","?"],"character_chosen":"DEFECT","items_purchased":["Static Discharge","Static Discharge"],"gold_per_floor":[110,110,122,47,60,95,95,27,50,50,68,122,137,61,61,160,160,177,189,219,238,238,238],"floor_reached":23,"campfire_rested":0,"playtime":1159,"item_purchase_floors":[8,14],"current_hp_per_floor":[68,68,68,68,61,30,30,30,30,30,24,24,13,13,13,6,68,64,40,29,20,8,0],"items_purged":["Blizzard"],"gold":238,"score":191,"play_id":"02401901-7ac7-46b9-b473-bd8f82a2e386","local_time":"20180606123731","is_prod":false,"is_daily":false,"chose_seed":false,"is_ascension_mode":false,"campfire_upgraded":3,"win_rate":0,"timestamp":1528256251,"campfire_choices":[{"data":"Static Discharge","floor":7,"key":"SMITH"},{"data":"Static Discharge","floor":10,"key":"SMITH"},{"data":"Static Discharge","floor":15,"key":"SMITH"}],"path_taken":["M","?","M","$","?","E","R","?","T","R","M","?","?","?","R","BOSS","M","M","?","M","?","M"],"build_version":"2018-06-04v2","seed_source_timestamp":0,"purchased_purges":1,"victory":false,"master_deck":["Strike_B","Strike_B","Defend_B","Defend_B","Defend_B","Defend_B","Zap","Dualcast","Static Discharge+1","White Noise","Hologram","Tempest","Ball Lightning","Static Discharge+1","Turbo","Cold Snap","Static Discharge+1","Biased Cognition","Beam Cell","Defragment+1","Consume+1","Self Repair"],"max_hp_per_floor":[68,68,68,68,68,68,68,68,68,68,68,68,68,68,68,68,68,68,68,68,68,73,73],"relics":["Cracked Core","Ancient Tea Set","Pen Nib","Singing Bowl","Inserter","Red Mask"],"card_choices":[{"not_picked":["Scrape","Steam"],"picked":"White Noise","floor":1},{"not_picked":["Sunder","Sweeping Beam"],"picked":"Hologram","floor":3},{"not_picked":["Steam","Glacier"],"picked":"Tempest","floor":5},{"not_picked":["Steam Power","Sunder"],"picked":"Ball Lightning","floor":6},{"not_picked":["Leap","Heatsinks"],"picked":"Turbo","floor":11},{"not_picked":["Steam","Force Field"],"picked":"Cold Snap","floor":13},{"not_picked":["Multi-Cast","All For One"],"picked":"Biased Cognition","floor":16},{"not_picked":["Stack","Conserve Battery"],"picked":"Beam Cell","floor":18},{"not_picked":["Self Repair+1","Conserve Battery"],"picked":"Defragment+1","floor":19},{"not_picked":["Steam","Darkness+1"],"picked":"Consume+1","floor":20},{"not_picked":["Creative AI","Rebound"],"picked":"Self Repair","floor":21}],"player_experience":237387,"potions_floor_usage":[16,16,20,23,23],"damage_taken":[{"damage":0,"enemies":"Small Slimes","floor":1,"turns":3},{"damage":5,"enemies":"Cultist","floor":3,"turns":4},{"damage":7,"enemies":"2 Louse","floor":5,"turns":2},{"damage":31,"enemies":"Lagavulin","floor":6,"turns":5},{"damage":6,"enemies":"Lots of Slimes","floor":11,"turns":2},{"damage":11,"enemies":"Exordium Thugs","floor":13,"turns":2},{"damage":22,"enemies":"Slime Boss","floor":16,"turns":6},{"damage":4,"enemies":"Spheric Guardian","floor":18,"turns":3},{"damage":24,"enemies":"3 Byrds","floor":19,"turns":3},{"damage":20,"floor":20,"turns":2},{"damage":9,"enemies":"Snake Plant","floor":21,"turns":3},{"damage":25,"enemies":"Snecko","floor":23,"turns":3}],"relics_obtained":[{"floor":6,"key":"Ancient Tea Set"},{"floor":9,"key":"Pen Nib"},{"floor":12,"key":"Singing Bowl"},{"floor":20,"key":"Red Mask"}],"event_choices":[{"event_name":"The Lab","player_choice":"Got Potions","floor":2,"damage_taken":0},{"event_name":"Masked Bandits","player_choice":"Fought over 189 gold","floor":20,"damage_taken":0},{"event_name":"Forgotten Altar","player_choice":"Shed Blood","floor":22,"damage_taken":0}],"boss_relics":[{"not_picked":["Black Star","Snecko Eye"],"picked":"Inserter"}],"items_purged_floors":[4],"potions_floor_spawned":[1,6,13,16,19,20],"seed_played":"7511807286861569898","killed_by":"Snecko","ascension_level":0,"potions_obtained":[{"floor":1,"key":"SteroidPotion"},{"floor":2,"key":"SteroidPotion"},{"floor":2,"key":"FocusPotion"},{"floor":2,"key":"Block Potion"},{"floor":13,"key":"Regen Potion"},{"floor":16,"key":"Regen Potion"},{"floor":19,"key":"Swift Potion"},{"floor":20,"key":"SpeedPotion"}],"is_trial":false}