{"gold_per_floor":[410,105,120,131,131,131,165,165,188,188,199,210,1,21,21,21],"floor_reached":16,"playtime":1102,"items_purged":[],"score":102,"play_id":"e9a8b9e0-00f2-4a5b-8102-79c983f397ec","local_time":"20190108105609","is_ascension_mode":false,"campfire_choices":[{"data":"Bash","floor":6,"key":"SMITH"},{"data":"Rupture","floor":8,"key":"SMITH"},{"floor":15,"key":"REST"}],"neow_cost":"CURSE","seed_source_timestamp":631600195601732,"circlet_count":0,"master_deck":["Strike_R","Strike_R","Strike_R","Strike_R","Strike_R","Defend_R+1","Defend_R","Defend_R","Defend_R","Bash+1","Normality","True Grit+1","Shrug It Off","Rupture+1","Fiend Fire","Body Slam","White Noise","Machine Learning"],"relics":["Burning Blood","Old Coin","Champion Belt","Dream Catcher","War Paint","PrismaticShard"],"potions_floor_usage":[],"damage_taken":[{"damage":4,"enemies":"Cultist","floor":1,"turns":4},{"damage":0,"enemies":"Small Slimes","floor":3,"turns":3},{"damage":2,"enemies":"2 Louse","floor":4,"turns":3},{"damage":34,"enemies":"Gremlin Nob","floor":7,"turns":5},{"damage":21,"enemies":"Lots of Slimes","floor":11,"turns":8},{"damage":0,"enemies":"Looter","floor":12,"turns":4},{"damage":12,"enemies":"Blue Slaver","floor":14,"turns":4},{"damage":62,"enemies":"Slime Boss","floor":16,"turns":11}],"seed_played":"2373144058107144860","potions_obtained":[{"floor":4,"key":"Poison Potion"},{"floor":7,"key":"Ancient Potion"},{"floor":11,"key":"Explosive Potion"},{"floor":14,"key":"Regen Potion"}],"is_trial":false,"path_per_floor":["M","$","M","M","$","R","E","R","T","$","M","M","$","M","R","B"],"character_chosen":"IRONCLAD","items_purchased":["Champion Belt","PrismaticShard"],"campfire_rested":1,"item_purchase_floors":[2,13],"current_hp_per_floor":[80,80,80,80,80,80,52,52,52,52,37,43,43,37,61,0],"gold":21,"neow_bonus":"ONE_RARE_RELIC","is_prod":false,"is_daily":false,"chose_seed":false,"campfire_upgraded":2,"win_rate":0.0,"timestamp":1546941369,"path_taken":["M","$","M","?","?","R","E","R","T","$","?","M","?","M","R","BOSS"],"build_version":"2019-01-03v4","purchased_purges":0,"victory":false,"max_hp_per_floor":[80,80,80,80,80,80,80,80,80,80,80,80,80,80,80,80],"card_choices":[{"not_picked":["Cleave","Carnage"],"picked":"True Grit","floor":1},{"not_picked":["Wild Strike","Cleave","Power Through"],"picked":"SKIP","floor":3},{"not_picked":["Searing Blow","Rampage"],"picked":"Shrug It Off","floor":4},{"not_picked":["Corruption","Inflame"],"picked":"Rupture","floor":7},{"not_picked":["Wild Strike","Iron Wave"],"picked":"Fiend Fire","floor":11},{"not_picked":["Twin Strike","Rampage"],"picked":"Body Slam","floor":12},{"not_picked":["Perfected Strike","Redo"],"picked":"White Noise","floor":14},{"not_picked":["Steam","Power Through"],"picked":"Machine Learning","floor":15}],"player_experience":121444,"relics_obtained":[{"floor":7,"key":"Dream Catcher"},{"floor":9,"key":"War Paint"}],"event_choices":[],"is_beta":false,"boss_relics":[],"items_purged_floors":[],"is_endless":false,"potions_floor_spawned":[4,7,11,14],"killed_by":"Slime Boss","ascension_level":0}