{"gold_per_floor":[118,134,134,150,325,325,295,66,148,179,179,220,190,213,213,333,333,357,346,346,369,12,46,61,61,87,111,147,167,44,63,63,186,186,205,52,73,73,97,97,136,136,136,136,136,136],"floor_reached":46,"playtime":11675,"items_purged":["Doubt","Strike_B"],"score":772,"play_id":"e92cf6f6-2c2f-40b6-a809-491b5399665c","local_time":"20181122002908","is_ascension_mode":true,"campfire_choices":[{"floor":6,"key":"REST"},{"floor":11,"key":"REST"},{"floor":15,"key":"REST"},{"floor":25,"key":"REST"},{"floor":32,"key":"REST"},{"data":"1","floor":40,"key":"LIFT"},{"floor":42,"key":"REST"},{"data":"Apotheosis","floor":44,"key":"SMITH"},{"data":"Zap","floor":45,"key":"SMITH"}],"neow_cost":"TEN_PERCENT_HP_LOSS","seed_source_timestamp":341064312738370,"circlet_count":0,"master_deck":["AscendersBane","Strike_B+1","Strike_B+1","Defend_B","Defend_B","Zap+1","Dualcast","Echo Form+1","Glacier","Genetic Algorithm","Self Repair","Seek","Conserve Battery","Coolheaded","Amplify","BootSequence","Cold Snap","Sunder","Apotheosis+1","Trip","Core Surge","Go for the Eyes","Ball Lightning","Chill","All For One","Compile Driver+1","Doom and Gloom+1","Storm+1","Cold Snap+1","Reinforced Body","Gash+1"],"relics":["Cracked Core","Golden Idol","Vajra","Darkstone Periapt","Whetstone","Ice Cream","Runic Dome","Ginger","Ancient Tea Set","Girya","Astrolabe","WingedGreaves","Pantograph"],"potions_floor_usage":[14,14,18,21,24,27,33,33,33,41,46],"damage_taken":[{"damage":1,"enemies":"Cultist","floor":1,"turns":3},{"damage":4,"enemies":"2 Louse","floor":2,"turns":2},{"damage":7,"enemies":"Small Slimes","floor":4,"turns":4},{"damage":1,"enemies":"Looter","floor":7,"turns":4},{"damage":37,"enemies":"3 Sentries","floor":10,"turns":11},{"damage":2,"enemies":"Lagavulin","floor":12,"turns":8},{"damage":19,"enemies":"Gremlin Gang","floor":14,"turns":4},{"damage":41,"enemies":"Slime Boss","floor":16,"turns":18},{"damage":13,"enemies":"Shell Parasite","floor":18,"turns":11},{"damage":12,"enemies":"2 Thieves","floor":19,"turns":4},{"damage":18,"enemies":"Centurion and Healer","floor":21,"turns":10},{"damage":47,"enemies":"Slavers","floor":23,"turns":10},{"damage":15,"enemies":"Snake Plant","floor":24,"turns":4},{"damage":15,"enemies":"Shelled Parasite and Fungi","floor":27,"turns":7},{"damage":9,"enemies":"Book of Stabbing","floor":28,"turns":7},{"damage":0,"enemies":"Sentry and Sphere","floor":29,"turns":8},{"damage":9,"enemies":"Snecko","floor":31,"turns":5},{"damage":29,"enemies":"Collector","floor":33,"turns":11},{"damage":12,"enemies":"3 Shapes","floor":35,"turns":4},{"damage":0,"enemies":"Orb Walker","floor":37,"turns":3},{"damage":10,"enemies":"Sphere and 2 Shapes","floor":39,"turns":4},{"damage":13,"enemies":"Giant Head","floor":41,"turns":7},{"damage":63,"enemies":"Nemesis","floor":46,"turns":6}],"seed_played":"480451090193825777","potions_obtained":[{"floor":4,"key":"SmokeBomb"},{"floor":12,"key":"AttackPotion"},{"floor":13,"key":"Poison Potion"},{"floor":13,"key":"Weak Potion"},{"floor":19,"key":"FearPotion"},{"floor":23,"key":"Weak Potion"},{"floor":24,"key":"EssenceOfSteel"},{"floor":28,"key":"Ancient Potion"},{"floor":31,"key":"SteroidPotion"},{"floor":35,"key":"GamblersBrew"}],"is_trial":false,"path_per_floor":["M","M","?","M","?","R","M","$","T","E","R","E","?","M","R","B",null,"M","M","?","M","$","E","M","R","T","M","E","M","$","M","R","B",null,"M","$","M","?","M","R","E","R","T","R","R","E"],"character_chosen":"DEFECT","items_purchased":["Vajra","Apotheosis","Trip","Chill","Weak Potion","Reinforced Body","FocusPotion"],"campfire_rested":6,"item_purchase_floors":[8,22,22,30,30,36,36],"current_hp_per_floor":[67,63,46,39,39,59,58,58,58,28,48,53,53,41,61,27,58,59,54,54,50,50,17,9,29,29,14,15,25,25,23,43,34,60,48,48,48,48,45,45,42,62,62,62,62,0],"gold":136,"neow_bonus":"THREE_RARE_CARDS","is_prod":false,"is_daily":false,"chose_seed":false,"campfire_upgraded":2,"win_rate":0,"timestamp":1542864548,"path_taken":["M","?","?","M","?","R","M","$","T","E","R","E","?","M","R","BOSS","M","?","?","M","$","E","M","R","T","M","E","?","$","M","R","BOSS","M","$","?","?","M","R","E","R","T","R","R","E"],"build_version":"2018-11-15","purchased_purges":2,"victory":false,"max_hp_per_floor":[68,68,68,68,68,68,68,68,68,68,68,68,68,68,68,68,68,68,68,68,68,68,68,68,68,68,68,68,68,68,68,68,68,68,68,68,68,68,68,68,68,68,68,68,68,68],"card_choices":[{"not_picked":["Multi-Cast","Machine Learning"],"picked":"Echo Form","floor":0},{"not_picked":["Barrage","Force Field","Sweeping Beam"],"picked":"SKIP","floor":1},{"not_picked":["Cold Snap","Leap"],"picked":"Glacier","floor":2},{"not_picked":["Static Discharge","Darkness"],"picked":"Genetic Algorithm","floor":4},{"not_picked":["BootSequence","Redo"],"picked":"Self Repair","floor":7},{"not_picked":["Self Repair","Genetic Algorithm"],"picked":"Seek","floor":10},{"not_picked":["Capacitor","Redo"],"picked":"Conserve Battery","floor":12},{"not_picked":["Rebound","Hologram"],"picked":"Coolheaded","floor":14},{"not_picked":["Reboot","Thunder Strike"],"picked":"Amplify","floor":16},{"not_picked":["Leap","Beam Cell+1"],"picked":"BootSequence","floor":18},{"not_picked":["Double Energy","Loop"],"picked":"Cold Snap","floor":19},{"not_picked":["Beam Cell","Melter+1"],"picked":"Sunder","floor":21},{"not_picked":["Stack","Defragment"],"picked":"Core Surge","floor":23},{"not_picked":["Conserve Battery","Leap"],"picked":"Go for the Eyes","floor":24},{"not_picked":["Redo","Aggregate+1","Storm"],"picked":"SKIP","floor":27},{"not_picked":["Storm+1","Leap+1","Glacier"],"picked":"SKIP","floor":28},{"not_picked":["Genetic Algorithm+1","Skim"],"picked":"Ball Lightning","floor":29},{"not_picked":["Echo Form","Double Energy","Gash"],"picked":"SKIP","floor":31},{"not_picked":["Multi-Cast","Hyperbeam"],"picked":"All For One","floor":33},{"not_picked":["Coolheaded+1","Barrage+1"],"picked":"Cold Snap+1","floor":35},{"not_picked":["Stack","Hologram","Steam+1"],"picked":"SKIP","floor":37},{"not_picked":["Redo","Reinforced Body+1","Barrage+1"],"picked":"SKIP","floor":39},{"not_picked":["Leap","Hello World+1"],"picked":"Gash+1","floor":41}],"player_experience":574879,"relics_obtained":[{"floor":9,"key":"Darkstone Periapt"},{"floor":10,"key":"Whetstone"},{"floor":12,"key":"Ice Cream"},{"floor":23,"key":"Ginger"},{"floor":26,"key":"Ancient Tea Set"},{"floor":28,"key":"Girya"},{"floor":41,"key":"WingedGreaves"},{"floor":43,"key":"Pantograph"}],"event_choices":[{"damage_healed":0,"gold_gain":0,"player_choice":"Take Damage","damage_taken":17,"relics_obtained":["Golden Idol"],"max_hp_gain":0,"max_hp_loss":0,"event_name":"Golden Idol","floor":3,"gold_loss":0},{"damage_healed":0,"gold_gain":175,"player_choice":"AGREE","damage_taken":0,"max_hp_gain":0,"max_hp_loss":0,"event_name":"Liars Game","floor":5,"gold_loss":0,"cards_obtained":["Doubt"]},{"damage_healed":0,"gold_gain":0,"player_choice":"Bought 2 Potions","damage_taken":0,"max_hp_gain":0,"max_hp_loss":0,"event_name":"The Woman in Blue","floor":13,"gold_loss":0},{"damage_healed":0,"gold_gain":0,"player_choice":"Upgraded","damage_taken":0,"max_hp_gain":0,"max_hp_loss":0,"event_name":"Upgrade Shrine","floor":20,"gold_loss":0,"cards_upgraded":["Echo Form"]},{"damage_healed":0,"gold_gain":0,"player_choice":"Ignored","damage_taken":0,"max_hp_gain":0,"max_hp_loss":0,"event_name":"Mysterious Sphere","floor":38,"gold_loss":0}],"is_beta":false,"boss_relics":[{"not_picked":["FrozenCore","Black Star"],"picked":"Runic Dome"},{"not_picked":["Eternal Feather","White Beast Statue"],"picked":"Astrolabe"}],"items_purged_floors":[8,22],"is_endless":false,"potions_floor_spawned":[4,12,19,23,24,28,31,35],"killed_by":"Nemesis","ascension_level":10}