{"gold_per_floor":[113,42,42,42,61,95,95,95,171,171,186,211,211,249,249,372,372,388,43,62,77,77],"floor_reached":22,"playtime":2193,"items_purged":[],"score":219,"play_id":"87764b16-602b-4325-b308-0f976131ecc9","local_time":"20190107200933","is_ascension_mode":false,"campfire_choices":[{"floor":8,"key":"REST"},{"floor":13,"key":"REST"},{"data":"Deadly Poison","floor":15,"key":"SMITH"}],"neow_cost":"NONE","seed_source_timestamp":1425058291600677,"circlet_count":0,"master_deck":["Defend_G","Defend_G","Defend_G","Defend_G","Defend_G","Strike_G","Strike_G","Strike_G","Strike_G","Survivor","Neutralize","Deadly Poison+1","Caltrops","Tools of the Trade","PiercingWail","Quick Slash","Night Terror","Corpse Explosion","Blade Dance","Noxious Fumes","PiercingWail","Escape Plan+1","Quick Slash"],"relics":["Ring of the Snake","NeowsBlessing","Golden Idol","Pen Nib","PreservedInsect","Tiny Chest","Du-Vu Doll","Busted Crown","Toxic Egg 2"],"potions_floor_usage":[18,22],"damage_taken":[{"damage":0,"enemies":"Small Slimes","floor":1,"turns":1},{"damage":0,"enemies":"Jaw Worm","floor":5,"turns":1},{"damage":0,"enemies":"3 Sentries","floor":6,"turns":1},{"damage":1,"enemies":"Cultist","floor":11,"turns":5},{"damage":8,"enemies":"3 Louse","floor":12,"turns":5},{"damage":26,"enemies":"Lagavulin","floor":14,"turns":7},{"damage":26,"enemies":"Hexaghost","floor":16,"turns":9},{"damage":17,"enemies":"Shell Parasite","floor":18,"turns":5},{"damage":22,"enemies":"Spheric Guardian","floor":20,"turns":5},{"damage":30,"enemies":"Snake Plant","floor":21,"turns":5},{"damage":6,"enemies":"Shelled Parasite and Fungi","floor":22,"turns":3}],"seed_played":"-2991483429304532806","potions_obtained":[{"floor":6,"key":"Weak Potion"},{"floor":14,"key":"AttackPotion"},{"floor":16,"key":"FearPotion"},{"floor":20,"key":"SpeedPotion"}],"is_trial":false,"path_per_floor":["M","$","?","?","M","E","?","R","T","?","M","M","R","E","R","B",null,"M","$","M","M","M"],"character_chosen":"THE_SILENT","items_purchased":["Caltrops","Noxious Fumes","PiercingWail","Toxic Egg 2"],"campfire_rested":2,"item_purchase_floors":[2,19,19,19],"current_hp_per_floor":[70,70,53,41,41,41,34,55,55,55,54,46,67,41,41,15,70,53,53,31,1,0],"gold":77,"neow_bonus":"THREE_ENEMY_KILL","is_prod":false,"is_daily":false,"chose_seed":false,"campfire_upgraded":1,"win_rate":0.0,"timestamp":1546909773,"path_taken":["M","$","?","?","M","E","?","R","T","?","?","M","R","E","R","BOSS","M","?","M","M","M"],"build_version":"2019-01-03v4","purchased_purges":0,"victory":false,"max_hp_per_floor":[70,70,70,70,70,70,70,70,70,70,70,70,70,70,70,70,70,70,70,70,70,70],"card_choices":[{"not_picked":["Underhanded Strike","Reflex"],"picked":"Deadly Poison","floor":1},{"not_picked":["Escape Plan","Acrobatics","Dagger Throw"],"picked":"SKIP","floor":5},{"not_picked":["Prepared","Dodge and Roll"],"picked":"Tools of the Trade","floor":6},{"not_picked":["Choke","Tactician"],"picked":"PiercingWail","floor":11},{"not_picked":["Bane","Poisoned Stab"],"picked":"Quick Slash","floor":12},{"not_picked":["Finisher","Bane"],"picked":"Night Terror","floor":14},{"not_picked":["Phantasmal Killer","Venomology"],"picked":"Corpse Explosion","floor":16},{"not_picked":[],"picked":"Blade Dance","floor":18},{"not_picked":[],"picked":"Escape Plan+1","floor":20},{"not_picked":[],"picked":"Quick Slash","floor":21}],"player_experience":49822,"relics_obtained":[{"floor":6,"key":"PreservedInsect"},{"floor":9,"key":"Tiny Chest"},{"floor":14,"key":"Du-Vu Doll"}],"event_choices":[{"damage_healed":0,"gold_gain":0,"player_choice":"Take Damage","damage_taken":17,"relics_obtained":["Golden Idol"],"max_hp_gain":0,"max_hp_loss":0,"event_name":"Golden Idol","floor":3,"gold_loss":0},{"damage_healed":0,"gold_gain":0,"player_choice":"Success","damage_taken":12,"relics_obtained":["Pen Nib"],"max_hp_gain":0,"max_hp_loss":0,"event_name":"Scrap Ooze","floor":4,"gold_loss":0},{"cards_removed":["Strike_G"],"damage_healed":0,"gold_gain":0,"player_choice":"Card Removal","damage_taken":7,"max_hp_gain":0,"max_hp_loss":0,"event_name":"Golden Wing","floor":7,"gold_loss":0},{"damage_healed":0,"gold_gain":0,"player_choice":"Leave","damage_taken":0,"max_hp_gain":0,"max_hp_loss":0,"event_name":"The Cleric","floor":10,"gold_loss":0}],"is_beta":false,"boss_relics":[{"not_picked":["Snecko Eye","Tiny House"],"picked":"Busted Crown"}],"items_purged_floors":[],"is_endless":false,"potions_floor_spawned":[6,14,16,20,21],"killed_by":"Shelled Parasite and Fungi","ascension_level":0}