{"gold_per_floor":[118,118,118,136,61,78,48,64,64,76,88,88,105,152,152,247,247,262,282,282,155,166,166,182,194,269,269,286,302,322,322,322,422,422,440,457,255,271,271,271,285,296,320,347,209,209,224,237,237,237],"floor_reached":51,"playtime":2831,"items_purged":["Strike_B","Strike_B","Strike_B","Defend_B"],"score":651,"play_id":"c288c35c-9666-48b4-a310-eac154c9272b","local_time":"20181115011515","is_ascension_mode":false,"campfire_choices":[{"data":"Dualcast","floor":12,"key":"SMITH"},{"data":"Creative AI","floor":15,"key":"SMITH"},{"data":"Buffer","floor":23,"key":"SMITH"},{"data":"Amplify","floor":32,"key":"SMITH"},{"data":"Capacitor","floor":40,"key":"SMITH"},{"data":"Conserve Battery","floor":46,"key":"SMITH"},{"data":"Force Field","floor":49,"key":"SMITH"}],"neow_cost":"NONE","seed_source_timestamp":185378792298808,"circlet_count":0,"master_deck":["Defend_B","Defend_B","Defend_B","Zap","Dualcast+1","Creative AI+1","Coolheaded","Leap","Self Repair","Go for the Eyes","Auto Shields","Conserve Battery+1","Electrodynamics","Beam Cell","Amplify+1","Buffer+1","Necronomicurse","Stack","Go for the Eyes","Force Field+1","Go for the Eyes","Heatsinks","Melter","Ball Lightning","Echo Form","FTL+1","Leap+1","Capacitor+1","Consume+1","Cold Snap+1","Self Repair","Storm","Capacitor","Parasite","Glacier+1"],"relics":["Cracked Core","Anchor","Strawberry","Coffee Dripper","Necronomicon","Darkstone Periapt","Pantograph","Runic Dome","MawBank"],"potions_floor_usage":[38,47,50],"damage_taken":[{"damage":20,"enemies":"Jaw Worm","floor":1,"turns":4},{"damage":1,"enemies":"Cultist","floor":4,"turns":4},{"damage":5,"enemies":"Small Slimes","floor":6,"turns":4},{"damage":3,"enemies":"Looter","floor":7,"turns":4},{"damage":2,"enemies":"Blue Slaver","floor":8,"turns":4},{"damage":1,"enemies":"Lots of Slimes","floor":10,"turns":7},{"damage":6,"enemies":"Exordium Wildlife","floor":11,"turns":4},{"damage":4,"enemies":"Exordium Thugs","floor":13,"turns":4},{"damage":53,"enemies":"The Guardian","floor":16,"turns":9},{"damage":1,"enemies":"2 Thieves","floor":18,"turns":2},{"damage":0,"enemies":"3 Byrds","floor":19,"turns":3},{"damage":19,"enemies":"Snake Plant","floor":22,"turns":6},{"damage":0,"enemies":"3 Cultists","floor":24,"turns":4},{"damage":0,"enemies":"Snecko","floor":25,"turns":8},{"damage":14,"enemies":"Cultist and Chosen","floor":28,"turns":9},{"damage":14,"enemies":"Sentry and Sphere","floor":29,"turns":6},{"damage":0,"enemies":"Snecko","floor":30,"turns":9},{"damage":32,"enemies":"Automaton","floor":33,"turns":10},{"damage":27,"enemies":"3 Darklings","floor":35,"turns":5},{"damage":0,"enemies":"3 Shapes","floor":36,"turns":7},{"damage":0,"enemies":"Transient","floor":38,"turns":5},{"damage":14,"enemies":"Maw","floor":41,"turns":10},{"damage":8,"enemies":"3 Darklings","floor":42,"turns":3},{"damage":56,"enemies":"Spire Growth","floor":44,"turns":9},{"damage":20,"enemies":"Sphere and 2 Shapes","floor":47,"turns":6},{"damage":4,"enemies":"Writhing Mass","floor":48,"turns":7},{"damage":61,"enemies":"Donu and Deca","floor":50,"turns":8}],"seed_played":"7199581254285909675","potions_obtained":[{"floor":3,"key":"LiquidBronze"},{"floor":3,"key":"AttackPotion"},{"floor":3,"key":"PowerPotion"},{"floor":18,"key":"Regen Potion"},{"floor":38,"key":"FairyPotion"},{"floor":47,"key":"SteroidPotion"}],"is_trial":false,"path_per_floor":["M","?","?","M","$","M","M","M","T","M","M","R","M","T","R","B",null,"M","M","?","$","M","R","M","M","T","?","M","M","M","?","R","B",null,"M","M","$","M","?","R","M","M","T","M","$","R","M","M","R","B",null],"character_chosen":"DEFECT","items_purchased":["Stack","Capacitor"],"campfire_rested":0,"item_purchase_floors":[21,37],"current_hp_per_floor":[55,48,48,47,47,42,46,51,51,57,58,58,61,68,68,22,82,81,82,66,66,54,54,61,68,68,68,61,54,68,60,60,64,82,62,76,76,82,82,82,75,67,67,25,25,25,12,28,28,15],"gold":237,"neow_bonus":"ONE_RANDOM_RARE_CARD","is_prod":false,"is_daily":false,"chose_seed":false,"campfire_upgraded":7,"win_rate":0,"timestamp":1542212115,"path_taken":["M","?","?","M","$","M","?","M","T","M","?","R","M","?","R","BOSS","M","M","?","$","M","R","M","M","T","?","M","M","M","?","R","BOSS","M","M","?","?","?","R","M","M","T","M","?","R","?","M","R","BOSS"],"build_version":"2018-11-08","purchased_purges":4,"victory":true,"max_hp_per_floor":[75,75,75,75,75,75,75,75,75,75,75,75,75,82,82,82,82,82,82,82,82,82,82,82,82,82,82,82,82,82,82,82,82,82,82,82,82,82,82,82,82,82,82,82,82,82,82,88,88,88],"card_choices":[{"not_picked":["Stack","Aggregate"],"picked":"Coolheaded","floor":1},{"not_picked":["Rebound","Lockon"],"picked":"Leap","floor":4},{"not_picked":["Beam Cell","Darkness"],"picked":"Self Repair","floor":6},{"not_picked":["Reinforced Body","Leap"],"picked":"Go for the Eyes","floor":7},{"not_picked":["Coolheaded","Capacitor"],"picked":"Auto Shields","floor":8},{"not_picked":["Rebound","Barrage"],"picked":"Conserve Battery","floor":10},{"not_picked":["Darkness","Barrage"],"picked":"Electrodynamics","floor":11},{"not_picked":["Rebound","Gash"],"picked":"Beam Cell","floor":13},{"not_picked":["Seek","Thunder Strike"],"picked":"Amplify","floor":16},{"not_picked":["Streamline","Doom and Gloom","Stack"],"picked":"SKIP","floor":18},{"not_picked":["Steam+1","Beam Cell"],"picked":"Buffer","floor":19},{"not_picked":["Compile Driver","Barrage"],"picked":"Go for the Eyes","floor":22},{"not_picked":["Coolheaded","Barrage"],"picked":"Force Field","floor":24},{"not_picked":["Turbo","Compile Driver"],"picked":"Go for the Eyes","floor":25},{"not_picked":["Doom and Gloom","Compile Driver"],"picked":"Heatsinks","floor":28},{"not_picked":["All For One","Turbo"],"picked":"Melter","floor":29},{"not_picked":["Turbo","Gash"],"picked":"Ball Lightning","floor":30},{"not_picked":["Multi-Cast","Reboot"],"picked":"Echo Form","floor":33},{"not_picked":["Streamline","Turbo+1"],"picked":"FTL+1","floor":35},{"not_picked":["Chaos+1","Cold Snap+1"],"picked":"Leap+1","floor":36},{"not_picked":["Fusion","Beam Cell"],"picked":"Consume+1","floor":38},{"not_picked":["Scrape","Gash"],"picked":"Cold Snap+1","floor":41},{"not_picked":["Reprogram+1","Scrape"],"picked":"Self Repair","floor":42},{"not_picked":["Conserve Battery","Redo"],"picked":"Storm","floor":44},{"not_picked":["Compile Driver","Stack"],"picked":"Capacitor","floor":47},{"not_picked":["Reinforced Body","Fusion"],"picked":"Glacier+1","floor":48}],"player_experience":562757,"relics_obtained":[{"floor":9,"key":"Anchor"},{"floor":14,"key":"Strawberry"},{"floor":20,"key":"Necronomicon"},{"floor":26,"key":"Darkstone Periapt"},{"floor":43,"key":"MawBank"}],"event_choices":[{"cards_removed":["Strike_B"],"damage_healed":0,"gold_gain":0,"player_choice":"Card Removal","damage_taken":7,"max_hp_gain":0,"max_hp_loss":0,"event_name":"Golden Wing","floor":2,"gold_loss":0},{"damage_healed":0,"gold_gain":0,"player_choice":"Got Potions","damage_taken":0,"max_hp_gain":0,"max_hp_loss":0,"event_name":"Lab","floor":3,"gold_loss":0},{"damage_healed":0,"gold_gain":0,"player_choice":"Obtained Book","damage_taken":16,"max_hp_gain":0,"max_hp_loss":0,"event_name":"Cursed Tome","floor":20,"gold_loss":0},{"damage_healed":0,"gold_gain":0,"player_choice":"Opened","damage_taken":0,"relics_obtained":["Pantograph"],"max_hp_gain":0,"max_hp_loss":0,"event_name":"The Mausoleum","floor":27,"gold_loss":0},{"damage_healed":0,"gold_gain":0,"player_choice":"","damage_taken":8,"max_hp_gain":0,"max_hp_loss":0,"event_name":"Knowing Skull","floor":31,"potions_obtained":[],"gold_loss":0,"cards_obtained":[]},{"damage_healed":0,"gold_gain":0,"player_choice":"Bought 0 Potions","damage_taken":0,"max_hp_gain":0,"max_hp_loss":0,"event_name":"The Woman in Blue","floor":39,"gold_loss":0}],"is_beta":false,"boss_relics":[{"not_picked":["Pandora\u0027s Box","Tiny House"],"picked":"Coffee Dripper"},{"not_picked":["Inserter","Snecko Eye"],"picked":"Runic Dome"}],"items_purged_floors":[5,21,37,45],"is_endless":false,"potions_floor_spawned":[4,8,11,18,19,28,38,41,47,48],"ascension_level":0}