{"gold_per_floor":[115,40,40,51,62,62,87,87,87,101,101,127,205,225,225,298,298,312,312,6,36,52,52,385,404,429,344,361,92,124,173,173,246,246,258,274,63,163,163,163,189,201,201,216,233,233,233,243,243,243,243],"floor_reached":52,"playtime":5078,"items_purged":["Strike_G","Strike_G"],"score":1931,"play_id":"6f4de026-ff8d-4bdf-bff1-7fb23bc2db87","local_time":"20181124062616","is_ascension_mode":true,"campfire_choices":[{"data":"Deadly Poison","floor":6,"key":"SMITH"},{"data":"Neutralize","floor":8,"key":"SMITH"},{"floor":15,"key":"REST"},{"data":"Wraith Form v2","floor":23,"key":"SMITH"},{"data":"A Thousand Cuts","floor":32,"key":"SMITH"},{"data":"Tactician","floor":40,"key":"SMITH"},{"data":"Acrobatics","floor":47,"key":"SMITH"},{"data":"Acrobatics","floor":49,"key":"SMITH"}],"neow_cost":"NONE","seed_source_timestamp":85688196425400,"circlet_count":0,"master_deck":["AscendersBane","Defend_G","Defend_G","Defend_G","Defend_G","Survivor","Neutralize+1","Footwork+1","Dash+1","Underhanded Strike","Neutralize","Dagger Throw","Deadly Poison+1","Deflect","Crippling Poison","Wraith Form v2+1","Acrobatics+1","Adrenaline","PiercingWail","Footwork+1","Dash","Escape Plan","Tactician+1","Choke+1","A Thousand Cuts+1","Poisoned Stab","Sucker Punch+1","Dodge and Roll","Adrenaline","Acrobatics+1","PiercingWail+1"],"relics":["Astrolabe","Mango","Gambling Chip","Mercury Hourglass","Anchor","Odd Mushroom","Sozu","Vajra","DollysMirror","Red Mask","Old Coin","Bronze Scales","Pantograph","Kunai","Art of War","Lizard Tail","TwistedFunnel","Dead Branch","Dodecahedron","Oddly Smooth Stone"],"potions_floor_usage":[7,16,24],"damage_taken":[{"damage":0,"enemies":"Jaw Worm","floor":1,"turns":6},{"damage":0,"enemies":"2 Louse","floor":4,"turns":4},{"damage":0,"enemies":"Cultist","floor":5,"turns":4},{"damage":36,"enemies":"Gremlin Nob","floor":7,"turns":4},{"damage":6,"enemies":"Exordium Thugs","floor":10,"turns":5},{"damage":7,"enemies":"Lagavulin","floor":12,"turns":5},{"damage":7,"enemies":"The Mushroom Lair","floor":14,"turns":3},{"damage":32,"enemies":"Slime Boss","floor":16,"turns":10},{"damage":0,"enemies":"3 Byrds","floor":18,"turns":4},{"damage":15,"enemies":"Masked Bandits","floor":21,"turns":4},{"damage":0,"enemies":"Shell Parasite","floor":22,"turns":4},{"damage":0,"enemies":"Book of Stabbing","floor":24,"turns":5},{"damage":0,"enemies":"Centurion and Healer","floor":25,"turns":7},{"damage":9,"enemies":"Snake Plant","floor":28,"turns":3},{"damage":10,"enemies":"Slavers","floor":30,"turns":6},{"damage":2,"enemies":"Collector","floor":33,"turns":9},{"damage":1,"enemies":"Orb Walker","floor":35,"turns":3},{"damage":14,"enemies":"3 Darklings","floor":36,"turns":4},{"damage":6,"enemies":"Mind Bloom Boss Battle","floor":38,"turns":6},{"damage":0,"enemies":"Reptomancer","floor":41,"turns":6},{"damage":9,"enemies":"Transient","floor":42,"turns":6},{"damage":0,"enemies":"Sphere and 2 Shapes","floor":44,"turns":3},{"damage":0,"enemies":"Maw","floor":45,"turns":8},{"damage":0,"enemies":"Writhing Mass","floor":48,"turns":7},{"damage":23,"enemies":"Awakened One","floor":50,"turns":21},{"damage":10,"enemies":"Donu and Deca","floor":51,"turns":13}],"seed_played":"8288130084530419445","potions_obtained":[{"floor":7,"key":"Fruit Juice"},{"floor":12,"key":"LiquidBronze"},{"floor":14,"key":"Weak Potion"}],"is_trial":false,"path_per_floor":["M","?","?","M","M","R","E","R","T","M","T","E","?","?","R","B",null,"M","?","$","?","M","R","E","M","T","?","M","$","E","T","R","B",null,"M","M","$","?","?","R","E","M","T","M","M","?","R","M","R","B","B",null],"character_chosen":"THE_SILENT","items_purchased":["DollysMirror","A Thousand Cuts","TwistedFunnel"],"campfire_rested":1,"item_purchase_floors":[20,29,37],"current_hp_per_floor":[59,59,59,59,59,59,42,42,42,36,36,29,29,22,47,15,68,68,68,68,53,53,53,53,53,53,53,44,44,34,34,34,57,78,77,63,63,79,79,79,79,70,70,70,70,70,70,70,70,62,75],"gold":243,"neow_bonus":"BOSS_RELIC","is_prod":false,"is_daily":false,"chose_seed":false,"campfire_upgraded":7,"win_rate":0,"timestamp":1543058776,"path_taken":["M","?","?","M","?","R","E","R","T","M","?","E","?","?","R","BOSS","M","?","$","?","M","R","E","M","T","?","M","$","E","?","R","BOSS","M","?","?","?","?","R","E","?","T","M","M","?","R","M","R","BOSS","BOSS"],"build_version":"2018-11-15","purchased_purges":2,"victory":true,"max_hp_per_floor":[66,66,66,66,66,66,85,85,85,85,85,85,85,85,85,85,85,85,85,85,85,85,85,85,85,85,85,85,85,85,85,85,85,85,85,85,85,85,85,85,85,85,85,85,85,85,85,85,85,85,85],"card_choices":[{"not_picked":["Slice","Blade Dance"],"picked":"Underhanded Strike","floor":1},{"not_picked":["Cloak And Dagger","Dodge and Roll"],"picked":"Dagger Throw","floor":4},{"not_picked":["Caltrops","PiercingWail"],"picked":"Deadly Poison","floor":5},{"not_picked":["Tactician","Blade Dance"],"picked":"Deflect","floor":7},{"not_picked":["Bane","Caltrops"],"picked":"Crippling Poison","floor":10},{"not_picked":["Endless Agony","Eviscerate"],"picked":"Wraith Form v2","floor":12},{"not_picked":["Flying Knee","Distraction"],"picked":"Acrobatics","floor":14},{"not_picked":["A Thousand Cuts","Wraith Form v2"],"picked":"Adrenaline","floor":16},{"not_picked":["Deflect","Prepared"],"picked":"PiercingWail","floor":18},{"not_picked":["Skewer","Acrobatics"],"picked":"Dash","floor":21},{"not_picked":["Flying Knee","Finisher"],"picked":"Escape Plan","floor":22},{"not_picked":["Outmaneuver","Predator"],"picked":"Tactician","floor":24},{"not_picked":["Sucker Punch","Setup"],"picked":"Choke+1","floor":25},{"not_picked":["Bouncing Flask","Prepared","Bane+1"],"picked":"SKIP","floor":28},{"not_picked":["Phantasmal Killer","Deflect"],"picked":"Poisoned Stab","floor":30},{"not_picked":["Acrobatics","Dagger Throw"],"picked":"Sucker Punch+1","floor":35},{"not_picked":["Quick Slash+1","Flying Knee","Dagger Spray"],"picked":"SKIP","floor":36},{"not_picked":["Deadly Poison","Quick Slash"],"picked":"Dodge and Roll","floor":38},{"not_picked":["After Image","Flying Knee","Crippling Poison"],"picked":"SKIP","floor":41},{"not_picked":["Flying Knee+1","Sucker Punch","Accuracy+1"],"picked":"SKIP","floor":42},{"not_picked":["Flying Knee+1","Sucker Punch","Accuracy+1"],"picked":"SKIP","floor":42},{"not_picked":["Tactician","Noxious Fumes"],"picked":"Acrobatics","floor":44},{"not_picked":["Poisoned Stab+1","Escape Plan"],"picked":"PiercingWail+1","floor":45},{"not_picked":["Skewer","Expertise","Poisoned Stab+1"],"picked":"SKIP","floor":48}],"player_experience":1665112,"relics_obtained":[{"floor":7,"key":"Mango"},{"floor":9,"key":"Gambling Chip"},{"floor":11,"key":"Mercury Hourglass"},{"floor":12,"key":"Anchor"},{"floor":14,"key":"Odd Mushroom"},{"floor":19,"key":"Vajra"},{"floor":21,"key":"Red Mask"},{"floor":24,"key":"Old Coin"},{"floor":26,"key":"Bronze Scales"},{"floor":30,"key":"Kunai"},{"floor":31,"key":"Art of War"},{"floor":38,"key":"Dead Branch"},{"floor":41,"key":"Dodecahedron"},{"floor":43,"key":"Oddly Smooth Stone"}],"event_choices":[{"cards_removed":["Defend_G"],"damage_healed":0,"gold_gain":0,"player_choice":"Card Removal","damage_taken":0,"max_hp_gain":0,"max_hp_loss":0,"event_name":"The Cleric","floor":2,"gold_loss":75},{"damage_healed":0,"gold_gain":0,"player_choice":"1 cards matched","damage_taken":0,"max_hp_gain":0,"max_hp_loss":0,"event_name":"Match and Keep!","floor":3,"gold_loss":0,"cards_obtained":["Neutralize"]},{"damage_healed":0,"gold_gain":78,"player_choice":"Gained Gold","damage_taken":0,"max_hp_gain":0,"max_hp_loss":0,"event_name":"Golden Wing","floor":13,"gold_loss":0},{"damage_healed":0,"gold_gain":0,"player_choice":"Fought Mushrooms","damage_taken":0,"max_hp_gain":0,"max_hp_loss":0,"event_name":"Mushrooms","floor":14,"gold_loss":0},{"damage_healed":0,"gold_gain":0,"player_choice":"Relic","damage_taken":0,"max_hp_gain":0,"max_hp_loss":0,"event_name":"Wheel of Change","floor":19,"gold_loss":0},{"damage_healed":0,"gold_gain":0,"player_choice":"Fought Bandits","damage_taken":0,"max_hp_gain":0,"max_hp_loss":0,"event_name":"Masked Bandits","floor":21,"gold_loss":0},{"damage_healed":0,"gold_gain":0,"player_choice":"Obtained Relic","damage_taken":0,"relics_obtained":["Pantograph"],"max_hp_gain":0,"max_hp_loss":0,"event_name":"Addict","floor":27,"gold_loss":85},{"damage_healed":0,"gold_gain":0,"player_choice":"Fight","damage_taken":0,"max_hp_gain":0,"max_hp_loss":0,"event_name":"MindBloom","floor":38,"gold_loss":0},{"damage_healed":0,"gold_gain":0,"player_choice":"Copied","damage_taken":0,"max_hp_gain":0,"max_hp_loss":0,"event_name":"Duplicator","floor":39,"gold_loss":0,"cards_obtained":["Adrenaline"]},{"cards_removed":["Tools of the Trade"],"damage_healed":0,"gold_gain":0,"player_choice":"Removed Power","damage_taken":0,"max_hp_gain":0,"max_hp_loss":0,"event_name":"Falling","floor":46,"gold_loss":0}],"is_beta":true,"boss_relics":[{"not_picked":["HoveringKite","Snecko Eye"],"picked":"Sozu"},{"not_picked":["Black Star","Runic Dome"],"picked":"Lizard Tail"}],"items_purged_floors":[20,29],"is_endless":false,"potions_floor_spawned":[7,12,14,18,21,22,25,30,36,38,42,48],"ascension_level":20}