{"gold_per_floor":[15,15,15,26,26,53,68,68,91,91,91,101,116,131,131,131],"floor_reached":16,"playtime":1032,"items_purged":[],"score":112,"play_id":"d3026eec-0e4a-4af7-9f28-9eb7ef5d11d7","local_time":"20181013132103","is_ascension_mode":true,"campfire_choices":[{"data":"Neutralize","floor":10,"key":"SMITH"},{"floor":15,"key":"REST"}],"neow_cost":"NO_GOLD","seed_source_timestamp":302134206053380,"circlet_count":0,"master_deck":["Defend_G","Defend_G","Defend_G","Defend_G","Defend_G","Strike_G","Strike_G","Strike_G","Strike_G","Survivor","Neutralize+1","Dodge and Roll","Prepared","Bouncing Flask","Quick Slash","Parasite","Acrobatics","Deadly Poison","Flying Knee"],"relics":["Ring of the Snake","Shovel","Blood Vial","Strawberry"],"potions_floor_usage":[4,4,6,6,6,11,16],"damage_taken":[{"damage":0,"enemies":"2 Louse","floor":1,"turns":4},{"damage":0,"enemies":"Jaw Worm","floor":4,"turns":3},{"damage":28,"enemies":"Gremlin Nob","floor":6,"turns":7},{"damage":2,"enemies":"Cultist","floor":7,"turns":4},{"damage":16,"enemies":"Gremlin Nob","floor":11,"turns":4},{"damage":5,"enemies":"2 Fungi Beasts","floor":12,"turns":5},{"damage":6,"enemies":"Red Slaver","floor":13,"turns":5},{"damage":18,"enemies":"Exordium Thugs","floor":14,"turns":5},{"damage":52,"enemies":"Slime Boss","floor":16,"turns":8}],"seed_played":"7514953096667564178","potions_obtained":[{"floor":1,"key":"Poison Potion"},{"floor":3,"key":"PowerPotion"},{"floor":3,"key":"EntropicBrew"},{"floor":4,"key":"Weak Potion"},{"floor":7,"key":"Strength Potion"}],"is_trial":false,"path_per_floor":["M","?","?","M","$","E","M","?","T","R","?","M","M","M","R"],"character_chosen":"THE_SILENT","items_purchased":[],"campfire_rested":1,"item_purchase_floors":[],"current_hp_per_floor":[70,63,63,63,63,35,35,52,59,59,45,42,38,22,45,0],"gold":131,"neow_bonus":"ONE_RARE_RELIC","is_prod":false,"is_daily":false,"chose_seed":false,"campfire_upgraded":1,"win_rate":0,"timestamp":1539451263,"path_taken":["M","?","?","M","$","E","M","?","T","R","?","?","M","M","R","BOSS"],"build_version":"2018-10-11","purchased_purges":0,"victory":false,"max_hp_per_floor":[70,70,70,70,70,70,70,70,77,77,77,77,77,77,77,77],"card_choices":[{"not_picked":["Backstab","Reflex"],"picked":"Dodge and Roll","floor":1},{"not_picked":["Setup","PiercingWail"],"picked":"Prepared","floor":4},{"not_picked":["Deadly Poison","Die Die Die"],"picked":"Bouncing Flask","floor":6},{"not_picked":["Underhanded Strike","Endless Agony"],"picked":"Quick Slash","floor":7},{"not_picked":["Outmaneuver","Bane"],"picked":"Acrobatics","floor":12},{"not_picked":["Underhanded Strike","Flechettes"],"picked":"Deadly Poison","floor":13},{"not_picked":["Outmaneuver","Backstab"],"picked":"Flying Knee","floor":14}],"player_experience":304002,"relics_obtained":[{"floor":6,"key":"Blood Vial"},{"floor":9,"key":"Strawberry"}],"event_choices":[{"event_name":"Golden Wing","player_choice":"Card Removal","floor":2,"damage_taken":0},{"event_name":"The Lab","player_choice":"Got Potions","floor":3,"damage_taken":0},{"event_name":"Mushrooms","player_choice":"Healed and dodged fight","floor":8,"damage_taken":0},{"event_name":"Dead Adventurer","player_choice":"Searched \u00272\u0027 times","floor":11,"damage_taken":0}],"is_beta":false,"boss_relics":[],"items_purged_floors":[],"is_endless":false,"potions_floor_spawned":[1,4,7,11],"killed_by":"Slime Boss","ascension_level":2}