{"path_per_floor":["M","?","M","M","?","R","M","R","T","E","M","?","R","M","R","B"],"character_chosen":"DEFECT","items_purchased":[],"gold_per_floor":[112,187,200,211,161,161,174,174,174,201,211,211,211,231,231,329,329],"floor_reached":17,"campfire_rested":0,"playtime":1257,"item_purchase_floors":[],"current_hp_per_floor":[74,63,63,63,63,63,44,44,44,30,30,30,30,23,23,16,75],"items_purged":[],"gold":329,"score":157,"play_id":"58bb39ff-d0f5-4831-9882-16dbc1748eec","local_time":"20180521222327","is_prod":false,"is_daily":false,"chose_seed":false,"is_ascension_mode":false,"campfire_upgraded":4,"timestamp":1526909007,"campfire_choices":[{"data":"Darkness","floor":6,"key":"SMITH"},{"data":"Dualcast","floor":8,"key":"SMITH"},{"data":"Strike_B","floor":13,"key":"SMITH"},{"data":"Ball Lightning","floor":15,"key":"SMITH"}],"path_taken":["M","?","?","M","?","R","M","R","T","E","M","?","R","M","R","BOSS"],"build_version":"2018-05-18","seed_source_timestamp":39587132906627,"purchased_purges":0,"victory":false,"master_deck":["Strike_B+1","Defend_B","Defend_B","Defend_B","Zap+1","Dualcast+1","FTL","Darkness+1","Aggregate","Turbo","Glacier","Decay","Ball Lightning+1","Steam Power","Echo Form","Sweeping Beam+1","Sunder+1","Redo+1"],"max_hp_per_floor":[75,75,75,75,75,75,75,75,75,75,75,75,75,75,75,75,75],"relics":["Cracked Core","Anchor","Cables","Astrolabe"],"card_choices":[{"not_picked":["Leap","Lockon"],"picked":"FTL","floor":1},{"not_picked":["Go for the Eyes","Capacitor"],"picked":"Darkness","floor":3},{"not_picked":["Sweeping Beam","Stack"],"picked":"Aggregate","floor":4},{"not_picked":["Cold Snap","Force Field"],"picked":"Turbo","floor":7},{"not_picked":["Reinforced Body","Lockon"],"picked":"Glacier","floor":10},{"not_picked":["Barrage","Gash","Streamline"],"picked":"SKIP","floor":11},{"not_picked":["Streamline","Rip and Tear"],"picked":"Steam Power","floor":14},{"not_picked":["Creative AI","Hyperbeam"],"picked":"Echo Form","floor":16}],"player_experience":166998,"potions_floor_usage":[16],"damage_taken":[{"damage":1,"enemies":"Cultist","floor":1,"turns":3},{"damage":0,"enemies":"2 Louse","floor":3,"turns":2},{"damage":0,"enemies":"Small Slimes","floor":4,"turns":2},{"damage":19,"enemies":"Gremlin Gang","floor":7,"turns":4},{"damage":14,"enemies":"3 Sentries","floor":10,"turns":6},{"damage":0,"enemies":"Exordium Thugs","floor":11,"turns":4},{"damage":7,"enemies":"Blue Slaver","floor":14,"turns":4},{"damage":7,"enemies":"Hexaghost","floor":16,"turns":9}],"relics_obtained":[{"floor":9,"key":"Anchor"},{"floor":10,"key":"Cables"}],"event_choices":[{"event_name":"World of Goop","player_choice":"Gather Gold","floor":2,"damage_taken":0},{"event_name":"The Cleric","player_choice":"Card Removal","floor":5,"damage_taken":0},{"event_name":"Match and Keep!","player_choice":"2 cards matched","floor":12,"damage_taken":0}],"boss_relics":[{"not_picked":["White Beast Statue","Inserter"],"picked":"Astrolabe"}],"items_purged_floors":[],"potions_floor_spawned":[1,3,7],"seed_played":"-6465295804397519921","ascension_level":0,"potions_obtained":[{"floor":1,"key":"AttackPotion"},{"floor":3,"key":"FearPotion"},{"floor":7,"key":"Energy Potion"}],"is_trial":false}