{"path_per_floor":["M","?","M","?","$","R","E","M","T","?","M","$","?","M","R","B",null,"M","?","M","M"],"character_chosen":"DEFECT","items_purchased":["Doom and Gloom","Consume","Chaos+1"],"gold_per_floor":[115,115,127,127,12,12,45,57,129,129,149,68,33,44,44,140,140,150,150,162,181,181],"floor_reached":22,"campfire_rested":1,"playtime":1534,"item_purchase_floors":[5,5,12],"current_hp_per_floor":[75,60,59,59,59,59,51,51,51,51,45,45,45,45,68,34,77,56,56,31,12,0],"items_purged":[],"gold":181,"score":186,"play_id":"fe385e15-d3fe-40b6-9f63-8956b586d1b0","local_time":"20180603004706","is_prod":false,"is_daily":false,"chose_seed":false,"is_ascension_mode":false,"campfire_upgraded":1,"win_rate":0.0,"timestamp":1528001226,"campfire_choices":[{"data":"Doom and Gloom","floor":6,"key":"SMITH"},{"floor":15,"key":"REST"}],"path_taken":["M","?","M","?","?","R","E","?","T","?","M","$","?","M","R","BOSS","M","?","M","?","M"],"build_version":"2018-05-31","seed_source_timestamp":447213770143236,"purchased_purges":0,"victory":false,"master_deck":["Strike_B","Strike_B","Strike_B","Strike_B","Defend_B+1","Defend_B+1","Defend_B","Defend_B","Zap","Dualcast","Chill","Conserve Battery","Doom and Gloom+1","Consume","White Noise","Zap+1","Sweeping Beam","Capacitor","Chaos+1","Darkness+1","Electrodynamics","Leap+1","White Noise+1","Darkness+1","Steam+1"],"max_hp_per_floor":[75,75,75,75,75,75,77,77,77,77,77,77,77,77,77,77,77,77,77,77,77,77],"relics":["Cracked Core","Singing Bowl","Toxic Egg 2","White Beast Statue"],"card_choices":[{"not_picked":["Sweeping Beam","Conserve Battery"],"picked":"Chill","floor":1},{"not_picked":["Gash","Steam"],"picked":"Conserve Battery","floor":3},{"not_picked":["Reinforced Body","Steam","Gash"],"picked":"Singing Bowl","floor":7},{"not_picked":["Conserve Battery","Beam Cell"],"picked":"White Noise","floor":8},{"not_picked":["Streamline","Storm"],"picked":"Capacitor","floor":11},{"not_picked":["Ball Lightning","Gash"],"picked":"Darkness+1","floor":14},{"not_picked":["Thunder Strike","Fission+1"],"picked":"Electrodynamics","floor":16},{"not_picked":["Stack+1","Gash"],"picked":"Leap+1","floor":18},{"not_picked":["Blizzard","Sweeping Beam"],"picked":"Darkness+1","floor":20},{"not_picked":["Blizzard","Scrape+1"],"picked":"Steam+1","floor":21}],"player_experience":100540,"potions_floor_usage":[16,16,16,21,22],"damage_taken":[{"damage":0,"enemies":"Small Slimes","floor":1,"turns":3},{"damage":1,"enemies":"Jaw Worm","floor":3,"turns":3},{"damage":10,"enemies":"3 Sentries","floor":7,"turns":5},{"damage":0,"enemies":"Cultist","floor":8,"turns":4},{"damage":6,"enemies":"3 Louse","floor":11,"turns":2},{"damage":0,"enemies":"Exordium Wildlife","floor":14,"turns":1},{"damage":34,"enemies":"Hexaghost","floor":16,"turns":7},{"damage":21,"enemies":"Shell Parasite","floor":18,"turns":5},{"damage":25,"enemies":"Spheric Guardian","floor":20,"turns":6},{"damage":19,"enemies":"Centurion and Healer","floor":21,"turns":5},{"damage":18,"enemies":"Snecko","floor":22,"turns":3}],"relics_obtained":[{"floor":7,"key":"Singing Bowl"},{"floor":9,"key":"Toxic Egg 2"}],"event_choices":[{"event_name":"Shining Light","player_choice":"Entered Light","floor":2,"damage_taken":0},{"event_name":"The Woman in Blue","player_choice":"Bought 0 Potions","floor":4,"damage_taken":0},{"event_name":"Match and Keep!","player_choice":"2 cards matched","floor":10,"damage_taken":0},{"event_name":"World of Goop","player_choice":"Left","floor":13,"damage_taken":0},{"event_name":"Duplicator","player_choice":"One dupe","floor":19,"damage_taken":0}],"boss_relics":[{"not_picked":["Orrery","Philosopher\u0027s Stone"],"picked":"White Beast Statue"}],"items_purged_floors":[],"potions_floor_spawned":[1,7,11,18,20,21],"seed_played":"-3014195152131217903","killed_by":"Snecko","ascension_level":0,"potions_obtained":[{"floor":1,"key":"Swift Potion"},{"floor":7,"key":"AttackPotion"},{"floor":11,"key":"Poison Potion"},{"floor":18,"key":"Swift Potion"},{"floor":20,"key":"LiquidBronze"},{"floor":21,"key":"Ancient Potion"}],"is_trial":false}