{"gold_per_floor":[112,171,171,5,21,21,37,49,72,106,106,131,142,153,153,227,227,241,256,256,52,77,77,102,102,102,119,130,145,145,159,159,233,233,250,270,270,270],"floor_reached":38,"playtime":3016,"items_purged":["Strike_G"],"score":1166,"play_id":"be4b7eef-8b1c-409e-b961-527d460bdc3f","local_time":"20190113171831","is_ascension_mode":true,"campfire_choices":[{"data":"Neutralize","floor":6.0,"key":"SMITH"},{"floor":11.0,"key":"REST"},{"data":"Well Laid Plans","floor":15.0,"key":"SMITH"},{"floor":23,"key":"REST"},{"floor":30,"key":"REST"},{"floor":32,"key":"REST"}],"neow_cost":"NONE","seed_source_timestamp":0,"circlet_count":0,"master_deck":["AscendersBane","Defend_G","Defend_G","Defend_G","Defend_G","Defend_G","Strike_G","Strike_G","Strike_G","Strike_G","Survivor","Neutralize+1","Well Laid Plans+1","Choke","Dodge and Roll","Deadly Poison","Dodge and Roll","Dagger Spray","Dodge and Roll","Corpse Explosion","Caltrops","Malaise","Backflip","PiercingWail","Footwork","Cloak And Dagger","Crippling Poison","Cloak And Dagger","Flechettes","PiercingWail","Adrenaline","Pain"],"special_seed":0,"relics":["Orrery","Bag of Marbles","Regal Pillow","Boot","Blood Vial","Cursed Key","Red Mask","Orichalcum","Busted Crown","WarpedTongs"],"potions_floor_usage":[22,24,29,33],"damage_taken":[{"damage":1.0,"enemies":"Small Slimes","floor":1.0,"turns":5.0},{"damage":0.0,"enemies":"2 Louse","floor":5.0,"turns":3.0},{"damage":1.0,"enemies":"Cultist","floor":7.0,"turns":3.0},{"damage":23.0,"enemies":"Large Slime","floor":8.0,"turns":8.0},{"damage":30.0,"enemies":"Gremlin Nob","floor":10.0,"turns":4.0},{"damage":15.0,"enemies":"3 Sentries","floor":12.0,"turns":5.0},{"damage":5.0,"enemies":"3 Louse","floor":13.0,"turns":5.0},{"damage":4.0,"enemies":"Looter","floor":14.0,"turns":5.0},{"damage":9.0,"enemies":"The Guardian","floor":16.0,"turns":12.0},{"damage":0.0,"enemies":"3 Byrds","floor":18.0,"turns":1.0},{"damage":6.0,"enemies":"Spheric Guardian","floor":19.0,"turns":5.0},{"damage":45,"enemies":"Masked Bandits","floor":22,"turns":5},{"damage":16,"enemies":"Slavers","floor":24,"turns":4},{"damage":7,"enemies":"Centurion and Healer","floor":27,"turns":7},{"damage":18,"enemies":"Shelled Parasite and Fungi","floor":28,"turns":7},{"damage":3,"enemies":"Snake Plant","floor":29,"turns":6},{"damage":20,"enemies":"Cultist and Chosen","floor":31,"turns":10},{"damage":34,"enemies":"Collector","floor":33,"turns":15},{"damage":9,"enemies":"3 Darklings","floor":35,"turns":3},{"damage":12,"enemies":"Orb Walker","floor":36,"turns":5},{"damage":65,"enemies":"Transient","floor":38,"turns":5}],"seed_played":"8020848074409815895","potions_obtained":[{"floor":1.0,"key":"Swift Potion"},{"floor":7.0,"key":"EntropicBrew"},{"floor":10.0,"key":"Dexterity Potion"},{"floor":16.0,"key":"Ancient Potion"},{"floor":19.0,"key":"FearPotion"},{"floor":22,"key":"Ancient Potion"},{"floor":25,"key":"LiquidBronze"},{"floor":28,"key":"SpeedPotion"}],"is_trial":false,"path_per_floor":["M","?","?","$","M","R","M","M","T","E","R","E","M","M","R","B",null,"M","M","?","$","?","R","E","?","T","M","M","M","R","M","R","B",null,"M","M","?","M"],"character_chosen":"THE_SILENT","items_purchased":["Bag of Marbles","Footwork","Cloak And Dagger"],"campfire_rested":4,"item_purchase_floors":[4,21,21],"current_hp_per_floor":[58,58,66,66,66,66,65,42,42,12,46,31,28,26,26,19,54,56,52,52,52,9,43,29,29,29,24,8,7,41,23,57,25,56,49,39,39,0],"gold":270,"neow_bonus":"BOSS_RELIC","is_prod":false,"is_daily":false,"chose_seed":false,"campfire_upgraded":2,"win_rate":0,"timestamp":1547417911,"path_taken":["M","?","?","$","M","R","M","M","T","E","R","E","?","M","R","BOSS","M","M","?","$","?","R","E","?","T","M","M","M","R","M","R","BOSS","M","M","?","M"],"build_version":"2018-12-20","purchased_purges":1,"victory":false,"max_hp_per_floor":[66,66,66,66,66,66,66,66,66,66,66,66,66,66,66,66,66,66,66,66,66,66,66,66,66,66,66,66,66,66,66,66,66,66,66,66,66,66],"card_choices":[{"not_picked":["Bane","Dagger Throw"],"picked":"Well Laid Plans","floor":0.0},{"not_picked":["Calculated Gamble","Blade Dance"],"picked":"Choke","floor":0.0},{"not_picked":["Acrobatics","Flying Knee"],"picked":"Dodge and Roll","floor":0.0},{"not_picked":["Quick Slash","Infinite Blades"],"picked":"Deadly Poison","floor":0.0},{"not_picked":["Expertise","All Out Attack"],"picked":"Dodge and Roll","floor":1.0},{"not_picked":["Dagger Throw","Reflex"],"picked":"Dagger Spray","floor":5.0},{"not_picked":["Riddle With Holes","Slice"],"picked":"Dodge and Roll","floor":7.0},{"not_picked":["Flying Knee","Dagger Spray"],"picked":"Corpse Explosion","floor":8.0},{"not_picked":["Dagger Throw","Quick Slash","Poisoned Stab"],"picked":"SKIP","floor":10.0},{"not_picked":["Well Laid Plans","Setup"],"picked":"Caltrops","floor":12.0},{"not_picked":["Slice","Blade Dance","Prepared"],"picked":"SKIP","floor":13.0},{"not_picked":["Flying Knee","Deadly Poison","Dagger Throw"],"picked":"SKIP","floor":14.0},{"not_picked":["A Thousand Cuts","After Image"],"picked":"Malaise","floor":16.0},{"not_picked":["Blur","Eviscerate"],"picked":"Backflip","floor":18.0},{"not_picked":["Dodge and Roll","Sucker Punch"],"picked":"PiercingWail","floor":19.0},{"not_picked":["Well Laid Plans","Dodge and Roll"],"picked":"Crippling Poison","floor":22},{"not_picked":["Outmaneuver","Quick Slash"],"picked":"Cloak And Dagger","floor":24},{"not_picked":["Bouncing Flask","Poisoned Stab"],"picked":"Flechettes","floor":27},{"not_picked":["Dagger Throw","Deflect","Poisoned Stab"],"picked":"SKIP","floor":28},{"not_picked":["Deadly Poison+1","Blade Dance"],"picked":"PiercingWail","floor":29},{"not_picked":["Heel Hook","Distraction","Slice"],"picked":"SKIP","floor":31},{"not_picked":["Grand Finale","Tools of the Trade"],"picked":"Adrenaline","floor":33},{"not_picked":["Endless Agony+1"],"picked":"SKIP","floor":35},{"not_picked":["Endless Agony+1"],"picked":"SKIP","floor":36}],"player_experience":1884614,"relics_obtained":[{"floor":9.0,"key":"Regal Pillow"},{"floor":10.0,"key":"Boot"},{"floor":12.0,"key":"Blood Vial"},{"floor":22,"key":"Red Mask"},{"floor":24,"key":"Orichalcum"}],"event_choices":[{"damage_healed":0.0,"max_hp_gain":0.0,"max_hp_loss":0.0,"gold_gain":59.0,"event_name":"Golden Wing","player_choice":"Gained Gold","floor":2.0,"gold_loss":0.0,"damage_taken":0.0},{"damage_healed":8.0,"max_hp_gain":0.0,"max_hp_loss":0.0,"gold_gain":0.0,"event_name":"Wheel of Change","player_choice":"Full Heal","floor":3.0,"gold_loss":0.0,"damage_taken":0.0},{"damage_healed":0.0,"max_hp_gain":0.0,"max_hp_loss":0.0,"gold_gain":0.0,"event_name":"Ghosts","player_choice":"Ignored","floor":20.0,"gold_loss":0.0,"damage_taken":0.0},{"damage_healed":0,"gold_gain":0,"player_choice":"Fought Bandits","damage_taken":0,"max_hp_gain":0,"max_hp_loss":0,"event_name":"Masked Bandits","floor":22,"gold_loss":0},{"damage_healed":0,"gold_gain":0,"player_choice":"Got Potions","damage_taken":0,"max_hp_gain":0,"max_hp_loss":0,"event_name":"Lab","floor":25,"gold_loss":0},{"damage_healed":0,"gold_gain":0,"player_choice":"Rummage","damage_taken":0,"relics_obtained":["WarpedTongs"],"max_hp_gain":0,"max_hp_loss":0,"event_name":"Accursed Blacksmith","floor":37,"gold_loss":0,"cards_obtained":["Pain"]}],"is_beta":true,"boss_relics":[{"not_picked":["Eternal Feather","Philosopher\u0027s Stone"],"picked":"Cursed Key"},{"not_picked":["Runic Pyramid","White Beast Statue"],"picked":"Busted Crown"}],"items_purged_floors":[21],"is_endless":false,"potions_floor_spawned":[1,7,10,16,19,22,28],"killed_by":"Transient","ascension_level":20}