{"gold_per_floor":[118,134,146,157,157,192,192,213,268,291,17,17,61,80,80,80],"floor_reached":16,"playtime":952,"items_purged":[],"score":143,"play_id":"a4e832cc-3d75-407d-a9a3-d76ac1561f43","local_time":"20190129094126","is_ascension_mode":true,"campfire_choices":[{"floor":7,"key":"REST"},{"floor":12,"key":"REST"},{"floor":15,"key":"REST"}],"neow_cost":"NONE","seed_source_timestamp":1772070140582885,"circlet_count":0,"master_deck":["Strike_R","Strike_R","Strike_R","Strike_R","Strike_R","Defend_R","Defend_R","Defend_R","Defend_R","Bash","Barricade","Cleave","True Grit","Flame Barrier","Hemokinesis","Injury","Dark Embrace","Infernal Blade","Fiend Fire","Reckless Charge"],"relics":["Burning Blood","Golden Idol","Potion Belt","Membership Card","Blood Vial","Bottled Tornado"],"potions_floor_usage":[6,13,16,16],"damage_taken":[{"damage":10,"enemies":"Cultist","floor":1,"turns":4},{"damage":0,"enemies":"Small Slimes","floor":2,"turns":3},{"damage":1,"enemies":"2 Louse","floor":3,"turns":3},{"damage":27,"enemies":"Exordium Wildlife","floor":4,"turns":5},{"damage":34,"enemies":"Gremlin Nob","floor":6,"turns":5},{"damage":16,"enemies":"Gremlin Gang","floor":8,"turns":6},{"damage":17,"enemies":"Red Slaver","floor":10,"turns":2},{"damage":41,"enemies":"3 Sentries","floor":13,"turns":5},{"damage":10,"enemies":"Looter","floor":14,"turns":3},{"damage":52,"enemies":"The Guardian","floor":16,"turns":7}],"seed_played":"3814892028569827011","potions_obtained":[{"floor":4,"key":"FearPotion"},{"floor":8,"key":"Explosive Potion"},{"floor":10,"key":"Poison Potion"},{"floor":13,"key":"Weak Potion"},{"floor":14,"key":"PowerPotion"}],"is_trial":false,"path_per_floor":["M","M","M","M","?","E","R","M","T","M","$","R","E","M","R","B"],"character_chosen":"IRONCLAD","items_purchased":["Membership Card","Blood Vial"],"campfire_rested":3,"item_purchase_floors":[11,11],"current_hp_per_floor":[76,80,80,59,59,31,55,45,45,34,34,58,25,23,47,0],"gold":80,"neow_bonus":"ONE_RANDOM_RARE_CARD","is_prod":false,"is_daily":false,"chose_seed":false,"campfire_upgraded":0,"win_rate":0,"timestamp":1548772886,"path_taken":["M","M","?","M","?","E","R","M","T","M","$","R","E","M","R","BOSS"],"build_version":"2019-01-23","purchased_purges":0,"victory":false,"max_hp_per_floor":[80,80,80,80,80,80,80,80,80,80,80,80,80,80,80,80],"card_choices":[{"not_picked":["Thunderclap","True Grit"],"picked":"Cleave","floor":1},{"not_picked":["Pummel","Hemokinesis"],"picked":"True Grit","floor":2},{"not_picked":["Perfected Strike","Bloodletting"],"picked":"Flame Barrier","floor":3},{"not_picked":["Pommel Strike","Havoc"],"picked":"Hemokinesis","floor":4},{"not_picked":["Reckless Charge","Pommel Strike"],"picked":"Dark Embrace","floor":6},{"not_picked":["Cleave","Combust","Twin Strike"],"picked":"SKIP","floor":8},{"not_picked":["Clothesline","Dual Wield"],"picked":"Infernal Blade","floor":10},{"not_picked":["Twin Strike","Sword Boomerang"],"picked":"Fiend Fire","floor":13},{"not_picked":["Thunderclap","Wild Strike"],"picked":"Reckless Charge","floor":14}],"player_experience":293684,"relics_obtained":[{"floor":6,"key":"Potion Belt"},{"floor":13,"key":"Bottled Tornado"}],"event_choices":[{"damage_healed":0,"gold_gain":0,"player_choice":"Take Wound","damage_taken":0,"relics_obtained":["Golden Idol"],"max_hp_gain":0,"max_hp_loss":0,"event_name":"Golden Idol","floor":5,"gold_loss":0,"cards_obtained":["Injury"]}],"is_beta":false,"boss_relics":[],"items_purged_floors":[],"is_endless":false,"potions_floor_spawned":[4,8,10,13,14],"killed_by":"The Guardian","ascension_level":5}