{"gold_per_floor":[113,113,125,125,136,136,163,163,189,216,231,247,281,18,18,122,122,133,133,148,158,174,174,15,43,117,136,155,254,267,331,331,432,432,447,465,465,480,490,490,509,436,436,461,461,461,471,19,19,19],"floor_reached":50,"playtime":2699,"items_purged":["Strike_B","Redo","Lockon+1"],"score":615,"play_id":"00c6514f-0e9d-47c6-84f6-0f23cab96002","local_time":"20181116205025","is_ascension_mode":true,"campfire_choices":[{"data":"Zap","floor":6,"key":"SMITH"},{"data":"Hyperbeam","floor":8,"key":"SMITH"},{"floor":15,"key":"REST"},{"data":"Hyperbeam","floor":23,"key":"SMITH"},{"data":"Beam Cell","floor":32,"key":"SMITH"},{"data":"Go for the Eyes","floor":40,"key":"SMITH"},{"data":"Go for the Eyes","floor":45,"key":"SMITH"},{"data":"FTL","floor":46,"key":"SMITH"},{"floor":49,"key":"REST"}],"neow_cost":"NONE","seed_source_timestamp":187650571361523,"circlet_count":0,"master_deck":["Defend_B","Defend_B","Defend_B","Defend_B","Zap+1","Dualcast","Rip and Tear","All For One","Undo","Hyperbeam+1","FTL","FTL+1","Go for the Eyes+1","Beam Cell+1","Stack","Hyperbeam+1","Go for the Eyes+1","Hologram+1","Streamline+1","Streamline+1","Turbo+1","All For One","Melter+1","Streamline+1","Stack+1","Leap","Gash","Sweeping Beam+1","Scrape","Panache"],"relics":["Cracked Core","NeowsBlessing","Omamori","Anchor","Cables","Torii","Membership Card","Nuclear Battery","Bottled Flame","Emotion Chip","Darkstone Periapt","Tiny Chest","Astrolabe","WingedGreaves","Dodecahedron","Pantograph","Gambling Chip"],"potions_floor_usage":[16,31,33,50,50],"damage_taken":[{"damage":0,"enemies":"2 Louse","floor":1,"turns":1},{"damage":0,"enemies":"Cultist","floor":3,"turns":1},{"damage":0,"enemies":"Jaw Worm","floor":5,"turns":1},{"damage":36,"enemies":"3 Sentries","floor":7,"turns":6},{"damage":14,"enemies":"Lagavulin","floor":10,"turns":6},{"damage":0,"enemies":"Large Slime","floor":11,"turns":3},{"damage":0,"enemies":"Gremlin Gang","floor":12,"turns":3},{"damage":13,"enemies":"Gremlin Nob","floor":13,"turns":3},{"damage":0,"enemies":"Slime Boss","floor":16,"turns":4},{"damage":1,"enemies":"Spheric Guardian","floor":18,"turns":3},{"damage":0,"enemies":"Chosen","floor":20,"turns":2},{"damage":0,"enemies":"Centurion and Healer","floor":21,"turns":3},{"damage":0,"enemies":"Chosen and Byrds","floor":22,"turns":4},{"damage":1,"enemies":"Slavers","floor":25,"turns":3},{"damage":10,"enemies":"Sentry and Sphere","floor":27,"turns":3},{"damage":0,"enemies":"Cultist and Chosen","floor":28,"turns":3},{"damage":6,"enemies":"Snecko","floor":30,"turns":3},{"damage":14,"enemies":"Book of Stabbing","floor":31,"turns":4},{"damage":52,"enemies":"Automaton","floor":33,"turns":8},{"damage":0,"enemies":"Orb Walker","floor":35,"turns":1},{"damage":2,"enemies":"3 Shapes","floor":36,"turns":1},{"damage":0,"enemies":"Sphere and 2 Shapes","floor":38,"turns":1},{"damage":1,"enemies":"4 Shapes","floor":39,"turns":2},{"damage":36,"enemies":"Spire Growth","floor":41,"turns":4},{"damage":21,"enemies":"Giant Head","floor":44,"turns":7},{"damage":0,"enemies":"Sphere and 2 Shapes","floor":47,"turns":3},{"damage":80,"enemies":"Time Eater","floor":50,"turns":8}],"seed_played":"-3385566742866246669","potions_obtained":[{"floor":3,"key":"Fire Potion"},{"floor":7,"key":"FairyPotion"},{"floor":11,"key":"FearPotion"},{"floor":16,"key":"PowerPotion"},{"floor":21,"key":"AttackPotion"},{"floor":31,"key":"Energy Potion"},{"floor":38,"key":"SneckoOil"},{"floor":41,"key":"Energy Potion"},{"floor":44,"key":"Swift Potion"}],"is_trial":false,"path_per_floor":["M","$","M","?","M","R","E","R","T","E","M","M","E","$","R","B",null,"M","?","M","M","M","R","$","E","T","M","M","?","M","E","R","B",null,"M","M","?","M","M","R","M","$","T","E","R","R","M","$","R","B"],"character_chosen":"DEFECT","items_purchased":["Stack","Membership Card","Bottled Flame","Gash","Scrape","Pantograph","Panache","Gambling Chip"],"campfire_rested":2,"item_purchase_floors":[14,14,24,42,48,48,48,48],"current_hp_per_floor":[75,75,75,75,75,75,39,39,39,25,25,25,12,12,34,34,75,74,74,74,74,74,74,74,73,73,63,63,63,57,43,43,7,75,75,73,85,85,84,84,48,48,48,27,27,27,27,27,52,0],"gold":19,"neow_bonus":"THREE_ENEMY_KILL","is_prod":false,"is_daily":false,"chose_seed":false,"campfire_upgraded":7,"win_rate":0,"timestamp":1542419425,"path_taken":["M","$","M","?","M","R","E","R","T","E","?","M","E","?","R","BOSS","M","?","?","M","M","R","$","E","T","M","M","?","M","E","R","BOSS","M","M","?","M","M","R","M","$","T","E","R","R","?","$","R","BOSS"],"build_version":"2018-11-15","purchased_purges":3,"victory":false,"max_hp_per_floor":[75,75,75,75,75,75,75,75,75,75,75,75,75,75,75,75,75,75,75,75,75,75,75,75,75,75,75,75,75,75,75,75,75,75,75,75,85,85,85,85,85,85,85,85,85,85,85,85,85,85],"card_choices":[{"not_picked":["Turbo","Darkness"],"picked":"Rip and Tear","floor":1},{"not_picked":["Turbo","Darkness"],"picked":"Redo","floor":3},{"not_picked":["Aggregate","Barrage"],"picked":"Undo","floor":5},{"not_picked":["Coolheaded","Turbo"],"picked":"Hyperbeam","floor":7},{"not_picked":["Core Surge","Leap"],"picked":"FTL","floor":10},{"not_picked":["Melter","Barrage"],"picked":"FTL","floor":11},{"not_picked":["Hologram","Sweeping Beam"],"picked":"Go for the Eyes","floor":12},{"not_picked":["Static Discharge","Blizzard"],"picked":"Beam Cell","floor":13},{"not_picked":["Core Surge","Amplify"],"picked":"Hyperbeam","floor":16},{"not_picked":["Coolheaded","Beam Cell"],"picked":"Go for the Eyes","floor":18},{"not_picked":["Compile Driver","Ball Lightning","Chaos"],"picked":"SKIP","floor":20},{"not_picked":["Go for the Eyes","Heatsinks","Cold Snap"],"picked":"SKIP","floor":21},{"not_picked":["Aggregate","Cold Snap"],"picked":"Hologram+1","floor":22},{"not_picked":["Leap+1","Force Field"],"picked":"Streamline+1","floor":25},{"not_picked":["Ball Lightning","Tempest","Conserve Battery"],"picked":"SKIP","floor":27},{"not_picked":["Force Field+1","Ball Lightning"],"picked":"Streamline+1","floor":28},{"not_picked":["FTL","Cold Snap","Leap+1"],"picked":"SKIP","floor":30},{"not_picked":["Consume+1","Fission"],"picked":"Turbo+1","floor":31},{"not_picked":["Creative AI","Fission"],"picked":"All For One","floor":33},{"not_picked":["Darkness+1","Sweeping Beam+1"],"picked":"Streamline+1","floor":35},{"not_picked":["Tempest+1","Conserve Battery","Glacier+1"],"picked":"SKIP","floor":36},{"not_picked":["Compile Driver+1","Conserve Battery"],"picked":"Stack+1","floor":38},{"not_picked":["Reprogram+1","Turbo+1","Cold Snap+1"],"picked":"SKIP","floor":39},{"not_picked":["Sunder","Aggregate"],"picked":"Leap","floor":41},{"not_picked":["Redo+1","Consume","Conserve Battery"],"picked":"SKIP","floor":44},{"not_picked":["Barrage","Beam Cell"],"picked":"Sweeping Beam+1","floor":47}],"player_experience":119174,"relics_obtained":[{"floor":7,"key":"Omamori"},{"floor":9,"key":"Anchor"},{"floor":10,"key":"Cables"},{"floor":13,"key":"Torii"},{"floor":25,"key":"Emotion Chip"},{"floor":26,"key":"Darkstone Periapt"},{"floor":31,"key":"Tiny Chest"},{"floor":43,"key":"WingedGreaves"},{"floor":44,"key":"Dodecahedron"}],"event_choices":[{"damage_healed":0,"gold_gain":0,"player_choice":"1 cards matched","damage_taken":0,"max_hp_gain":0,"max_hp_loss":0,"event_name":"Match and Keep!","floor":4,"gold_loss":0,"cards_obtained":["All For One"]},{"damage_healed":0,"gold_gain":0,"player_choice":"Bought 0 Potions","damage_taken":0,"max_hp_gain":0,"max_hp_loss":0,"event_name":"The Woman in Blue","floor":19,"gold_loss":0},{"damage_healed":0,"gold_gain":99,"player_choice":"Stole From Cult","damage_taken":0,"max_hp_gain":0,"max_hp_loss":0,"event_name":"Nest","floor":29,"gold_loss":0},{"cards_removed":["Amplify"],"damage_healed":2,"gold_gain":0,"player_choice":"Offered Rare","damage_taken":0,"max_hp_gain":10,"max_hp_loss":0,"event_name":"Bonfire Elementals","floor":37,"gold_loss":0}],"is_beta":false,"boss_relics":[{"not_picked":["Tiny House","Velvet Choker"],"picked":"Nuclear Battery"},{"not_picked":["FrozenCore","White Beast Statue"],"picked":"Astrolabe"}],"items_purged_floors":[24,42,48],"is_endless":false,"potions_floor_spawned":[3,7,11,16,20,21,22,25,31,38,41,44,47],"killed_by":"Time Eater","ascension_level":1}