{"gold_per_floor":[109,109,128,27,45,45,79,79,106,118,136,96,113,130,130,228,228,242,242],"floor_reached":19,"playtime":1189,"items_purged":["Strike_B"],"score":205,"play_id":"ea7e210c-bdd5-4d82-bb2b-9a413f7ae889","local_time":"20181013094758","is_ascension_mode":true,"campfire_choices":[{"data":"Dualcast","floor":6,"key":"SMITH"},{"data":"Zap","floor":8,"key":"SMITH"},{"floor":15,"key":"REST"}],"neow_cost":"PERCENT_DAMAGE","seed_source_timestamp":289193109898401,"circlet_count":0,"master_deck":["Strike_B","Strike_B","Strike_B","Defend_B","Defend_B","Defend_B","Defend_B","Zap+1","Dualcast+1","Ball Lightning","Steam","Ball Lightning","Cold Snap","Gash","Coolheaded","Conserve Battery","Redo","Echo Form","Seek","Glacier","Gash","Beam Cell","Defragment","Compile Driver"],"relics":["Cracked Core","Pocketwatch","Ancient Tea Set","Potion Belt","Orrery"],"potions_floor_usage":[5,13,13,13,13,19,19,19],"damage_taken":[{"damage":1,"enemies":"Cultist","floor":1,"turns":3},{"damage":0,"enemies":"Small Slimes","floor":3,"turns":2},{"damage":1,"enemies":"2 Louse","floor":5,"turns":2},{"damage":15,"enemies":"3 Sentries","floor":7,"turns":5},{"damage":0,"enemies":"2 Fungi Beasts","floor":10,"turns":2},{"damage":1,"enemies":"Blue Slaver","floor":11,"turns":2},{"damage":3,"enemies":"Exordium Thugs","floor":13,"turns":5},{"damage":11,"enemies":"Lots of Slimes","floor":14,"turns":3},{"damage":15,"enemies":"The Guardian","floor":16,"turns":13},{"damage":25,"enemies":"3 Byrds","floor":18,"turns":6},{"damage":17,"enemies":"Colosseum Slavers","floor":19,"turns":4},{"damage":49,"enemies":"Colosseum Nobs","floor":19,"turns":3}],"seed_played":"1120809219355158241","potions_obtained":[{"floor":1,"key":"Weak Potion"},{"floor":3,"key":"Fire Potion"},{"floor":10,"key":"FearPotion"},{"floor":12,"key":"EssenceOfSteel"},{"floor":12,"key":"Explosive Potion"},{"floor":12,"key":"Regen Potion"},{"floor":14,"key":"SteroidPotion"},{"floor":18,"key":"Fire Potion"}],"is_trial":false,"path_per_floor":["M","?","M","$","M","R","E","R","T","M","M","?","M","M","R","B",null,"M"],"character_chosen":"DEFECT","items_purchased":["Ball Lightning"],"campfire_rested":1,"item_purchase_floors":[4],"current_hp_per_floor":[53,58,58,58,57,57,42,42,42,42,41,41,52,41,65,50,80,55,0],"gold":242,"neow_bonus":"ONE_RARE_RELIC","is_prod":false,"is_daily":false,"chose_seed":false,"campfire_upgraded":2,"win_rate":0,"timestamp":1539438478,"path_taken":["M","?","M","$","M","R","E","R","T","?","M","?","M","?","R","BOSS","M","?"],"build_version":"2018-10-11","purchased_purges":1,"victory":false,"max_hp_per_floor":[75,80,80,80,80,80,80,80,80,80,80,80,80,80,80,80,80,80,80],"card_choices":[{"not_picked":["Static Discharge","Undo"],"picked":"Ball Lightning","floor":1},{"not_picked":["Auto Shields","Aggregate"],"picked":"Steam","floor":3},{"not_picked":["Skim","Hello World"],"picked":"Cold Snap","floor":5},{"not_picked":["BootSequence","Skim"],"picked":"Gash","floor":7},{"not_picked":["Beam Cell","Tempest"],"picked":"Coolheaded","floor":10},{"not_picked":["Tempest","Redo"],"picked":"Conserve Battery","floor":11},{"not_picked":["Gash","Cold Snap"],"picked":"Redo","floor":13},{"not_picked":["Redo","Sweeping Beam"],"picked":"Echo Form","floor":14},{"not_picked":["Reboot","Machine Learning"],"picked":"Seek","floor":16},{"not_picked":["Cold Snap","Streamline"],"picked":"Glacier","floor":17},{"not_picked":["Hello World","Cold Snap"],"picked":"Gash","floor":17},{"not_picked":["Glacier","Undo"],"picked":"Beam Cell","floor":17},{"not_picked":["Compile Driver","Hologram"],"picked":"Defragment","floor":17},{"not_picked":["Rebound","Echo Form"],"picked":"Compile Driver","floor":17},{"not_picked":["Hello World","Force Field","Chill"],"picked":"SKIP","floor":18}],"player_experience":292830,"relics_obtained":[{"floor":7,"key":"Ancient Tea Set"},{"floor":9,"key":"Potion Belt"}],"event_choices":[{"event_name":"Big Fish","player_choice":"Donut","floor":2,"damage_taken":0},{"event_name":"The Woman in Blue","player_choice":"Bought 3 Potions","floor":12,"damage_taken":0},{"event_name":"Colosseum","player_choice":"Fight","floor":19,"damage_taken":0},{"event_name":"Colosseum","player_choice":"Fought Nobs","floor":19,"damage_taken":0}],"is_beta":false,"boss_relics":[{"not_picked":["Runic Dome","Fusion Hammer"],"picked":"Orrery"}],"items_purged_floors":[4],"is_endless":false,"potions_floor_spawned":[1,3,10,14,18,19],"killed_by":"Colosseum Nobs","ascension_level":4}