{"gold_per_floor":[168,168,18,18,31,31,56,56,56,72,37,51,84,103,103,197,197,218,35,56,74,124,124,124,124,176,176],"floor_reached":27,"playtime":1249,"items_purged":["Strike_G","Strike_G"],"score":426,"play_id":"5b57dba5-a3ef-42c9-8ba2-ce043c21b270","local_time":"20190125175726","is_ascension_mode":true,"campfire_choices":[{"data":"Neutralize","floor":6,"key":"SMITH"},{"data":"Noxious Fumes","floor":15,"key":"SMITH"},{"floor":23,"key":"REST"},{"floor":25,"key":"REST"}],"neow_cost":"NONE","seed_source_timestamp":3163492938400,"circlet_count":0,"master_deck":["AscendersBane","Defend_G","Defend_G","Defend_G","Defend_G","Defend_G","Strike_G+1","Survivor","Neutralize+1","Dagger Throw","Noxious Fumes+1","Noxious Fumes","Quick Slash","Quick Slash","Cloak And Dagger","Dodge and Roll","Choke","Calculated Gamble","Bullet Time","Calculated Gamble","Dash","Backflip","Well Laid Plans"],"relics":["Tiny House","Golden Idol","Bag of Marbles","Vajra","Dream Catcher","Snecko Eye","Boot"],"potions_floor_usage":[16,16],"damage_taken":[{"damage":9,"enemies":"2 Louse","floor":1,"turns":4},{"damage":7,"enemies":"Small Slimes","floor":5,"turns":5},{"damage":4,"enemies":"Cultist","floor":7,"turns":3},{"damage":6,"enemies":"Exordium Wildlife","floor":10,"turns":5},{"damage":9,"enemies":"Lots of Slimes","floor":12,"turns":3},{"damage":10,"enemies":"Lagavulin","floor":13,"turns":6},{"damage":3,"enemies":"Looter","floor":14,"turns":3},{"damage":14,"enemies":"Slime Boss","floor":16,"turns":8},{"damage":12,"enemies":"3 Byrds","floor":18,"turns":5},{"damage":4,"enemies":"Shell Parasite","floor":20,"turns":7},{"damage":24,"enemies":"Snecko","floor":21,"turns":7},{"damage":60,"enemies":"Slavers","floor":27,"turns":9}],"seed_played":"-5378447920089509660","potions_obtained":[{"floor":0,"key":"SteroidPotion"},{"floor":7,"key":"PowerPotion"},{"floor":12,"key":"Strength Potion"},{"floor":20,"key":"LiquidBronze"}],"is_trial":false,"path_per_floor":["M","?","$","?","M","R","M","T","T","M","?","M","E","M","R","B",null,"M","$","M","M","?","R","?","R","T","E"],"character_chosen":"THE_SILENT","items_purchased":["Noxious Fumes","Dash"],"campfire_rested":2,"item_purchase_floors":[3,19],"current_hp_per_floor":[55,55,55,55,48,48,44,44,44,38,54,45,35,32,32,18,53,41,41,37,13,13,32,32,51,51,0],"gold":176,"neow_bonus":"BOSS_RELIC","is_prod":false,"is_daily":false,"chose_seed":false,"campfire_upgraded":2,"win_rate":0,"timestamp":1548457046,"path_taken":["M","?","$","?","M","R","?","?","T","?","?","M","E","M","R","BOSS","M","$","M","M","?","R","?","R","T","E"],"build_version":"2019-01-23","purchased_purges":2,"victory":false,"max_hp_per_floor":[71,64,64,64,64,64,64,64,64,64,64,64,64,64,64,64,64,64,64,64,64,64,64,64,64,64,64],"card_choices":[{"not_picked":["PiercingWail","Acrobatics"],"picked":"Dagger Throw","floor":0},{"not_picked":["Dagger Throw","Bane"],"picked":"Noxious Fumes","floor":1},{"not_picked":["Deflect","Underhanded Strike"],"picked":"Quick Slash","floor":5},{"not_picked":["Slice","Quick Slash"],"picked":"Cloak And Dagger","floor":7},{"not_picked":["Flying Knee","Dagger Throw"],"picked":"Dodge and Roll","floor":10},{"not_picked":["Dagger Throw","Escape Plan"],"picked":"Choke","floor":12},{"not_picked":["Tools of the Trade","Outmaneuver","Flechettes"],"picked":"SKIP","floor":13},{"not_picked":["Slice","Flying Knee"],"picked":"Calculated Gamble","floor":14},{"not_picked":["Grand Finale","Envenom"],"picked":"Bullet Time","floor":16},{"not_picked":["Endless Agony","Slice"],"picked":"Calculated Gamble","floor":18},{"not_picked":["Sucker Punch","Infinite Blades"],"picked":"Backflip","floor":20},{"not_picked":["Deflect","All Out Attack","Bane"],"picked":"SKIP","floor":21},{"not_picked":["Flying Knee","Cloak And Dagger"],"picked":"Well Laid Plans","floor":23}],"player_experience":1940904,"relics_obtained":[{"floor":8,"key":"Bag of Marbles"},{"floor":9,"key":"Vajra"},{"floor":13,"key":"Dream Catcher"},{"floor":26,"key":"Boot"}],"event_choices":[{"damage_healed":0,"gold_gain":0,"player_choice":"Lose Max HP","damage_taken":0,"relics_obtained":["Golden Idol"],"max_hp_gain":0,"max_hp_loss":7,"event_name":"Golden Idol","floor":2,"gold_loss":0},{"damage_healed":0,"gold_gain":0,"cards_transformed":["Strike_G"],"player_choice":"Transformed","damage_taken":0,"max_hp_gain":0,"max_hp_loss":0,"event_name":"Transmorgrifier","floor":4,"gold_loss":0,"cards_obtained":["Quick Slash"]},{"damage_healed":16,"gold_gain":0,"player_choice":"Healed","damage_taken":0,"max_hp_gain":0,"max_hp_loss":0,"event_name":"The Cleric","floor":11,"gold_loss":35},{"damage_healed":0,"gold_gain":50,"player_choice":"Stole From Cult","damage_taken":0,"max_hp_gain":0,"max_hp_loss":0,"event_name":"Nest","floor":22,"gold_loss":0},{"cards_removed":["Strike_G"],"damage_healed":0,"gold_gain":0,"player_choice":"Purged","damage_taken":0,"max_hp_gain":0,"max_hp_loss":0,"event_name":"Purifier","floor":24,"gold_loss":0}],"is_beta":true,"boss_relics":[{"not_picked":["Fusion Hammer","Eternal Feather"],"picked":"Snecko Eye"}],"items_purged_floors":[3,19],"is_endless":false,"potions_floor_spawned":[7,12,13,20],"killed_by":"Slavers","ascension_level":20}