{"gold_per_floor":[114,132,132,151,151,163,177,195,222,239,253,101,101,116,116,211,211,230,230,230,130,147,147,172,172,172,97,116,116],"floor_reached":29,"playtime":948,"items_purged":["Strike_B","Strike_B"],"score":264,"play_id":"7ff972de-add1-4128-ac92-b36af5ffed8a","local_time":"20181008203319","is_ascension_mode":false,"campfire_choices":[{"floor":13,"key":"REST"},{"floor":15,"key":"REST"},{"data":"Loop","floor":23,"key":"SMITH"},{"floor":25,"key":"REST"}],"neow_cost":"NONE","seed_source_timestamp":81790654008562,"circlet_count":0,"master_deck":["Defend_B","Zap","Dualcast","Amplify","Beam Cell","Stack","Loop+1","Gash","Gash","Machine Learning","Gash","Melter","Gash","Self Repair","Gash","Machine Learning","Redo","Ball Lightning","FTL","Self Repair","Defragment+1","Capacitor+1"],"relics":["Cracked Core","Ancient Tea Set","Lizard Tail","Frozen Egg 2","Dodecahedron"],"potions_floor_usage":[22,24],"damage_taken":[{"damage":0,"enemies":"Small Slimes","floor":1,"turns":3},{"damage":1,"enemies":"Cultist","floor":2,"turns":3},{"damage":8,"enemies":"Jaw Worm","floor":4,"turns":4},{"damage":10,"enemies":"Red Slaver","floor":6,"turns":4},{"damage":12,"enemies":"Large Slime","floor":7,"turns":5},{"damage":21,"enemies":"Lots of Slimes","floor":8,"turns":4},{"damage":14,"enemies":"Exordium Thugs","floor":10,"turns":4},{"damage":2,"enemies":"3 Louse","floor":11,"turns":2},{"damage":10,"enemies":"Looter","floor":14,"turns":3},{"damage":26,"enemies":"The Guardian","floor":16,"turns":7},{"damage":14,"enemies":"Shell Parasite","floor":18,"turns":4},{"damage":18,"enemies":"3 Byrds","floor":22,"turns":3},{"damage":34,"enemies":"Gremlin Leader","floor":24,"turns":5},{"damage":67,"enemies":"Snecko","floor":28,"turns":6},{"damage":51,"enemies":"Snake Plant","floor":29,"turns":4}],"seed_played":"-4492477479505341436","potions_obtained":[{"floor":1,"key":"LiquidBronze"},{"floor":6,"key":"SpeedPotion"},{"floor":10,"key":"Weak Potion"},{"floor":28,"key":"GamblersBrew"}],"is_trial":false,"path_per_floor":["M","M","?","M","?","M","M","M","T","M","M","$","R","M","R","B",null,"M","?","?","$","M","R","E","R","T","?","M"],"character_chosen":"DEFECT","items_purchased":["Self Repair"],"campfire_rested":3,"item_purchase_floors":[12],"current_hp_per_floor":[75,74,74,66,66,56,44,23,23,9,7,7,29,26,48,29,75,61,61,61,61,50,50,30,52,52,52,51,0],"gold":116,"neow_bonus":"ONE_RANDOM_RARE_CARD","is_prod":false,"is_daily":false,"chose_seed":false,"campfire_upgraded":1,"win_rate":0,"timestamp":1538998399,"path_taken":["M","M","?","?","?","M","M","M","T","M","?","$","R","M","R","BOSS","M","?","?","$","M","R","E","R","T","?","M","M"],"build_version":"2018-10-04","purchased_purges":2,"victory":false,"max_hp_per_floor":[75,75,75,75,75,75,75,75,75,75,75,75,75,75,75,75,75,75,75,75,75,75,75,75,75,75,75,75,75],"card_choices":[{"not_picked":["Tempest","Fusion"],"picked":"Beam Cell","floor":1},{"not_picked":["Compile Driver","Leap"],"picked":"Stack","floor":2},{"not_picked":["Reinforced Body","Turbo"],"picked":"Gash","floor":4},{"not_picked":["Go for the Eyes","Cold Snap"],"picked":"Gash","floor":6},{"not_picked":["Capacitor","Undo"],"picked":"Machine Learning","floor":7},{"not_picked":["Aggregate","Go for the Eyes"],"picked":"Gash","floor":8},{"not_picked":["Compile Driver","Reinforced Body"],"picked":"Melter","floor":10},{"not_picked":["Sweeping Beam","Leap"],"picked":"Gash","floor":11},{"not_picked":["Stack","FTL"],"picked":"Gash","floor":14},{"not_picked":["Biased Cognition","Rainbow"],"picked":"Machine Learning","floor":16},{"not_picked":["Cold Snap","Undo+1"],"picked":"Redo","floor":18},{"not_picked":["Rebound","Recycle"],"picked":"Self Repair","floor":22},{"not_picked":["Auto Shields+1","Leap"],"picked":"Defragment","floor":24},{"not_picked":["Fusion","Recycle"],"picked":"Capacitor+1","floor":28}],"player_experience":484360,"relics_obtained":[{"floor":9,"key":"Ancient Tea Set"},{"floor":24,"key":"Frozen Egg 2"},{"floor":26,"key":"Dodecahedron"}],"event_choices":[{"event_name":"Transmorgrifier","player_choice":"Transform","floor":3,"damage_taken":0},{"event_name":"Bonfire Elementals","player_choice":"BASIC","floor":5,"damage_taken":0},{"event_name":"Drug Dealer","player_choice":"Became Test Subject","floor":19,"damage_taken":0},{"event_name":"Vampires","player_choice":"Ignored","floor":20,"damage_taken":0},{"event_name":"Beggar","player_choice":"Gave Gold","floor":27,"damage_taken":0}],"is_beta":true,"boss_relics":[{"not_picked":["Velvet Choker","Busted Crown"],"picked":"Lizard Tail"}],"items_purged_floors":[12,21],"is_endless":false,"potions_floor_spawned":[1,6,10,11,16,28],"killed_by":"Snake Plant","ascension_level":0}