{"gold_per_floor":[213,231,180,180,198,228,228,403,427,427,447,447,189,200,200,200],"floor_reached":16,"playtime":610,"items_purged":[],"score":100,"play_id":"4623d0b1-cd5a-43f6-affa-c20999aa3b6a","local_time":"20190127091338","is_ascension_mode":false,"campfire_choices":[{"data":"Ghostly Armor","floor":7,"key":"SMITH"},{"floor":10,"key":"REST"},{"data":"Rage","floor":15,"key":"SMITH"}],"neow_cost":"NONE","seed_source_timestamp":60398150449220,"circlet_count":0,"master_deck":["Strike_R","Strike_R","Strike_R","Strike_R","Strike_R","Defend_R","Defend_R","Defend_R","Defend_R","Bash","Ghostly Armor+1","Entrench","Iron Wave","Doubt","Rage+1","Shrug It Off","Armaments"],"relics":["Burning Blood","Blood Vial","Bag of Marbles","Dream Catcher"],"potions_floor_usage":[6,6,6,6,16],"damage_taken":[{"damage":4,"enemies":"2 Louse","floor":1,"turns":3},{"damage":1,"enemies":"Jaw Worm","floor":2,"turns":6},{"damage":1,"enemies":"Cultist","floor":5,"turns":3},{"damage":33,"enemies":"Lagavulin","floor":6,"turns":6},{"damage":18,"enemies":"Large Slime","floor":11,"turns":11},{"damage":1,"enemies":"Exordium Wildlife","floor":14,"turns":6},{"damage":96,"enemies":"Hexaghost","floor":16,"turns":18}],"seed_played":"2599132661312951757","potions_obtained":[{"floor":1,"key":"EntropicBrew"},{"floor":5,"key":"EntropicBrew"},{"floor":11,"key":"BloodPotion"}],"is_trial":false,"path_per_floor":["M","M","$","?","M","E","R","?","T","R","M","?","$","M","R","B"],"character_chosen":"IRONCLAD","items_purchased":["Iron Wave","Shrug It Off","Armaments","Dream Catcher"],"campfire_rested":1,"item_purchase_floors":[3,13,13,13],"current_hp_per_floor":[80,80,80,80,80,53,53,53,53,77,67,72,72,79,79,0],"gold":200,"neow_bonus":"HUNDRED_GOLD","is_prod":false,"is_daily":false,"chose_seed":false,"campfire_upgraded":2,"win_rate":0,"timestamp":1548598418,"path_taken":["M","M","$","?","M","E","R","?","T","R","M","?","$","M","R","BOSS"],"build_version":"2019-01-23","purchased_purges":0,"victory":false,"max_hp_per_floor":[80,80,80,80,80,80,80,80,80,80,80,85,85,85,85,85],"card_choices":[{"not_picked":["Entrench","Sentinel"],"picked":"Ghostly Armor","floor":1},{"not_picked":["Iron Wave","Battle Trance"],"picked":"Entrench","floor":2},{"not_picked":["Shockwave","Sever Soul","Flex"],"picked":"SKIP","floor":5},{"not_picked":["Fire Breathing","Headbutt","Dark Embrace"],"picked":"SKIP","floor":6},{"not_picked":["Wild Strike","Flex"],"picked":"Rage","floor":11},{"not_picked":["Clothesline","Second Wind","Iron Wave"],"picked":"SKIP","floor":14}],"player_experience":125227,"relics_obtained":[{"floor":6,"key":"Blood Vial"},{"floor":9,"key":"Bag of Marbles"}],"event_choices":[{"damage_healed":0,"gold_gain":0,"player_choice":"Leave","damage_taken":0,"max_hp_gain":0,"max_hp_loss":0,"event_name":"The Cleric","floor":4,"gold_loss":0},{"damage_healed":0,"gold_gain":175,"player_choice":"AGREE","damage_taken":0,"max_hp_gain":0,"max_hp_loss":0,"event_name":"Liars Game","floor":8,"gold_loss":0,"cards_obtained":["Doubt"]},{"damage_healed":0,"gold_gain":0,"player_choice":"Donut","damage_taken":0,"max_hp_gain":5,"max_hp_loss":0,"event_name":"Big Fish","floor":12,"gold_loss":0}],"is_beta":false,"boss_relics":[],"items_purged_floors":[],"is_endless":false,"potions_floor_spawned":[1,5,11],"killed_by":"Hexaghost","ascension_level":0}