{"path_per_floor":["M","M","M","T","?","E","$","R","T","R","M","M","?","T","R","B",null,"M","M","T","M","M","R","E","R","T","?","$","M","R","M","R","B",null,"M","?","M","T","?","R","M","R","T","M","?","R","M","$","R","B"],"character_chosen":"DEFECT","items_purchased":["Capacitor","Secret Technique","Skim","Storm"],"gold_per_floor":[110,129,140,140,140,199,124,124,149,149,159,171,171,198,198,303,303,318,337,337,353,370,370,401,401,426,426,246,258,258,269,269,373,373,389,389,409,490,490,490,506,506,506,524,524,524,541,77,77,77],"floor_reached":51,"campfire_rested":2,"playtime":3072,"item_purchase_floors":[28,48,48,48],"current_hp_per_floor":[67,64,58,58,58,37,37,37,37,37,35,32,32,32,32,10,75,75,71,71,56,51,51,11,48,48,48,48,41,41,41,41,18,84,72,72,36,36,38,38,28,68,68,62,62,62,59,59,59,64],"items_purged":["Regret","Regret","Doubt"],"gold":77,"score":667,"play_id":"8bbfcc88-5557-4554-819e-0a36e52744d5","local_time":"20180606094324","is_prod":false,"is_daily":false,"chose_seed":false,"is_ascension_mode":false,"campfire_upgraded":4,"win_rate":0,"timestamp":1528245804,"campfire_choices":[{"data":"Zap","floor":8,"key":"SMITH"},{"data":"Dualcast","floor":10,"key":"SMITH"},{"data":"Stack","floor":15,"key":"SMITH"},{"floor":23,"key":"DIG"},{"floor":25,"key":"REST"},{"floor":30,"key":"DIG"},{"data":"Loop","floor":32,"key":"SMITH"},{"floor":40,"key":"DIG"},{"floor":42,"key":"REST"},{"floor":46,"key":"DIG"},{"floor":49,"key":"DIG"}],"path_taken":["M","?","M","?","?","E","$","R","T","R","?","M","?","?","R","BOSS","M","M","?","M","M","R","E","R","T","?","$","M","R","M","R","BOSS","M","?","M","?","?","R","M","R","T","M","?","R","M","$","R","BOSS"],"build_version":"2018-06-04v2","seed_source_timestamp":43497326241053,"purchased_purges":3,"victory":true,"master_deck":["Strike_B","Strike_B","Strike_B","Strike_B","Defend_B","Defend_B","Defend_B","Defend_B","Zap+1","Dualcast+1","Glacier","FTL","Stack+1","Storm","Go for the Eyes","Buffer+1","Electrodynamics+1","Ball Lightning","Steam","Auto Shields","Ball Lightning","Thunder Strike","Capacitor","Loop+1","Multi-Cast","FTL+1","Turbo","Zap","Amplify","Storm+1","Go for the Eyes","Consume+1","Steam+1","Secret Technique","Skim","Storm"],"max_hp_per_floor":[75,75,75,75,75,75,75,75,75,75,75,75,75,75,75,75,75,75,75,75,75,75,75,75,75,75,75,75,77,77,77,77,77,84,84,84,84,84,86,86,86,86,86,86,86,86,86,86,86,86],"relics":["Cracked Core","Emotion Chip","Kunai","Sundial","Tiny Chest","Lantern","Orichalcum","Sozu","Shovel","Omamori","Regal Pillow","Singing Bowl","Shuriken","Calling Bell","Strawberry","Cables","Ice Cream","Centennial Puzzle","Boot","Pantograph","Potion Belt","Happy Flower"],"card_choices":[{"not_picked":["Reprogram","Turbo"],"picked":"Glacier","floor":1},{"not_picked":["Undo","Storm"],"picked":"FTL","floor":2},{"not_picked":["Blizzard","Undo"],"picked":"Stack","floor":3},{"not_picked":["Multi-Cast","Rebound"],"picked":"Storm","floor":6},{"not_picked":["Rebound","Cold Snap"],"picked":"Go for the Eyes","floor":11},{"not_picked":["Scrape","Streamline"],"picked":"Buffer","floor":12},{"not_picked":["Creative AI","All For One"],"picked":"Electrodynamics","floor":16},{"not_picked":["Gash","Coolheaded"],"picked":"Ball Lightning","floor":18},{"not_picked":["Compile Driver+1","Hologram"],"picked":"Steam","floor":19},{"not_picked":["Rebound","Aggregate"],"picked":"Auto Shields","floor":21},{"not_picked":["Go for the Eyes","Rip and Tear+1"],"picked":"Ball Lightning","floor":22},{"not_picked":["Go for the Eyes","Meteor Strike"],"picked":"Thunder Strike","floor":24},{"not_picked":["Gash","Barrage","Sunder"],"picked":"Singing Bowl","floor":29},{"not_picked":["Barrage","Streamline"],"picked":"Loop","floor":31},{"not_picked":["Meteor Strike","Hyperbeam"],"picked":"Multi-Cast","floor":33},{"not_picked":["Go for the Eyes","Barrage"],"picked":"FTL+1","floor":35},{"not_picked":["Leap+1","Chaos+1"],"picked":"Storm+1","floor":37},{"not_picked":["Panache","Secret Weapon","Mind Blast"],"picked":"Singing Bowl","floor":39},{"not_picked":["Turbo","Conserve Battery+1"],"picked":"Go for the Eyes","floor":41},{"not_picked":["Conserve Battery","Ball Lightning"],"picked":"Consume+1","floor":44},{"not_picked":["Streamline+1","Heatsinks+1"],"picked":"Steam+1","floor":47}],"player_experience":234315,"potions_floor_usage":[16,18],"damage_taken":[{"damage":8,"enemies":"Cultist","floor":1,"turns":3},{"damage":3,"enemies":"2 Louse","floor":2,"turns":4},{"damage":6,"enemies":"Jaw Worm","floor":3,"turns":2},{"damage":21,"enemies":"3 Sentries","floor":6,"turns":8},{"damage":2,"enemies":"Looter","floor":11,"turns":3},{"damage":3,"enemies":"Lots of Slimes","floor":12,"turns":4},{"damage":22,"enemies":"The Guardian","floor":16,"turns":15},{"damage":0,"enemies":"Chosen","floor":18,"turns":5},{"damage":4,"enemies":"Spheric Guardian","floor":19,"turns":4},{"damage":15,"enemies":"Slaver and Parasite","floor":21,"turns":7},{"damage":5,"enemies":"Cultist and Chosen","floor":22,"turns":8},{"damage":40,"enemies":"Book of Stabbing","floor":24,"turns":7},{"damage":9,"enemies":"Centurion and Healer","floor":29,"turns":5},{"damage":0,"enemies":"Sentry and Sphere","floor":31,"turns":7},{"damage":23,"enemies":"Automaton","floor":33,"turns":9},{"damage":12,"enemies":"Orb Walker","floor":35,"turns":3},{"damage":36,"enemies":"Flame Bruiser 1 Orb","floor":37,"turns":5},{"damage":10,"enemies":"Transient","floor":41,"turns":5},{"damage":6,"enemies":"4 Shapes","floor":44,"turns":2},{"damage":3,"enemies":"Sphere and 2 Shapes","floor":47,"turns":2},{"damage":20,"enemies":"Time Eater","floor":50,"turns":6}],"relics_obtained":[{"floor":4,"key":"Kunai"},{"floor":6,"key":"Tiny Chest"},{"floor":9,"key":"Lantern"},{"floor":14,"key":"Orichalcum"},{"floor":20,"key":"Shovel"},{"floor":23,"key":"Omamori"},{"floor":24,"key":"Regal Pillow"},{"floor":26,"key":"Singing Bowl"},{"floor":30,"key":"Shuriken"},{"floor":34,"key":"Strawberry"},{"floor":34,"key":"Cables"},{"floor":34,"key":"Ice Cream"},{"floor":38,"key":"Centennial Puzzle"},{"floor":40,"key":"Boot"},{"floor":43,"key":"Pantograph"},{"floor":46,"key":"Potion Belt"},{"floor":49,"key":"Happy Flower"}],"event_choices":[{"event_name":"Big Fish","player_choice":"Box","floor":5,"damage_taken":0},{"event_name":"Accursed Blacksmith","player_choice":"Forge","floor":13,"damage_taken":0},{"event_name":"Upgrade Shrine","player_choice":"Upgraded","floor":27,"damage_taken":0},{"event_name":"Match and Keep!","player_choice":"3 cards matched","floor":36,"damage_taken":0},{"event_name":"SensoryStone","player_choice":"Memory 1","floor":39,"damage_taken":0},{"event_name":"Tomb of Lord Red Mask","player_choice":"Ignored","floor":45,"damage_taken":0}],"boss_relics":[{"not_picked":["Tiny House","Cursed Key"],"picked":"Sozu"},{"not_picked":["Busted Crown","White Beast Statue"],"picked":"Calling Bell"}],"items_purged_floors":[7,28,48],"potions_floor_spawned":[2,11,12,18,19,24,31,35,37,41],"seed_played":"-6708678970748502278","ascension_level":0,"potions_obtained":[{"floor":2,"key":"Energy Potion"},{"floor":11,"key":"EntropicBrew"},{"floor":12,"key":"GamblersBrew"}],"is_trial":false}