{"gold_per_floor":[114,129,204,219,234,12,27,42,42,72,78,78,78,97,97,222,222,162,162,162,162,122,122,37,37,37,37,37,37,37,37,37,37,37,37,37,37,37,0,0,0,0,0,0,0,0,0,0,0,0],"floor_reached":51,"playtime":3618,"items_purged":[],"score":705,"play_id":"664e8abe-5d51-4972-8cee-77c4027ab135","local_time":"20181028111433","daily_mods":["SealedDeck","Uncertain Future","Lethality"],"is_ascension_mode":false,"campfire_choices":[{"data":"Defragment","floor":12,"key":"SMITH"},{"floor":15,"key":"REST"},{"data":"1","floor":30,"key":"LIFT"},{"data":"2","floor":32,"key":"LIFT"},{"data":"3","floor":40,"key":"LIFT"},{"floor":42,"key":"REST"},{"floor":49,"key":"REST"}],"neow_cost":"","seed_source_timestamp":0,"circlet_count":0,"master_deck":["Self Repair","Capacitor","Conserve Battery","Cold Snap","Coolheaded","Conserve Battery","Genetic Algorithm","Defragment+1","FTL","FTL","Ball Lightning","Auto Shields","Capacitor","Static Discharge+1","Glacier","Creative AI","Loop+1","Seek","Hologram+1","FTL+1","Ball Lightning+1","All For One","Heatsinks+1","Jack Of All Trades","Cold Snap+1","Chill"],"special_seed":17832,"relics":["Cracked Core","Lantern","Bronze Scales","Juzu Bracelet","Omamori","Golden Idol","Ectoplasm","Girya","Bag of Marbles","Boot","Fusion Hammer","Red Mask","Old Coin","Bottled Tornado"],"potions_floor_usage":[8,10,10,10,14,20,21,27,31,33,50,50,50],"damage_taken":[{"damage":3,"enemies":"2 Louse","floor":1,"turns":2},{"damage":0,"enemies":"Small Slimes","floor":2,"turns":2},{"damage":7,"enemies":"Jaw Worm","floor":4,"turns":2},{"damage":16,"enemies":"Exordium Wildlife","floor":5,"turns":3},{"damage":4,"enemies":"3 Louse","floor":7,"turns":2},{"damage":5,"enemies":"Exordium Thugs","floor":8,"turns":3},{"damage":15,"enemies":"3 Sentries","floor":10,"turns":7},{"damage":6,"enemies":"3 Sentries","floor":11,"turns":6},{"damage":6,"enemies":"Exordium Wildlife","floor":14,"turns":4},{"damage":0,"enemies":"Slime Boss","floor":16,"turns":7},{"damage":7,"enemies":"2 Thieves","floor":18,"turns":4},{"damage":5,"enemies":"Chosen","floor":19,"turns":4},{"damage":0,"enemies":"3 Cultists","floor":20,"turns":5},{"damage":0,"enemies":"Snecko","floor":21,"turns":6},{"damage":8,"enemies":"Book of Stabbing","floor":27,"turns":5},{"damage":0,"enemies":"Centurion and Healer","floor":28,"turns":6},{"damage":1,"enemies":"3 Cultists","floor":29,"turns":4},{"damage":0,"enemies":"Snecko","floor":31,"turns":3},{"damage":10,"enemies":"Collector","floor":33,"turns":9},{"damage":0,"enemies":"Orb Walker","floor":35,"turns":2},{"damage":1,"enemies":"3 Shapes","floor":36,"turns":3},{"damage":0,"enemies":"Transient","floor":37,"turns":5},{"damage":18,"enemies":"Reptomancer","floor":41,"turns":5},{"damage":2,"enemies":"3 Darklings","floor":46,"turns":3},{"damage":0,"enemies":"Sphere and 2 Shapes","floor":47,"turns":4},{"damage":12,"enemies":"4 Shapes","floor":48,"turns":3},{"damage":19,"enemies":"Awakened One","floor":50,"turns":9}],"seed_played":"5963366377252793879","potions_obtained":[{"floor":1,"key":"Swift Potion"},{"floor":2,"key":"EntropicBrew"},{"floor":7,"key":"Regen Potion"},{"floor":11,"key":"SpeedPotion"},{"floor":19,"key":"Regen Potion"},{"floor":20,"key":"GamblersBrew"},{"floor":21,"key":"Fruit Juice"},{"floor":25,"key":"Regen Potion"},{"floor":25,"key":"Ancient Potion"},{"floor":41,"key":"Explosive Potion"},{"floor":46,"key":"Strength Potion"},{"floor":47,"key":"Poison Potion"}],"is_trial":false,"path_per_floor":["M","M","?","M","M","$","M","M","T","E","?","R","?","M","R","B",null,"M","M","M","M","?","$","?","?","T","E","M","M","R","M","R","B",null,"M","M","M","?","?","R","E","R","T","?","$","M","M","M","R","B"],"character_chosen":"DEFECT","items_purchased":["Lantern","Static Discharge"],"campfire_rested":3,"item_purchase_floors":[6,6],"current_hp_per_floor":[75,75,64,64,55,55,51,62,62,54,55,55,55,49,69,69,69,62,64,69,74,74,74,74,74,74,74,74,74,74,74,74,64,74,74,74,74,74,74,74,63,74,74,74,74,74,74,62,74,62],"gold":0,"neow_bonus":"","is_prod":false,"is_daily":true,"chose_seed":false,"campfire_upgraded":1,"win_rate":0,"timestamp":1540739673,"path_taken":["M","M","?","M","M","$","M","M","T","E","?","R","?","M","R","BOSS","M","M","M","M","?","$","?","?","T","E","M","M","R","M","R","BOSS","M","M","M","?","?","R","E","R","T","?","$","M","M","M","R","BOSS"],"build_version":"2018-10-25v2","purchased_purges":0,"victory":true,"max_hp_per_floor":[75,75,75,75,75,75,75,75,75,75,75,75,69,69,69,69,69,69,69,69,74,74,74,74,74,74,74,74,74,74,74,74,74,74,74,74,74,74,74,74,74,74,74,74,74,74,74,74,74,74],"card_choices":[{"not_picked":["Hologram","Cold Snap"],"picked":"Ball Lightning","floor":1},{"not_picked":["Skim","Ball Lightning"],"picked":"Auto Shields","floor":2},{"not_picked":["Conserve Battery","Hello World"],"picked":"Capacitor","floor":4},{"not_picked":["Ball Lightning","Steam","Coolheaded"],"picked":"SKIP","floor":5},{"not_picked":["Beam Cell","Ball Lightning"],"picked":"Glacier","floor":7},{"not_picked":["Hello World","Compile Driver"],"picked":"Creative AI","floor":8},{"not_picked":["Static Discharge","Sweeping Beam"],"picked":"Loop","floor":10},{"not_picked":["Darkness","Barrage","Beam Cell"],"picked":"SKIP","floor":14},{"not_picked":["Rainbow","Core Surge"],"picked":"Seek","floor":16},{"not_picked":["Tempest","Leap","Streamline"],"picked":"SKIP","floor":18},{"not_picked":["Compile Driver","Barrage+1","Hello World"],"picked":"SKIP","floor":19},{"not_picked":["Beam Cell","Darkness","Sweeping Beam+1"],"picked":"SKIP","floor":20},{"not_picked":["Conserve Battery","Turbo","Genetic Algorithm"],"picked":"SKIP","floor":21},{"not_picked":["Melter","Steam Power"],"picked":"Hologram+1","floor":27},{"not_picked":["Static Discharge","Sweeping Beam"],"picked":"FTL+1","floor":28},{"not_picked":["Coolheaded","Streamline","Hello World"],"picked":"SKIP","floor":29},{"not_picked":["Steam+1","Beam Cell"],"picked":"Ball Lightning+1","floor":31},{"not_picked":["Meteor Strike","Machine Learning"],"picked":"All For One","floor":33},{"not_picked":["Aggregate","Coolheaded","Redo"],"picked":"SKIP","floor":35},{"not_picked":["Double Energy","Redo","Ball Lightning+1"],"picked":"SKIP","floor":36},{"not_picked":["Melter","Beam Cell","Conserve Battery+1"],"picked":"SKIP","floor":37},{"not_picked":["Force Field","Turbo+1"],"picked":"Heatsinks+1","floor":41},{"not_picked":["Enlightenment","Deep Breath"],"picked":"Jack Of All Trades","floor":44},{"not_picked":["All For One","Blizzard","Rebound+1"],"picked":"SKIP","floor":46},{"not_picked":["Turbo","Rebound"],"picked":"Cold Snap+1","floor":47},{"not_picked":["Fusion+1","Reprogram+1"],"picked":"Chill","floor":48}],"player_experience":403564,"relics_obtained":[{"floor":9,"key":"Bronze Scales"},{"floor":10,"key":"Juzu Bracelet"},{"floor":11,"key":"Omamori"},{"floor":26,"key":"Bag of Marbles"},{"floor":27,"key":"Boot"},{"floor":41,"key":"Old Coin"},{"floor":43,"key":"Bottled Tornado"}],"event_choices":[{"damage_healed":0,"gold_gain":75,"player_choice":"Gather Gold","damage_taken":11,"max_hp_gain":0,"max_hp_loss":0,"event_name":"World of Goop","floor":3,"gold_loss":0},{"damage_healed":0,"gold_gain":30,"player_choice":"Searched \u00272\u0027 times","damage_taken":0,"max_hp_gain":0,"max_hp_loss":0,"event_name":"Dead Adventurer","floor":11,"gold_loss":0},{"damage_healed":0,"gold_gain":0,"player_choice":"Lose Max HP","damage_taken":0,"relics_obtained":["Golden Idol"],"max_hp_gain":0,"max_hp_loss":6,"event_name":"Golden Idol","floor":13,"gold_loss":0},{"damage_healed":0,"gold_gain":0,"player_choice":"Upgraded Two","damage_taken":0,"max_hp_gain":0,"max_hp_loss":0,"event_name":"Designer","floor":22,"gold_loss":40,"cards_upgraded":["Static Discharge","Loop"]},{"damage_healed":0,"gold_gain":0,"player_choice":"Obtained Relic","damage_taken":0,"relics_obtained":["Girya"],"max_hp_gain":0,"max_hp_loss":0,"event_name":"Addict","floor":24,"gold_loss":85},{"damage_healed":0,"gold_gain":0,"player_choice":"Got Potions","damage_taken":0,"max_hp_gain":0,"max_hp_loss":0,"event_name":"The Lab","floor":25,"gold_loss":0},{"damage_healed":0,"gold_gain":0,"player_choice":"Ignored","damage_taken":0,"max_hp_gain":0,"max_hp_loss":0,"event_name":"The Moai Head","floor":38,"gold_loss":0},{"damage_healed":0,"gold_gain":0,"player_choice":"Paid","damage_taken":0,"relics_obtained":["Red Mask"],"max_hp_gain":0,"max_hp_loss":0,"event_name":"Tomb of Lord Red Mask","floor":39,"gold_loss":37},{"damage_healed":0,"gold_gain":0,"player_choice":"Memory 1","damage_taken":0,"max_hp_gain":0,"max_hp_loss":0,"event_name":"SensoryStone","floor":44,"gold_loss":0}],"is_beta":false,"boss_relics":[{"not_picked":["Lizard Tail","Cursed Key"],"picked":"Ectoplasm"},{"not_picked":["Eternal Feather","Snecko Eye"],"picked":"Fusion Hammer"}],"items_purged_floors":[],"is_endless":false,"potions_floor_spawned":[1,2,7,11,19,20,21,41,46,47],"ascension_level":0}