{"gold_per_floor":[110,124,124,135,155,155,173,198,198,210,48,67,67,86,86,86],"floor_reached":16,"playtime":1511,"items_purged":["Strike_G"],"score":182,"play_id":"a90a3b24-428c-4524-b915-54ff93fd324e","local_time":"20190209002845","is_ascension_mode":true,"campfire_choices":[{"data":"Night Terror","floor":6,"key":"SMITH"},{"data":"Noxious Fumes","floor":13,"key":"SMITH"},{"data":"Footwork","floor":15,"key":"SMITH"}],"neow_cost":"PERCENT_DAMAGE","seed_source_timestamp":2184608414083214,"circlet_count":0,"master_deck":["AscendersBane","Defend_G","Defend_G","Defend_G","Defend_G","Defend_G","Strike_G","Strike_G","Strike_G","Strike_G","Survivor","Neutralize","Night Terror+1","Predator","Dagger Spray","Footwork+1","Blur","Backflip","Noxious Fumes+1","Poisoned Stab","Bane"],"relics":["Ring of the Snake","Juzu Bracelet","Pocketwatch"],"potions_floor_usage":[12,14,16],"damage_taken":[{"damage":5,"enemies":"Cultist","floor":1,"turns":5},{"damage":0,"enemies":"Jaw Worm","floor":2,"turns":5},{"damage":2,"enemies":"Small Slimes","floor":4,"turns":4},{"damage":8,"enemies":"3 Louse","floor":5,"turns":3},{"damage":0,"enemies":"Large Slime","floor":7,"turns":7},{"damage":1,"enemies":"Blue Slaver","floor":10,"turns":5},{"damage":0,"enemies":"3 Louse","floor":12,"turns":2},{"damage":15,"enemies":"Exordium Thugs","floor":14,"turns":7},{"damage":8,"enemies":"Hexaghost","floor":16,"turns":9}],"seed_played":"-5499177717202722511","potions_obtained":[{"floor":1,"key":"SkillPotion"},{"floor":5,"key":"Explosive Potion"},{"floor":14,"key":"SkillPotion"}],"is_trial":false,"path_per_floor":["M","M","?","M","M","R","M","T","T","M","$","M","R","M","R","B"],"character_chosen":"THE_SILENT","items_purchased":["Noxious Fumes"],"campfire_rested":0,"item_purchase_floors":[11],"current_hp_per_floor":[39,39,30,28,20,20,20,20,20,19,19,19,19,4,4,0],"gold":86,"neow_bonus":"THREE_RARE_CARDS","is_prod":false,"is_daily":false,"chose_seed":false,"campfire_upgraded":3,"win_rate":0,"timestamp":1549690125,"path_taken":["M","?","?","M","?","R","M","?","T","M","$","M","R","M","R","BOSS"],"build_version":"2019-01-23","purchased_purges":1,"victory":false,"max_hp_per_floor":[66,66,66,66,66,66,66,66,66,66,66,66,66,66,66,66],"card_choices":[{"not_picked":["Phantasmal Killer","Wraith Form v2"],"picked":"Night Terror","floor":0},{"not_picked":["Flechettes","Flying Knee"],"picked":"Predator","floor":1},{"not_picked":["Acrobatics","Reflex","Blade Dance"],"picked":"SKIP","floor":2},{"not_picked":["Cloak And Dagger","Dodge and Roll"],"picked":"Dagger Spray","floor":4},{"not_picked":["Dash","Tactician"],"picked":"Footwork","floor":5},{"not_picked":["Dagger Spray","Blade Dance"],"picked":"Blur","floor":7},{"not_picked":["Dagger Spray","Unload"],"picked":"Backflip","floor":10},{"not_picked":["Crippling Poison","Cloak And Dagger"],"picked":"Poisoned Stab","floor":12},{"not_picked":["Blade Dance","Slice"],"picked":"Bane","floor":14}],"player_experience":3543142,"relics_obtained":[{"floor":8,"key":"Juzu Bracelet"},{"floor":9,"key":"Pocketwatch"}],"event_choices":[{"damage_healed":0,"gold_gain":0,"player_choice":"Damaged","damage_taken":9,"max_hp_gain":0,"max_hp_loss":0,"event_name":"Wheel of Change","floor":3,"gold_loss":0}],"is_beta":false,"boss_relics":[],"items_purged_floors":[11],"is_endless":false,"potions_floor_spawned":[1,5,14],"killed_by":"Hexaghost","ascension_level":18}