{"gold_per_floor":[117,129,129,129,54,54,75,111,179,179,204,222,222,131,131,256,256,279,198,198,198,198,198,211,230,307,348,361,125,125],"floor_reached":30,"playtime":1627,"items_purged":["Regret"],"score":273,"play_id":"90f6d92b-7f4f-47fb-9cd9-877dba7f879c","local_time":"20180820235119","daily_mods":["Draft","Heirloom"],"is_ascension_mode":false,"campfire_choices":[{"data":"Defragment","floor":6,"key":"SMITH"},{"data":"Consume","floor":10,"key":"SMITH"},{"data":"Capacitor","floor":13,"key":"SMITH"},{"data":"Loop","floor":15,"key":"SMITH"},{"data":"Loop","floor":23,"key":"SMITH"}],"neow_cost":"","seed_source_timestamp":0,"circlet_count":0,"master_deck":["Conserve Battery","Coolheaded","Hologram","Steam","Capacitor+1","Coolheaded","Capacitor","Defragment+1","Cold Snap","Barrage","Consume+1","Hologram","Ball Lightning","Redo","Static Discharge","Coolheaded","Storm","Chill","Go for the Eyes","Barrage","Loop+1","Ball Lightning","Echo Form","Blizzard","Loop+1","Barrage","Tempest+1","Cold Snap","Coolheaded","Echo Form","Amplify"],"relics":["Cracked Core","Emotion Chip","Golden Idol","Dream Catcher","Gremlin Horn","Kunai","Philosopher\u0027s Stone","FaceOfCleric","Blue Candle","DataDisk"],"potions_floor_usage":[16,16,24,24],"damage_taken":[{"damage":0,"enemies":"Cultist","floor":1,"turns":3},{"damage":7,"enemies":"Jaw Worm","floor":2,"turns":4},{"damage":4,"enemies":"Small Slimes","floor":7,"turns":4},{"damage":5,"enemies":"3 Sentries","floor":8,"turns":6},{"damage":13,"enemies":"Gremlin Gang","floor":11,"turns":5},{"damage":0,"enemies":"3 Louse","floor":12,"turns":5},{"damage":3,"enemies":"The Guardian","floor":16,"turns":7},{"damage":14,"enemies":"Shell Parasite","floor":18,"turns":5},{"damage":13,"enemies":"3 Byrds","floor":24,"turns":4},{"damage":4,"enemies":"3 Cultists","floor":25,"turns":4},{"damage":30,"enemies":"Gremlin Leader","floor":27,"turns":6},{"damage":21,"enemies":"Shelled Parasite and Fungi","floor":28,"turns":3},{"damage":24,"enemies":"Centurion and Healer","floor":30,"turns":1}],"seed_played":"-7297739039584084118","potions_obtained":[{"floor":2,"key":"Block Potion"},{"floor":7,"key":"Weak Potion"},{"floor":11,"key":"Regen Potion"},{"floor":18,"key":"Regen Potion"}],"is_trial":true,"path_per_floor":["M","M","?","?","$","R","M","E","T","R","M","M","R","$","R","B",null,"M","$","?","?","?","R","M","M","T","E","M","$"],"character_chosen":"DEFECT","items_purchased":["Loop","Ball Lightning","Loop","Echo Form","Amplify"],"campfire_rested":0,"item_purchase_floors":[14,14,19,29,29],"current_hp_per_floor":[75,68,50,50,50,50,46,41,41,41,28,28,28,28,28,25,75,61,61,61,61,61,61,76,73,73,44,24,24,0],"gold":125,"neow_bonus":"","is_prod":false,"is_daily":false,"chose_seed":false,"campfire_upgraded":5,"win_rate":0,"timestamp":1534776679,"path_taken":["M","?","?","?","$","R","?","E","T","R","M","M","R","$","R","BOSS","M","$","?","?","?","R","M","M","T","E","?","$","M"],"build_version":"2018-08-16","purchased_purges":1,"victory":false,"max_hp_per_floor":[75,75,75,75,75,75,75,75,75,75,75,75,75,75,75,75,75,75,75,75,75,75,75,76,77,77,78,79,79,79],"card_choices":[{"not_picked":["Compile Driver","Steam Power"],"picked":"Conserve Battery","floor":0},{"not_picked":["Consume","Sunder"],"picked":"Coolheaded","floor":0},{"not_picked":["Rip and Tear","Tempest"],"picked":"Hologram","floor":0},{"not_picked":["Genetic Algorithm","Rip and Tear"],"picked":"Steam","floor":0},{"not_picked":["Ball Lightning","Turbo"],"picked":"Capacitor","floor":0},{"not_picked":["Chaos","Leap"],"picked":"Coolheaded","floor":0},{"not_picked":["Cold Snap","Compile Driver"],"picked":"Capacitor","floor":0},{"not_picked":["Go for the Eyes","Coolheaded"],"picked":"Defragment","floor":0},{"not_picked":["Barrage","Rebound"],"picked":"Cold Snap","floor":0},{"not_picked":["Steam","Auto Shields"],"picked":"Barrage","floor":0},{"not_picked":["Aggregate","Stack"],"picked":"Consume","floor":0},{"not_picked":["Reinforced Body","Streamline"],"picked":"Hologram","floor":0},{"not_picked":["Steam","Hologram"],"picked":"Ball Lightning","floor":0},{"not_picked":["Turbo","Hologram"],"picked":"Redo","floor":0},{"not_picked":["Blizzard","Consume"],"picked":"Redo","floor":0},{"not_picked":["Gash","Hologram"],"picked":"Static Discharge","floor":1},{"not_picked":["Gash","Steam Power"],"picked":"Coolheaded","floor":2},{"not_picked":["Scrape","Rip and Tear"],"picked":"Storm","floor":7},{"not_picked":["Stack","Steam Power"],"picked":"Chill","floor":8},{"not_picked":["Blizzard","Melter"],"picked":"Go for the Eyes","floor":11},{"not_picked":["Cold Snap","Steam"],"picked":"Barrage","floor":12},{"not_picked":["Hyperbeam","Creative AI"],"picked":"Echo Form","floor":16},{"not_picked":["Stack","Coolheaded"],"picked":"Blizzard","floor":18},{"not_picked":["Compile Driver","Conserve Battery"],"picked":"Barrage","floor":24},{"not_picked":["Redo","Gash+1"],"picked":"Tempest+1","floor":25},{"not_picked":["Sweeping Beam","Genetic Algorithm"],"picked":"Cold Snap","floor":27},{"not_picked":["Rebound","Static Discharge"],"picked":"Coolheaded","floor":28}],"player_experience":355735,"relics_obtained":[{"floor":8,"key":"Gremlin Horn"},{"floor":9,"key":"Kunai"},{"floor":26,"key":"Blue Candle"},{"floor":27,"key":"DataDisk"}],"event_choices":[{"event_name":"Golden Idol","player_choice":"Take Damage","floor":3,"damage_taken":0},{"event_name":"Big Fish","player_choice":"Box","floor":4,"damage_taken":0},{"event_name":"The Woman in Blue","player_choice":"Bought 0 Potions","floor":20,"damage_taken":0},{"event_name":"Back to Basics","player_choice":"Elegance","floor":21,"damage_taken":0},{"event_name":"FaceTrader","player_choice":"Trade","floor":22,"damage_taken":0}],"is_beta":true,"boss_relics":[{"not_picked":["White Beast Statue","Ectoplasm"],"picked":"Philosopher\u0027s Stone"}],"items_purged_floors":[5],"is_endless":false,"potions_floor_spawned":[2,7,11,18],"killed_by":"Centurion and Healer","ascension_level":0}