{"gold_per_floor":[115,36,51,67,67,99,99,132,132,132,132,132,156,171,171,301,301,301,188,188,188,188,188,188,188,188,188,188,188,188,188,188,188,188,188,188,188,188,188,188],"floor_reached":40,"playtime":1455,"items_purged":[],"score":443,"play_id":"9bfac826-4a80-4a19-83db-4293846ad210","local_time":"20180824145319","is_ascension_mode":false,"campfire_choices":[{"data":"Demon Form","floor":7,"key":"SMITH"},{"floor":11,"key":"REST"},{"floor":15,"key":"REST"},{"floor":24,"key":"REST"},{"data":"Metallicize","floor":27,"key":"SMITH"},{"data":"Heavy Blade","floor":29,"key":"SMITH"},{"data":"Rage","floor":32,"key":"SMITH"}],"neow_cost":"NONE","seed_source_timestamp":100426355847685,"circlet_count":0,"master_deck":["Strike_R+1","Strike_R+1","Strike_R+1","Strike_R+1","Strike_R+1","Defend_R+1","Defend_R+1","Defend_R+1","Defend_R+1","Bash","Metallicize+1","Inflame","Cleave","Shrug It Off","Demon Form+1","Heavy Blade+1","Spot Weakness","Shrug It Off","Heavy Blade","Rage+1","Cleave","Armaments"],"relics":["Burning Blood","NeowsBlessing","Dead Branch","Singing Bowl","Meat on the Bone","Golden Idol","Ectoplasm","Bottled Tornado","Strawberry","White Beast Statue"],"potions_floor_usage":[16,23,25,33,33,37,40,40],"damage_taken":[{"damage":0,"enemies":"Jaw Worm","floor":1,"turns":1},{"damage":0,"enemies":"Small Slimes","floor":3,"turns":1},{"damage":0,"enemies":"Cultist","floor":4,"turns":1},{"damage":21,"enemies":"Lagavulin","floor":6,"turns":7},{"damage":43,"enemies":"Gremlin Nob","floor":8,"turns":5},{"damage":13,"enemies":"Large Slime","floor":13,"turns":5},{"damage":8,"enemies":"3 Louse","floor":14,"turns":3},{"damage":35,"enemies":"The Guardian","floor":16,"turns":9},{"damage":7,"enemies":"Chosen","floor":18,"turns":4},{"damage":13,"enemies":"Spheric Guardian","floor":20,"turns":5},{"damage":24,"enemies":"Snake Plant","floor":22,"turns":3},{"damage":19,"enemies":"Gremlin Leader","floor":23,"turns":7},{"damage":4,"enemies":"Snecko","floor":25,"turns":5},{"damage":17,"enemies":"Centurion and Healer","floor":28,"turns":5},{"damage":11,"enemies":"Snake Plant","floor":30,"turns":4},{"damage":30,"enemies":"Champ","floor":33,"turns":8},{"damage":54,"enemies":"3 Darklings","floor":35,"turns":6},{"damage":19,"enemies":"Flame Bruiser 1 Orb","floor":37,"turns":5},{"damage":15,"enemies":"Maw","floor":39,"turns":8},{"damage":78,"enemies":"2 Orb Walkers","floor":40,"turns":5}],"seed_played":"-7442715221758710324","potions_obtained":[{"floor":1,"key":"GamblersBrew"},{"floor":6,"key":"LiquidBronze"},{"floor":14,"key":"Block Potion"},{"floor":18,"key":"Ancient Potion"},{"floor":22,"key":"Strength Potion"},{"floor":23,"key":"Fire Potion"},{"floor":35,"key":"BloodPotion"},{"floor":37,"key":"GamblersBrew"},{"floor":39,"key":"GamblersBrew"}],"is_trial":false,"path_per_floor":["M","$","M","M","?","E","R","E","T","$","R","?","M","M","R","B",null,"M","$","M","$","M","E","R","M","T","R","M","R","M","?","R","B",null,"M","?","M","?","M"],"character_chosen":"IRONCLAD","items_purchased":["Inflame","Spot Weakness","Shrug It Off"],"campfire_rested":3,"item_purchase_floors":[2,19,19],"current_hp_per_floor":[80,80,80,80,80,65,65,30,30,30,54,54,47,47,70,55,80,81,81,74,74,58,59,84,88,95,95,86,86,81,81,81,59,99,63,63,59,87,80,2],"gold":188,"neow_bonus":"THREE_ENEMY_KILL","is_prod":false,"is_daily":false,"chose_seed":false,"campfire_upgraded":4,"win_rate":0,"timestamp":1535136799,"path_taken":["M","$","M","M","?","E","R","E","T","$","R","?","M","?","R","BOSS","M","$","M","$","M","E","R","M","T","R","M","R","M","?","R","BOSS","M","?","M","?","M","E"],"build_version":"2018-08-23v2","purchased_purges":0,"victory":false,"max_hp_per_floor":[80,80,80,80,80,80,80,82,82,82,82,76,76,78,78,80,80,82,82,82,82,84,86,86,88,95,95,97,97,97,97,97,99,99,99,99,99,87,89,89],"card_choices":[{"not_picked":["Flex","Wild Strike"],"picked":"Metallicize","floor":1},{"not_picked":["Warcry","Armaments"],"picked":"Cleave","floor":3},{"not_picked":["Sever Soul","Havoc"],"picked":"Shrug It Off","floor":4},{"not_picked":["Warcry","Thunderclap"],"picked":"Demon Form","floor":6},{"not_picked":["Combust","Dual Wield","Perfected Strike"],"picked":"Singing Bowl","floor":8},{"not_picked":["Armaments","Headbutt"],"picked":"Heavy Blade","floor":13},{"not_picked":["Feel No Pain","Warcry","Seeing Red"],"picked":"Singing Bowl","floor":14},{"not_picked":["Berserk","Double Tap","Fiend Fire"],"picked":"Singing Bowl","floor":16},{"not_picked":["Blood for Blood","Pommel Strike","Sentinel"],"picked":"Singing Bowl","floor":18},{"not_picked":["True Grit","Warcry"],"picked":"Heavy Blade","floor":20},{"not_picked":["Thunderclap+1","Flex+1","Havoc"],"picked":"Singing Bowl","floor":22},{"not_picked":["Body Slam","Clothesline","Seeing Red"],"picked":"Singing Bowl","floor":23},{"not_picked":["Armaments","Pommel Strike","Spot Weakness"],"picked":"Singing Bowl","floor":25},{"not_picked":["Clothesline","Evolve","Power Through"],"picked":"Singing Bowl","floor":28},{"not_picked":["Evolve","Blood for Blood"],"picked":"Rage","floor":30},{"not_picked":["Bludgeon","Juggernaut","Exhume"],"picked":"Singing Bowl","floor":33},{"not_picked":["Headbutt+1","Sword Boomerang"],"picked":"Cleave","floor":35},{"not_picked":["Iron Wave+1","Flex+1"],"picked":"Armaments","floor":37},{"not_picked":["Body Slam+1","Clothesline+1","Thunderclap+1"],"picked":"Singing Bowl","floor":39}],"player_experience":85055,"relics_obtained":[{"floor":6,"key":"Dead Branch"},{"floor":8,"key":"Singing Bowl"},{"floor":9,"key":"Meat on the Bone"},{"floor":23,"key":"Bottled Tornado"},{"floor":26,"key":"Strawberry"}],"event_choices":[{"event_name":"The Cleric","player_choice":"Leave","floor":5,"damage_taken":0},{"event_name":"Golden Idol","player_choice":"Lose Max HP","floor":12,"damage_taken":0},{"event_name":"Back to Basics","player_choice":"Simplicity","floor":31,"damage_taken":0},{"event_name":"Accursed Blacksmith","player_choice":"Ignore","floor":36,"damage_taken":0},{"event_name":"The Moai Head","player_choice":"Heal","floor":38,"damage_taken":0}],"is_beta":false,"boss_relics":[{"not_picked":["Velvet Choker","Cursed Key"],"picked":"Ectoplasm"},{"not_picked":["Runic Dome","Busted Crown"],"picked":"White Beast Statue"}],"items_purged_floors":[],"is_endless":false,"potions_floor_spawned":[1,6,14,18,22,23,35,37,39],"killed_by":"2 Orb Walkers","ascension_level":0}