{"gold_per_floor":[17,36,36,51,51,51,51,82,82,96,96,157,97,117,117,117],"floor_reached":16,"playtime":739,"items_purged":["Strike_R"],"score":125,"play_id":"f1bf1ae4-f556-4fc3-b23b-4301629b7ce5","local_time":"20181116193812","is_ascension_mode":false,"campfire_choices":[{"data":"Entrench","floor":6,"key":"SMITH"},{"data":"Armaments","floor":11,"key":"SMITH"},{"data":"Spot Weakness","floor":15,"key":"SMITH"}],"neow_cost":"NO_GOLD","seed_source_timestamp":82357527304564,"circlet_count":0,"master_deck":["Strike_R","Strike_R+1","Strike_R+1","Strike_R","Defend_R","Defend_R","Defend_R","Defend_R","Bash","Feed","Twin Strike","Entrench+1","Pummel","Armaments+1","Blind","Inflame","Cleave","Headbutt","Spot Weakness+1"],"relics":["Burning Blood","Letter Opener","Self Forming Clay","The Courier"],"potions_floor_usage":[],"damage_taken":[{"damage":1,"enemies":"Cultist","floor":1,"turns":3},{"damage":2,"enemies":"2 Louse","floor":2,"turns":2},{"damage":8,"enemies":"Jaw Worm","floor":4,"turns":4},{"damage":44,"enemies":"3 Sentries","floor":8,"turns":14},{"damage":12,"enemies":"Gremlin Gang","floor":10,"turns":5},{"damage":20,"enemies":"Lagavulin Event","floor":12,"turns":5},{"damage":0,"enemies":"2 Fungi Beasts","floor":14,"turns":3},{"damage":27,"enemies":"The Guardian","floor":16,"turns":8}],"seed_played":"-1189901851957617058","potions_obtained":[{"floor":3,"key":"GamblersBrew"},{"floor":3,"key":"EssenceOfSteel"},{"floor":3,"key":"Strength Potion"},{"floor":8,"key":"Energy Potion"},{"floor":14,"key":"PowerPotion"}],"is_trial":false,"path_per_floor":["M","M","?","M","?","R","?","E","T","M","R","?","$","M","R","B"],"character_chosen":"IRONCLAD","items_purchased":[],"campfire_rested":0,"item_purchase_floors":[],"current_hp_per_floor":[83,86,86,87,69,69,69,34,34,31,31,17,17,27,27,0],"gold":117,"neow_bonus":"THREE_RARE_CARDS","is_prod":false,"is_daily":false,"chose_seed":false,"campfire_upgraded":3,"win_rate":0,"timestamp":1542364692,"path_taken":["M","M","?","?","?","R","?","E","T","?","R","?","?","M","R","BOSS"],"build_version":"2018-11-15","purchased_purges":1,"victory":false,"max_hp_per_floor":[83,86,86,89,89,89,89,92,92,95,95,95,95,99,99,99],"card_choices":[{"not_picked":["Double Tap","Fiend Fire"],"picked":"Feed","floor":0},{"not_picked":["Wild Strike","Clash"],"picked":"Twin Strike","floor":1},{"not_picked":["Clash","Infernal Blade"],"picked":"Entrench","floor":2},{"not_picked":["Clothesline","Anger"],"picked":"Pummel","floor":4},{"not_picked":["Iron Wave","Clothesline"],"picked":"Inflame","floor":8},{"not_picked":["Fire Breathing","Carnage"],"picked":"Cleave","floor":10},{"not_picked":["Wild Strike","Body Slam"],"picked":"Headbutt","floor":12},{"not_picked":["Shrug It Off","Clash"],"picked":"Spot Weakness","floor":14}],"player_experience":573238,"relics_obtained":[{"floor":8,"key":"Letter Opener"},{"floor":9,"key":"Self Forming Clay"},{"floor":12,"key":"The Courier"}],"event_choices":[{"damage_healed":0,"gold_gain":0,"player_choice":"Got Potions","damage_taken":0,"max_hp_gain":0,"max_hp_loss":0,"event_name":"Lab","floor":3,"gold_loss":0},{"damage_healed":0,"gold_gain":0,"player_choice":"Entered Light","damage_taken":18,"max_hp_gain":0,"max_hp_loss":0,"event_name":"Shining Light","floor":5,"gold_loss":0,"cards_upgraded":["Strike_R","Strike_R"]},{"damage_healed":0,"gold_gain":0,"player_choice":"2 cards matched","damage_taken":0,"max_hp_gain":0,"max_hp_loss":0,"event_name":"Match and Keep!","floor":7,"gold_loss":0,"cards_obtained":["Armaments","Blind"]},{"damage_healed":0,"gold_gain":30,"player_choice":"Searched \u00272\u0027 times","damage_taken":0,"max_hp_gain":0,"max_hp_loss":0,"event_name":"Dead Adventurer","floor":12,"gold_loss":0}],"is_beta":false,"boss_relics":[],"items_purged_floors":[13],"is_endless":false,"potions_floor_spawned":[8,10,12,14],"killed_by":"The Guardian","ascension_level":0}