{"gold_per_floor":[112,125,2,2,19,19,36,65,88,88,64,114,114,128,128,207,207,186,461,12,22,22,22,40,40,40,71,71,71,96,107,107,184,184,200,50,69,19,0,0,33,33,33,45,73,73,12,12,12,12],"floor_reached":50,"playtime":2998,"items_purged":["Regret","Strike_G","Strike_G"],"score":1147,"play_id":"e02f8d4c-e1d4-4e3c-9f2c-f27e126ce781","local_time":"20181017052909","is_ascension_mode":true,"campfire_choices":[{"data":"Neutralize","floor":6.0,"key":"SMITH"},{"data":"Footwork","floor":10.0,"key":"SMITH"},{"floor":13.0,"key":"REST"},{"floor":15.0,"key":"REST"},{"data":"Catalyst","floor":23.0,"key":"SMITH"},{"data":"Burst","floor":28.0,"key":"SMITH"},{"data":"Footwork","floor":32,"key":"SMITH"},{"data":"Footwork","floor":40,"key":"SMITH"},{"floor":42,"key":"REST"},{"data":"Acrobatics","floor":46,"key":"SMITH"},{"floor":49,"key":"REST"}],"neow_cost":"NONE","seed_source_timestamp":416893697712400,"circlet_count":0,"master_deck":["Defend_G+1","Defend_G","Defend_G","Defend_G","Defend_G+1","Strike_G","Strike_G","Strike_G","Survivor","Neutralize+1","AscendersBane","Footwork+1","Quick Slash","Predator","Footwork+1","Flying Knee","Skewer","Catalyst+1","Terror","Burst+1","Dodge and Roll","Deadly Poison","Dagger Spray","Acrobatics+1","Ghostly","Ghostly","Ghostly","Ghostly","Ghostly","Footwork+1","Quick Slash","Quick Slash+1","Quick Slash+1","Acrobatics","Finesse"],"special_seed":0,"relics":["Ring of the Snake","Pen Nib","Juzu Bracelet","War Paint","Busted Crown","Meat on the Bone","Bottled Tornado","Smiling Mask","Dodecahedron","Cursed Key","Red Mask","Centennial Puzzle","Bag of Preparation"],"potions_floor_usage":[33,33,37,50],"damage_taken":[{"damage":1.0,"enemies":"2 Louse","floor":1.0,"turns":3.0},{"damage":0.0,"enemies":"Small Slimes","floor":2.0,"turns":4.0},{"damage":6.0,"enemies":"Cultist","floor":5.0,"turns":3.0},{"damage":7.0,"enemies":"Lots of Slimes","floor":7.0,"turns":4.0},{"damage":21.0,"enemies":"Lagavulin","floor":8.0,"turns":8.0},{"damage":2.0,"enemies":"Exordium Thugs","floor":11.0,"turns":4.0},{"damage":16.0,"enemies":"2 Fungi Beasts","floor":14.0,"turns":4.0},{"damage":29.0,"enemies":"Slime Boss","floor":16.0,"turns":12.0},{"damage":14.0,"enemies":"2 Thieves","floor":18.0,"turns":4.0},{"damage":20.0,"enemies":"3 Byrds","floor":21.0,"turns":6.0},{"damage":15.0,"enemies":"Cultist and Chosen","floor":24.0,"turns":7.0},{"damage":10.0,"enemies":"Gremlin Leader","floor":27.0,"turns":8.0},{"damage":19,"enemies":"Slavers","floor":30,"turns":9},{"damage":2,"enemies":"Centurion and Healer","floor":31,"turns":8},{"damage":2,"enemies":"Collector","floor":33,"turns":8},{"damage":0,"enemies":"Orb Walker","floor":35,"turns":3},{"damage":0,"enemies":"3 Shapes","floor":37,"turns":8},{"damage":22,"enemies":"2 Orb Walkers","floor":41,"turns":9},{"damage":1,"enemies":"3 Darklings","floor":44,"turns":8},{"damage":4,"enemies":"Nemesis","floor":45,"turns":11},{"damage":37,"enemies":"Donu and Deca","floor":50,"turns":17}],"seed_played":"-6099059906205092733","potions_obtained":[{"floor":1.0,"key":"Weak Potion"},{"floor":2.0,"key":"Fire Potion"},{"floor":16.0,"key":"Weak Potion"},{"floor":21.0,"key":"FairyPotion"},{"floor":30,"key":"Poison Potion"},{"floor":31,"key":"Poison Potion"},{"floor":41,"key":"SkillPotion"},{"floor":44,"key":"Energy Potion"}],"is_trial":false,"path_per_floor":["M","M","$","?","M","R","M","E","T","R","M","?","R","M","R","B",null,"M","?","$","M","$","R","M","?","T","E","R","?","E","M","R","B",null,"M","$","M","$","?","R","E","R","T","M","E","R","$","?","R"],"character_chosen":"THE_SILENT","items_purchased":["Predator","Footwork","Deadly Poison","Meat on the Bone","Poison Potion","Footwork","PowerPotion","Acrobatics"],"campfire_rested":4,"item_purchase_floors":[3,3,20,20,20,36,36,47],"current_hp_per_floor":[58,58,58,58,52,52,45,24,24,24,22,22,41,25,44,15,53,39,39,39,31,31,31,28,28,28,18,18,18,15,25,25,23,31,31,31,31,31,31,31,21,30,30,29,25,25,25,20,29,0],"gold":12,"neow_bonus":"RANDOM_COMMON_RELIC","is_prod":false,"is_daily":false,"chose_seed":false,"campfire_upgraded":7,"win_rate":0,"timestamp":1539768549,"path_taken":["M","M","$","?","M","R","M","E","T","R","M","?","R","M","R","BOSS","M","?","$","M","$","R","M","?","T","E","R","?","E","M","R","BOSS","M","$","M","?","?","R","E","R","T","M","E","R","?","?","R","BOSS"],"build_version":"2018-10-04","purchased_purges":3,"victory":false,"max_hp_per_floor":[66,66,66,66,66,66,66,66,66,66,66,66,66,66,66,66,66,66,66,66,66,66,66,66,33,33,33,33,33,33,33,33,33,33,33,33,33,33,33,33,33,33,33,33,33,33,33,33,33,33],"card_choices":[{"not_picked":["Concentrate","Riddle With Holes"],"picked":"Footwork","floor":1.0},{"not_picked":["Setup","Deflect"],"picked":"Quick Slash","floor":2.0},{"not_picked":["Calculated Gamble","Flechettes","Underhanded Strike"],"picked":"SKIP","floor":5.0},{"not_picked":["Dagger Throw","Heel Hook"],"picked":"Flying Knee","floor":7.0},{"not_picked":["Terror","Quick Slash"],"picked":"Skewer","floor":8.0},{"not_picked":["Skewer","Slice"],"picked":"Catalyst","floor":11.0},{"not_picked":["Deflect","Riddle With Holes"],"picked":"Terror","floor":14.0},{"not_picked":["Wraith Form v2","Tools of the Trade"],"picked":"Burst","floor":16.0},{"not_picked":[],"picked":"Dodge and Roll","floor":18.0},{"not_picked":[],"picked":"Dagger Spray","floor":21.0},{"not_picked":[],"picked":"Acrobatics","floor":24.0},{"not_picked":["Masterful Stab"],"picked":"SKIP","floor":27.0},{"not_picked":["Concentrate"],"picked":"SKIP","floor":30},{"not_picked":["Reflex"],"picked":"SKIP","floor":31},{"not_picked":["Bane"],"picked":"SKIP","floor":35},{"not_picked":[],"picked":"Quick Slash","floor":37},{"not_picked":[],"picked":"Quick Slash+1","floor":41},{"not_picked":[],"picked":"Quick Slash+1","floor":44},{"not_picked":["Dodge and Roll+1"],"picked":"SKIP","floor":45},{"not_picked":[],"picked":"Finesse","floor":48}],"player_experience":1418144,"relics_obtained":[{"floor":8.0,"key":"Juzu Bracelet"},{"floor":9.0,"key":"War Paint"},{"floor":26.0,"key":"Bottled Tornado"},{"floor":27.0,"key":"Smiling Mask"},{"floor":30,"key":"Dodecahedron"},{"floor":41,"key":"Centennial Puzzle"},{"floor":45,"key":"Bag of Preparation"}],"event_choices":[{"event_name":"Liars Game","player_choice":"disagreed","floor":4.0,"damage_taken":0.0},{"event_name":"Golden Shrine","player_choice":"Pray","floor":12.0,"damage_taken":0.0},{"event_name":"Golden Shrine","player_choice":"Desecrate","floor":19.0,"damage_taken":0.0},{"event_name":"Ghosts","player_choice":"Became a Ghost","floor":25.0,"damage_taken":0.0},{"event_name":"Beggar","player_choice":"Ignored","floor":29.0,"damage_taken":0.0},{"event_name":"Tomb of Lord Red Mask","player_choice":"Paid","floor":39,"damage_taken":0},{"event_name":"SensoryStone","player_choice":"Memory 2","floor":48,"damage_taken":0}],"is_beta":true,"boss_relics":[{"not_picked":["White Beast Statue","Orrery"],"picked":"Busted Crown"},{"not_picked":["Philosopher\u0027s Stone","WristBlade"],"picked":"Cursed Key"}],"items_purged_floors":[20,36,38],"is_endless":false,"potions_floor_spawned":[1,2,16,21,30,31,41,44],"killed_by":"Donu and Deca","ascension_level":20}