{"gold_per_floor":[119,194,208,27,47,79,79,111,111,124,124,124,139,46,46,46],"floor_reached":16,"playtime":985,"items_purged":[],"score":110,"play_id":"3e267b6a-6d3f-4992-9620-7110da878ba2","local_time":"20190111231749","is_ascension_mode":false,"campfire_choices":[{"floor":7,"key":"REST"},{"data":"Panache","floor":11,"key":"SMITH"},{"floor":15,"key":"REST"}],"neow_cost":"TEN_PERCENT_HP_LOSS","seed_source_timestamp":513280894223478,"circlet_count":0,"master_deck":["Strike_B","Strike_B","Strike_B","Defend_B","Defend_B","Defend_B","Defend_B","Zap","Dualcast","Jack Of All Trades","Metamorphosis","Rebound","Auto Shields","Panache+1","Beam Cell","Go for the Eyes","Gash","Gash","Finesse"],"relics":["Cracked Core","Emotion Chip","Bottled Flame","Bottled Tornado"],"potions_floor_usage":[8,16,16],"damage_taken":[{"damage":0,"enemies":"2 Louse","floor":1,"turns":2},{"damage":11,"enemies":"Jaw Worm","floor":3,"turns":2},{"damage":1,"enemies":"Cultist","floor":5,"turns":3},{"damage":20,"enemies":"Lagavulin","floor":6,"turns":8},{"damage":8,"enemies":"3 Sentries","floor":8,"turns":4},{"damage":7,"enemies":"Looter","floor":10,"turns":3},{"damage":9,"enemies":"Blue Slaver","floor":13,"turns":3},{"damage":46,"enemies":"The Guardian","floor":16,"turns":5}],"seed_played":"1513836829667939893","potions_obtained":[{"floor":6,"key":"FearPotion"},{"floor":8,"key":"Dexterity Potion"},{"floor":13,"key":"GamblersBrew"}],"is_trial":false,"path_per_floor":["M","?","M","$","M","E","R","E","T","M","R","?","M","$","R","B"],"character_chosen":"DEFECT","items_purchased":["Panache","Finesse"],"campfire_rested":2,"item_purchase_floors":[4,14],"current_hp_per_floor":[68,57,46,46,45,25,45,37,37,30,30,30,21,21,41,0],"gold":46,"neow_bonus":"RANDOM_COLORLESS_2","is_prod":false,"is_daily":false,"chose_seed":false,"campfire_upgraded":1,"win_rate":0,"timestamp":1547277469,"path_taken":["M","?","M","$","M","E","R","E","T","M","R","?","?","$","R","BOSS"],"build_version":"2019-01-10","purchased_purges":0,"victory":false,"max_hp_per_floor":[68,68,68,68,68,68,68,68,68,68,68,68,68,68,68,68],"card_choices":[{"not_picked":["Barrage","Tempest"],"picked":"Rebound","floor":1},{"not_picked":["Storm","Static Discharge"],"picked":"Auto Shields","floor":3},{"not_picked":["Undo","Conserve Battery"],"picked":"Beam Cell","floor":5},{"not_picked":["Storm","Barrage"],"picked":"Go for the Eyes","floor":6},{"not_picked":["Go for the Eyes","Cold Snap","Undo"],"picked":"SKIP","floor":8},{"not_picked":["Sweeping Beam","Buffer"],"picked":"Gash","floor":10},{"not_picked":["Conserve Battery","Storm"],"picked":"Gash","floor":13}],"player_experience":432077,"relics_obtained":[{"floor":6,"key":"Emotion Chip"},{"floor":8,"key":"Bottled Flame"},{"floor":9,"key":"Bottled Tornado"}],"event_choices":[{"damage_healed":0,"gold_gain":75,"player_choice":"Gather Gold","damage_taken":11,"max_hp_gain":0,"max_hp_loss":0,"event_name":"World of Goop","floor":2,"gold_loss":0},{"cards_removed":["Strike_B"],"damage_healed":0,"gold_gain":0,"player_choice":"Offered Basic","damage_taken":0,"max_hp_gain":0,"max_hp_loss":0,"event_name":"Bonfire Elementals","floor":12,"gold_loss":0}],"is_beta":false,"boss_relics":[],"items_purged_floors":[],"is_endless":false,"potions_floor_spawned":[6,8,13],"killed_by":"The Guardian","ascension_level":0}