{"gold_per_floor":[113,132,143,143,143,143,169,169,169,204,204,217,236,8,8,103,103,117,130,130,149,149,175,3,37,37,51,76,95,95,112,112,217,217,233,233,252,212,229,261,261,288,342,342,11,46,46,46,46,46],"floor_reached":50,"playtime":4604,"items_purged":["Defend_R","Strike_R+1"],"score":780,"play_id":"4a0e0474-7498-4b95-9568-f8e2ed7ffa93","local_time":"20181130003547","is_ascension_mode":true,"campfire_choices":[{"data":"Shrug It Off","floor":6.0,"key":"SMITH"},{"floor":8.0,"key":"REST"},{"floor":11.0,"key":"REST"},{"data":"Metallicize","floor":15.0,"key":"SMITH"},{"data":"Spot Weakness","floor":30,"key":"SMITH"},{"data":"Flex","floor":32,"key":"SMITH"},{"floor":41,"key":"REST"},{"data":"Seeing Red","floor":44,"key":"SMITH"},{"data":"Double Tap","floor":47,"key":"SMITH"},{"data":"Ghostly Armor","floor":49,"key":"SMITH"}],"neow_cost":"NONE","seed_source_timestamp":0,"circlet_count":0,"master_deck":["Strike_R+1","Strike_R+1","Strike_R+1","Defend_R+1","Defend_R+1","Bash+1","Shrug It Off+1","Spot Weakness+1","Ghostly Armor+1","Pommel Strike+1","Impervious","Heavy Blade+1","Metallicize+1","Double Tap+1","Seeing Red+1","Dropkick","Offering","Flex+1","Spot Weakness+1","Pain","Metallicize+1","Shrug It Off+1","Seeing Red+1","Brutality","Headbutt+1","Inflame+1","Rampage+1","Writhe","Flash of Steel"],"special_seed":0,"relics":["Burning Blood","Du-Vu Doll","Mummified Hand","Bottled Flame","Red Skull","Cursed Key","Unceasing Top","Whetstone","Toxic Egg 2","Meat on the Bone","White Beast Statue","Ginger","Ancient Tea Set","Smiling Mask","Pen Nib","Frozen Egg 2"],"potions_floor_usage":[19,21,23,25,28,28,33,33,40,40,40,46,48,50,50],"damage_taken":[{"damage":7.0,"enemies":"Small Slimes","floor":1.0,"turns":3.0},{"damage":4.0,"enemies":"Jaw Worm","floor":2.0,"turns":3.0},{"damage":7.0,"enemies":"2 Louse","floor":3.0,"turns":2.0},{"damage":38.0,"enemies":"Gremlin Nob","floor":7.0,"turns":4.0},{"damage":35.0,"enemies":"3 Sentries","floor":10.0,"turns":6.0},{"damage":6.0,"enemies":"2 Fungi Beasts","floor":12.0,"turns":5.0},{"damage":5.0,"enemies":"Gremlin Gang","floor":13.0,"turns":5.0},{"damage":31.0,"enemies":"Slime Boss","floor":16.0,"turns":11.0},{"damage":7,"enemies":"Chosen","floor":18,"turns":3},{"damage":28,"enemies":"3 Byrds","floor":19,"turns":7},{"damage":5,"enemies":"Shelled Parasite and Fungi","floor":21,"turns":5},{"damage":31,"enemies":"Slavers","floor":23,"turns":7},{"damage":7,"enemies":"Book of Stabbing","floor":25,"turns":3},{"damage":3,"enemies":"Centurion and Healer","floor":27,"turns":5},{"damage":8,"enemies":"Slavers","floor":28,"turns":4},{"damage":3,"enemies":"Snake Plant","floor":29,"turns":2},{"damage":4,"enemies":"Cultist and Chosen","floor":31,"turns":6},{"damage":49,"enemies":"Collector","floor":33,"turns":6},{"damage":5,"enemies":"3 Shapes","floor":35,"turns":4},{"damage":28,"enemies":"3 Darklings","floor":37,"turns":5},{"damage":27,"enemies":"Jaw Worm Horde","floor":39,"turns":4},{"damage":38,"enemies":"Giant Head","floor":40,"turns":8},{"damage":26,"enemies":"Nemesis","floor":42,"turns":5},{"damage":9,"enemies":"Giant Head","floor":46,"turns":4},{"damage":14,"enemies":"Reptomancer","floor":48,"turns":2},{"damage":69,"enemies":"Awakened One","floor":50,"turns":5}],"seed_played":"6449632209799827270","potions_obtained":[{"floor":2.0,"key":"SpeedPotion"},{"floor":12.0,"key":"EssenceOfSteel"},{"floor":13.0,"key":"AttackPotion"},{"floor":19,"key":"AttackPotion"},{"floor":21,"key":"AttackPotion"},{"floor":27,"key":"Poison Potion"},{"floor":28,"key":"BloodPotion"},{"floor":31,"key":"AttackPotion"},{"floor":35,"key":"Strength Potion"},{"floor":37,"key":"Block Potion"},{"floor":39,"key":"SteroidPotion"},{"floor":40,"key":"GamblersBrew"},{"floor":42,"key":"PowerPotion"},{"floor":46,"key":"SmokeBomb"}],"is_trial":false,"path_per_floor":["M","M","M","?","?","R","E","R","T","E","R","M","M","$","R","B",null,"M","M","?","M","?","E","$","E","T","M","E","M","R","M","R","B",null,"M","?","M","?","M","E","R","E","T","R","$","E","R","E","R","B"],"character_chosen":"IRONCLAD","items_purchased":["Red Skull","Flex","LiquidBronze","Energy Potion","Pen Nib","SkillPotion","Flash of Steel"],"campfire_rested":3,"item_purchase_floors":[14,24,24,24,45,45,45],"current_hp_per_floor":[79,80,79,63,63,63,31,55,55,26,50,50,51,51,51,26,80,79,57,57,58,58,33,33,32,32,35,33,48,48,50,50,27,80,80,80,58,58,49,29,53,45,45,45,45,54,54,58,58,0],"gold":46,"neow_bonus":"UPGRADE_CARD","is_prod":false,"is_daily":false,"chose_seed":false,"campfire_upgraded":7,"win_rate":0,"timestamp":1543566947,"path_taken":["M","M","M","?","?","R","E","R","T","E","R","M","M","?","R","BOSS","M","M","?","M","?","E","$","E","T","M","E","?","R","M","R","BOSS","M","?","M","?","M","E","R","E","T","R","$","E","R","E","R","BOSS"],"build_version":"2018-11-15","purchased_purges":2,"victory":false,"max_hp_per_floor":[80,80,80,80,80,80,80,80,80,80,80,80,80,80,80,80,80,80,80,80,80,80,80,80,80,80,80,80,80,80,80,80,80,80,80,80,80,80,80,80,80,80,80,80,80,80,80,80,80,80],"card_choices":[{"not_picked":["Ghostly Armor","Flex"],"picked":"Shrug It Off","floor":1.0},{"not_picked":["Havoc","Shockwave"],"picked":"Spot Weakness","floor":2.0},{"not_picked":["Sentinel","Twin Strike"],"picked":"Ghostly Armor","floor":3.0},{"not_picked":["Thunderclap","Warcry"],"picked":"Pommel Strike","floor":7.0},{"not_picked":["Pommel Strike","True Grit"],"picked":"Impervious","floor":10.0},{"not_picked":["Wild Strike","Evolve"],"picked":"Heavy Blade","floor":12.0},{"not_picked":["Clothesline","Dropkick"],"picked":"Metallicize","floor":13.0},{"not_picked":["Berserk","Feed"],"picked":"Double Tap","floor":16.0},{"not_picked":["Clash+1","Sever Soul"],"picked":"Seeing Red","floor":18},{"not_picked":["Sword Boomerang+1","Evolve"],"picked":"Dropkick","floor":19},{"not_picked":["Evolve","Blood for Blood","Sever Soul"],"picked":"SKIP","floor":21},{"not_picked":["Perfected Strike","True Grit+1"],"picked":"Offering","floor":23},{"not_picked":["Dropkick","Blood for Blood"],"picked":"Spot Weakness","floor":25},{"not_picked":["Cleave","Hemokinesis"],"picked":"Metallicize","floor":27},{"not_picked":["Clash","Dual Wield+1"],"picked":"Shrug It Off+1","floor":28},{"not_picked":["Clothesline","Pommel Strike","Perfected Strike"],"picked":"SKIP","floor":29},{"not_picked":["Iron Wave","Anger"],"picked":"Seeing Red+1","floor":31},{"not_picked":["Berserk","Fiend Fire"],"picked":"Brutality","floor":33},{"not_picked":["Twin Strike","Body Slam"],"picked":"Headbutt+1","floor":35},{"not_picked":["Body Slam","Carnage+1","Warcry+1"],"picked":"SKIP","floor":37},{"not_picked":["Havoc+1","Barricade"],"picked":"Inflame+1","floor":39},{"not_picked":["Uppercut+1","Shrug It Off+1"],"picked":"Rampage+1","floor":40},{"not_picked":["Immolate","Burning Pact+1","Dual Wield+1"],"picked":"SKIP","floor":42},{"not_picked":["Intimidate+1","Thunderclap+1","Warcry+1"],"picked":"SKIP","floor":46}],"player_experience":140518,"relics_obtained":[{"floor":7.0,"key":"Du-Vu Doll"},{"floor":9.0,"key":"Mummified Hand"},{"floor":10.0,"key":"Bottled Flame"},{"floor":23,"key":"Unceasing Top"},{"floor":25,"key":"Whetstone"},{"floor":26,"key":"Toxic Egg 2"},{"floor":28,"key":"Meat on the Bone"},{"floor":40,"key":"Ginger"},{"floor":42,"key":"Ancient Tea Set"},{"floor":43,"key":"Smiling Mask"},{"floor":46,"key":"Frozen Egg 2"}],"event_choices":[{"damage_healed":0.0,"max_hp_gain":0.0,"max_hp_loss":0.0,"gold_gain":0.0,"event_name":"Shining Light","player_choice":"Entered Light","floor":4.0,"gold_loss":0.0,"damage_taken":16.0,"cards_upgraded":["Strike_R","Strike_R"]},{"damage_healed":0.0,"max_hp_gain":0.0,"max_hp_loss":0.0,"gold_gain":0.0,"event_name":"Liars Game","player_choice":"Ignored","floor":5.0,"gold_loss":0.0,"damage_taken":0.0},{"damage_healed":0,"gold_gain":0,"player_choice":"Simplicity","damage_taken":0,"max_hp_gain":0,"max_hp_loss":0,"event_name":"Back to Basics","floor":20,"gold_loss":0,"cards_upgraded":["Strike_R","Strike_R","Strike_R","Defend_R","Defend_R","Defend_R"]},{"cards_removed":["Strike_R"],"damage_healed":0,"gold_gain":0,"player_choice":"Purged","damage_taken":0,"max_hp_gain":0,"max_hp_loss":0,"event_name":"Purifier","floor":22,"gold_loss":0},{"cards_removed":["Defend_R"],"damage_healed":0,"gold_gain":0,"player_choice":"Removed Skill","damage_taken":0,"max_hp_gain":0,"max_hp_loss":0,"event_name":"Falling","floor":36,"gold_loss":0},{"damage_healed":0,"gold_gain":0,"player_choice":"Upgraded Two","damage_taken":0,"max_hp_gain":0,"max_hp_loss":0,"event_name":"Designer","floor":38,"gold_loss":40,"cards_upgraded":["Spot Weakness","Metallicize"]}],"is_beta":false,"boss_relics":[{"not_picked":["Pandora\u0027s Box","Tiny House"],"picked":"Cursed Key"},{"not_picked":["Velvet Choker","Orrery"],"picked":"White Beast Statue"}],"items_purged_floors":[14,45],"is_endless":false,"potions_floor_spawned":[2,12,13,19,21,27,28,31,35,37,39,40,42,46,48],"killed_by":"Awakened One","ascension_level":3}