{"gold_per_floor":[112,130,143,160,177,206,206,233,233,252,269,289,17,32,32,133,133,147,165,178,193,283,313,313,326,326,326,326,326,21,32,32,130,130,145,158,3,3,3,29,29,29],"floor_reached":42,"playtime":6179,"items_purged":["Strike_R","Clumsy"],"score":557,"play_id":"cb99c667-e3dd-4291-848e-862a343c3ce4","local_time":"20181206182719","is_ascension_mode":true,"campfire_choices":[{"floor":7,"key":"REST"},{"data":"Secret Technique","floor":15,"key":"SMITH"},{"floor":24,"key":"REST"},{"data":"Bash","floor":28,"key":"SMITH"},{"floor":32,"key":"REST"},{"data":"Shrug It Off","floor":41,"key":"SMITH"}],"neow_cost":"NONE","seed_source_timestamp":268704932895703,"circlet_count":0,"master_deck":["Strike_R","Strike_R","Strike_R","Defend_R","Defend_R","Defend_R","Bash+1","Thunderclap","Dropkick","Shrug It Off+1","Shrug It Off","Dropkick+1","Twin Strike+1","Secret Technique+1","Headbutt+1","Feed+1","Flame Barrier+1","Metallicize+1","Shrug It Off+1","Iron Wave+1","Reaper+1","Clothesline+1","Dark Shackles"],"relics":["Burning Blood","NeowsBlessing","Molten Egg 2","Blood Vial","Dodecahedron","Cursed Key","Lantern","FossilizedHelix","MealTicket","Empty Cage","Bag of Marbles","Bag of Preparation"],"potions_floor_usage":[6,6,11,16,18,23,29,33,40,40,42],"damage_taken":[{"damage":0,"enemies":"Cultist","floor":1,"turns":1},{"damage":0,"enemies":"2 Louse","floor":2,"turns":1},{"damage":0,"enemies":"Jaw Worm","floor":3,"turns":1},{"damage":1,"enemies":"2 Fungi Beasts","floor":4,"turns":4},{"damage":6,"enemies":"Lots of Slimes","floor":5,"turns":3},{"damage":55,"enemies":"3 Sentries","floor":6,"turns":11},{"damage":43,"enemies":"Lagavulin","floor":8,"turns":8},{"damage":0,"enemies":"Large Slime","floor":10,"turns":6},{"damage":3,"enemies":"Exordium Wildlife","floor":11,"turns":5},{"damage":4,"enemies":"Exordium Thugs","floor":12,"turns":5},{"damage":0,"enemies":"Blue Slaver","floor":14,"turns":3},{"damage":46,"enemies":"Slime Boss","floor":16,"turns":15},{"damage":0,"enemies":"3 Byrds","floor":18,"turns":3},{"damage":16,"enemies":"Spheric Guardian","floor":19,"turns":4},{"damage":14,"enemies":"Snake Plant","floor":20,"turns":4},{"damage":27,"enemies":"Centurion and Healer","floor":21,"turns":8},{"damage":33,"enemies":"Book of Stabbing","floor":23,"turns":6},{"damage":13,"enemies":"Snecko","floor":25,"turns":5},{"damage":0,"enemies":"Gremlin Leader","floor":29,"turns":2},{"damage":16,"enemies":"Snake Plant","floor":31,"turns":4},{"damage":81,"enemies":"Collector","floor":33,"turns":16},{"damage":0,"enemies":"3 Darklings","floor":35,"turns":8},{"damage":0,"enemies":"Orb Walker","floor":36,"turns":3},{"damage":49,"enemies":"Nemesis","floor":40,"turns":9},{"damage":68,"enemies":"Giant Head","floor":42,"turns":9}],"seed_played":"-7665866417037390472","potions_obtained":[{"floor":1,"key":"SteroidPotion"},{"floor":4,"key":"Weak Potion"},{"floor":8,"key":"Block Potion"},{"floor":12,"key":"SmokeBomb"},{"floor":14,"key":"Regen Potion"},{"floor":16,"key":"LiquidBronze"},{"floor":21,"key":"AttackPotion"},{"floor":31,"key":"Swift Potion"},{"floor":33,"key":"Fire Potion"},{"floor":36,"key":"Fire Potion"},{"floor":40,"key":"SteroidPotion"}],"is_trial":false,"path_per_floor":["M","M","M","M","M","E","R","E","T","M","M","M","$","M","R","B",null,"M","M","M","M","?","E","R","M","T","?","R","E","$","M","R","B",null,"M","M","$","?","?","E","R","E"],"character_chosen":"IRONCLAD","items_purchased":["Secret Technique","MealTicket","Bag of Marbles"],"campfire_rested":3,"item_purchase_floors":[13,30,37],"current_hp_per_floor":[80,80,80,80,80,31,55,18,18,26,31,35,35,43,43,20,80,84,74,68,53,37,12,38,37,37,67,67,75,75,67,92,17,92,92,92,92,92,92,56,56,0],"gold":29,"neow_bonus":"THREE_ENEMY_KILL","is_prod":false,"is_daily":false,"chose_seed":false,"campfire_upgraded":3,"win_rate":0,"timestamp":1544149639,"path_taken":["M","?","M","M","M","E","R","E","T","M","M","M","$","?","R","BOSS","M","M","M","M","?","E","R","?","T","?","R","E","$","M","R","BOSS","M","M","$","?","?","E","R","E"],"build_version":"2018-12-06","purchased_purges":2,"victory":false,"max_hp_per_floor":[80,80,80,80,80,80,80,80,80,80,80,80,80,80,80,80,80,84,84,84,88,88,88,88,92,92,92,92,92,92,92,92,92,92,92,92,92,92,92,92,92,92],"card_choices":[{"not_picked":["Clothesline","Warcry"],"picked":"Thunderclap","floor":1},{"not_picked":["Armaments","Iron Wave"],"picked":"Dropkick","floor":2},{"not_picked":["Sever Soul","Sentinel"],"picked":"Shrug It Off","floor":3},{"not_picked":["Warcry","Armaments"],"picked":"Shrug It Off","floor":4},{"not_picked":["Headbutt","Havoc","Carnage"],"picked":"SKIP","floor":5},{"not_picked":["Feel No Pain","Flame Barrier","Havoc"],"picked":"SKIP","floor":6},{"not_picked":["Wild Strike+1","Twin Strike+1"],"picked":"Dropkick+1","floor":8},{"not_picked":["Havoc","Juggernaut","Heavy Blade+1"],"picked":"SKIP","floor":10},{"not_picked":["Headbutt+1","Cleave+1","Bloodletting"],"picked":"SKIP","floor":11},{"not_picked":["Warcry","Armaments"],"picked":"Twin Strike+1","floor":12},{"not_picked":["Sword Boomerang+1","Body Slam+1"],"picked":"Headbutt+1","floor":14},{"not_picked":["Dark Embrace","Bludgeon+1"],"picked":"Feed+1","floor":16},{"not_picked":["Wild Strike+1","Cleave+1","Havoc"],"picked":"SKIP","floor":18},{"not_picked":["Rupture","True Grit"],"picked":"Flame Barrier+1","floor":19},{"not_picked":["Dual Wield","Twin Strike+1"],"picked":"Metallicize","floor":20},{"not_picked":["Fire Breathing","Warcry","Perfected Strike+1"],"picked":"SKIP","floor":21},{"not_picked":["Flex","Feed+1"],"picked":"Shrug It Off+1","floor":23},{"not_picked":["Flex","Headbutt+1"],"picked":"Iron Wave+1","floor":25},{"not_picked":["Infernal Blade","Headbutt+1","Blood for Blood+1"],"picked":"SKIP","floor":31},{"not_picked":["Immolate+1","Bludgeon+1"],"picked":"Reaper+1","floor":33},{"not_picked":["Whirlwind+1","Sentinel","Body Slam+1"],"picked":"SKIP","floor":35},{"not_picked":["Pommel Strike+1","Ghostly Armor"],"picked":"Clothesline+1","floor":36},{"not_picked":["Deep Breath","Dramatic Entrance+1"],"picked":"Dark Shackles","floor":38},{"not_picked":["Cleave+1","Anger+1","Barricade"],"picked":"SKIP","floor":40}],"player_experience":166864,"relics_obtained":[{"floor":6,"key":"Molten Egg 2"},{"floor":8,"key":"Blood Vial"},{"floor":9,"key":"Dodecahedron"},{"floor":23,"key":"Lantern"},{"floor":26,"key":"FossilizedHelix"},{"floor":40,"key":"Bag of Preparation"}],"event_choices":[{"damage_healed":0,"gold_gain":90,"player_choice":"GOLD ","damage_taken":16,"max_hp_gain":0,"max_hp_loss":0,"event_name":"Knowing Skull","floor":22,"potions_obtained":[],"gold_loss":0,"cards_obtained":[]},{"damage_healed":30,"gold_gain":0,"player_choice":"Heal","damage_taken":0,"max_hp_gain":0,"max_hp_loss":0,"event_name":"The Library","floor":27,"gold_loss":0},{"damage_healed":0,"gold_gain":0,"player_choice":"Memory 1","damage_taken":0,"max_hp_gain":0,"max_hp_loss":0,"event_name":"SensoryStone","floor":38,"gold_loss":0},{"damage_healed":0,"gold_gain":0,"player_choice":"Forge","damage_taken":0,"max_hp_gain":0,"max_hp_loss":0,"event_name":"Accursed Blacksmith","floor":39,"gold_loss":0,"cards_upgraded":["Metallicize"]}],"is_beta":false,"boss_relics":[{"not_picked":["Snecko Eye","Tiny House"],"picked":"Cursed Key"},{"not_picked":["Fusion Hammer","White Beast Statue"],"picked":"Empty Cage"}],"items_purged_floors":[13,30],"is_endless":false,"potions_floor_spawned":[1,4,8,12,14,16,21,31,33,36,40],"killed_by":"Giant Head","ascension_level":3}