{"gold_per_floor":[116,128,303,40,57,91,106,116,116,116,133,147,172,185,185,282,282,295,24,24,42,62,97,97,116,116,116,116,144,144,160,160,264,264,282,63,409,420,432,432,312,331,331,331,331,358,53,64,64,64],"floor_reached":51,"playtime":6447,"items_purged":["Doubt","Strike_B","Strike_B","Strike_B","Strike_B"],"score":781,"play_id":"d4ba2b56-574d-4226-9d36-b000a7649db7","local_time":"20190817024157","is_ascension_mode":false,"campfire_choices":[{"data":"Capacitor","floor":10,"key":"SMITH"},{"data":"Electrodynamics","floor":15,"key":"SMITH"},{"data":"Machine Learning","floor":27,"key":"SMITH"},{"floor":32,"key":"REST"},{"floor":40,"key":"REST"},{"floor":44,"key":"REST"},{"floor":49,"key":"REST"}],"neow_cost":"NONE","seed_source_timestamp":60128492740847,"circlet_count":0,"master_deck":["Defend_B","Defend_B","Defend_B","Defend_B","Zap","Dualcast","Cold Snap","Self Repair","Leap","Glacier","Electrodynamics+1","Reinforced Body","Capacitor+1","Ball Lightning","Coolheaded","Reprogram","Barrage","Coolheaded","Machine Learning+1","Stack+1","Apotheosis","Barrage+1","Chaos+1","Force Field","Consume","BootSequence","Biased Cognition","Hologram+1","Ball Lightning+1","Skim+1","Defragment","Storm","Defragment"],"relics":["Cracked Core","Vajra","Bottled Flame","Meat on the Bone","Mercury Hourglass","Philosopher\u0027s Stone","The Courier","Pen Nib","Thread and Needle","StoneCalendar","Fusion Hammer","PreservedInsect","Old Coin","Molten Egg 2","Torii"],"potions_floor_usage":[6,11,16,23,25,31,33,33,37,48,50,50],"damage_taken":[{"damage":0,"enemies":"Jaw Worm","floor":1,"turns":4},{"damage":1,"enemies":"2 Louse","floor":2,"turns":3},{"damage":0,"enemies":"Cultist","floor":5,"turns":3},{"damage":18,"enemies":"Gremlin Nob","floor":6,"turns":4},{"damage":4,"enemies":"Exordium Wildlife","floor":7,"turns":4},{"damage":0,"enemies":"3 Louse","floor":8,"turns":1},{"damage":8,"enemies":"Exordium Thugs","floor":11,"turns":3},{"damage":0,"enemies":"2 Fungi Beasts","floor":12,"turns":2},{"damage":5,"enemies":"3 Sentries","floor":13,"turns":4},{"damage":5,"enemies":"Blue Slaver","floor":14,"turns":2},{"damage":0,"enemies":"Slime Boss","floor":16,"turns":5},{"damage":0,"enemies":"3 Byrds","floor":18,"turns":1},{"damage":2,"enemies":"Chosen","floor":21,"turns":3},{"damage":32,"enemies":"Shelled Parasite and Fungi","floor":22,"turns":5},{"damage":15,"enemies":"Book of Stabbing","floor":23,"turns":4},{"damage":0,"enemies":"Sentry and Sphere","floor":25,"turns":2},{"damage":31,"enemies":"Slavers","floor":29,"turns":2},{"damage":6,"enemies":"Snake Plant","floor":31,"turns":3},{"damage":20,"enemies":"Automaton","floor":33,"turns":8},{"damage":0,"enemies":"3 Shapes","floor":35,"turns":5},{"damage":11,"enemies":"2 Orb Walkers","floor":37,"turns":3},{"damage":0,"enemies":"Orb Walker","floor":38,"turns":3},{"damage":9,"enemies":"Maw","floor":39,"turns":7},{"damage":0,"enemies":"Transient","floor":42,"turns":5},{"damage":0,"enemies":"Nemesis","floor":46,"turns":5},{"damage":0,"enemies":"Jaw Worm Horde","floor":48,"turns":5},{"damage":52,"enemies":"Time Eater","floor":50,"turns":9}],"seed_played":"-6124999061252724535","potions_obtained":[{"floor":2,"key":"AttackPotion"},{"floor":8,"key":"Poison Potion"},{"floor":11,"key":"FearPotion"},{"floor":13,"key":"FearPotion"},{"floor":16,"key":"Explosive Potion"},{"floor":22,"key":"FocusPotion"},{"floor":29,"key":"GamblersBrew"},{"floor":30,"key":"Poison Potion"},{"floor":33,"key":"Strength Potion"},{"floor":35,"key":"Energy Potion"},{"floor":38,"key":"Dexterity Potion"},{"floor":39,"key":"Explosive Potion"}],"is_trial":false,"path_per_floor":["M","M","?","$","M","E","M","M","T","R","M","M","E","M","R","B",null,"M","$","?","M","M","E","?","M","T","R","?","E","?","M","R","B",null,"M","$","?","M","M","R","$","M","T","R","?","E","$","M","R","B",null],"character_chosen":"DEFECT","items_purchased":["Glacier","Vajra","Apotheosis","PreservedInsect","Defragment","Storm","Defragment"],"campfire_rested":4,"item_purchase_floors":[4,4,19,36,47,47,47],"current_hp_per_floor":[75,75,75,75,75,64,60,60,60,60,52,52,47,42,42,49,75,75,75,75,75,43,40,40,40,40,40,40,21,21,27,49,48,75,75,75,64,64,65,75,75,75,75,75,75,75,75,75,75,35],"gold":64,"neow_bonus":"THREE_CARDS","is_prod":false,"is_daily":false,"chose_seed":false,"campfire_upgraded":3,"win_rate":0.0,"timestamp":1566024117,"path_taken":["M","M","?","$","M","E","M","M","T","R","M","M","E","M","R","BOSS","M","$","?","M","M","E","?","?","T","R","?","E","?","M","R","BOSS","M","$","?","M","M","R","$","M","T","R","?","E","$","M","R","BOSS"],"build_version":"2019-07-17","purchased_purges":5,"victory":true,"max_hp_per_floor":[75,75,75,75,75,75,75,75,75,75,75,75,75,75,75,75,75,75,75,75,75,75,75,75,75,75,75,75,75,75,75,75,75,75,75,75,75,75,75,75,75,75,75,75,75,75,75,75,75,75],"card_choices":[{"not_picked":["Stack","Steam"],"picked":"Cold Snap","floor":0},{"not_picked":["Stack","Conserve Battery"],"picked":"Self Repair","floor":1},{"not_picked":["Steam","Hello World"],"picked":"Leap","floor":2},{"not_picked":["Compile Driver","White Noise"],"picked":"Electrodynamics","floor":5},{"not_picked":["Double Energy","Heatsinks"],"picked":"Reinforced Body","floor":6},{"not_picked":["Doom and Gloom","Steam Power"],"picked":"Capacitor","floor":7},{"not_picked":["Redo","Cold Snap"],"picked":"Ball Lightning","floor":8},{"not_picked":["Hello World","Leap"],"picked":"Coolheaded","floor":11},{"not_picked":["Doom and Gloom","Heatsinks"],"picked":"Reprogram","floor":12},{"not_picked":["Reboot","Hologram"],"picked":"Barrage","floor":13},{"not_picked":["Fusion","Barrage"],"picked":"Coolheaded","floor":14},{"not_picked":["Buffer","Multi-Cast"],"picked":"Machine Learning","floor":16},{"not_picked":["Go for the Eyes","Compile Driver"],"picked":"Stack+1","floor":18},{"not_picked":["Blizzard","Sweeping Beam"],"picked":"Barrage+1","floor":21},{"not_picked":["Gash+1","All For One"],"picked":"Chaos+1","floor":22},{"not_picked":["Cold Snap+1","Aggregate+1"],"picked":"Force Field","floor":23},{"not_picked":["Stack","Leap","Scrape"],"picked":"SKIP","floor":25},{"not_picked":["Chaos+1","White Noise"],"picked":"BootSequence","floor":29},{"not_picked":["Redo","Stack","Steam Power+1"],"picked":"SKIP","floor":31},{"not_picked":["Electrodynamics","Amplify"],"picked":"Biased Cognition","floor":33},{"not_picked":["Barrage","Gash+1","Reinforced Body"],"picked":"SKIP","floor":35},{"not_picked":["Hello World","Stack+1","Gash"],"picked":"SKIP","floor":38},{"not_picked":["Fusion","Static Discharge"],"picked":"Hologram+1","floor":39},{"not_picked":["Auto Shields+1","Steam+1"],"picked":"Ball Lightning+1","floor":42},{"not_picked":["Steam Power","Hello World+1"],"picked":"Skim+1","floor":46},{"not_picked":["Beam Cell+1","Consume","Conserve Battery+1"],"picked":"SKIP","floor":48}],"player_experience":106822,"relics_obtained":[{"floor":6,"key":"Bottled Flame"},{"floor":9,"key":"Meat on the Bone"},{"floor":13,"key":"Mercury Hourglass"},{"floor":23,"key":"The Courier"},{"floor":24,"key":"Pen Nib"},{"floor":26,"key":"Thread and Needle"},{"floor":29,"key":"StoneCalendar"},{"floor":37,"key":"Old Coin"},{"floor":43,"key":"Molten Egg 2"},{"floor":46,"key":"Torii"}],"event_choices":[{"damage_healed":0,"gold_gain":175,"player_choice":"AGREE","damage_taken":0,"max_hp_gain":0,"max_hp_loss":0,"event_name":"Liars Game","floor":3,"gold_loss":0,"cards_obtained":["Doubt"]},{"damage_healed":0,"gold_gain":0,"player_choice":"Ignored","damage_taken":0,"max_hp_gain":0,"max_hp_loss":0,"event_name":"The Mausoleum","floor":20,"gold_loss":0},{"damage_healed":0,"gold_gain":0,"player_choice":"Relic","damage_taken":0,"max_hp_gain":0,"max_hp_loss":0,"event_name":"Wheel of Change","floor":24,"gold_loss":0},{"damage_healed":0,"gold_gain":0,"player_choice":"Read","damage_taken":0,"max_hp_gain":0,"max_hp_loss":0,"event_name":"The Library","floor":28,"gold_loss":0,"cards_obtained":["Consume"]},{"damage_healed":0,"gold_gain":0,"player_choice":"Got Potions","damage_taken":0,"max_hp_gain":0,"max_hp_loss":0,"event_name":"Lab","floor":30,"gold_loss":0},{"damage_healed":0,"gold_gain":0,"player_choice":"Fight","damage_taken":0,"max_hp_gain":0,"max_hp_loss":0,"event_name":"Mysterious Sphere","floor":37,"gold_loss":0},{"damage_healed":0,"gold_gain":0,"player_choice":"Ignored","damage_taken":0,"max_hp_gain":0,"max_hp_loss":0,"event_name":"Tomb of Lord Red Mask","floor":45,"gold_loss":0}],"is_beta":false,"boss_relics":[{"not_picked":["Empty Cage","Sozu"],"picked":"Philosopher\u0027s Stone"},{"not_picked":["White Beast Statue","Astrolabe"],"picked":"Fusion Hammer"}],"items_purged_floors":[4,19,36,41,47],"is_endless":false,"potions_floor_spawned":[2,8,11,13,16,22,29,33,35,38,39,42],"ascension_level":0}