{"gold_per_floor":[117,192,204,204,220,220,247,247,300,361,48,48,48,75,75,170,170,190,190,190,206,34,34,66,66,66,78,109,121,133,171,183,296,308,336,348,360,447,26,57,77,77,128,144,163,163,180,280,280,280],"floor_reached":51,"playtime":3793,"items_purged":["Defend_B"],"score":1174,"play_id":"975b4d77-9388-4bfd-8078-9b924ccc030c","local_time":"20190217135917","is_ascension_mode":true,"campfire_choices":[{"floor":6,"key":"REST"},{"floor":8,"key":"REST"},{"data":"Loop","floor":15,"key":"SMITH"},{"data":"Darkness","floor":23,"key":"SMITH"},{"data":"Hologram","floor":25,"key":"SMITH"},{"data":"Echo Form","floor":30,"key":"SMITH"},{"floor":32,"key":"REST"},{"data":"Doom and Gloom","floor":42,"key":"SMITH"},{"data":"Recycle","floor":46,"key":"SMITH"},{"floor":49,"key":"REST"}],"neow_cost":"TEN_PERCENT_HP_LOSS","seed_source_timestamp":137326465488008,"circlet_count":0,"master_deck":["AscendersBane","Defend_B","Defend_B+1","Zap","Dualcast+1","Darkness+1","Double Energy","Melter","Turbo","Doom and Gloom+1","White Noise","Hologram+1","Loop+1","Dark Shackles","Echo Form+1","Leap+1","Bite","Bite","Bite","Bite","Bite","Loop+1","Fusion","Coolheaded","Turbo","Rainbow","Leap","Multi-Cast","Self Repair","Reinforced Body","Seek","Recycle+1","Conserve Battery+1","Coolheaded+1","Glacier+1"],"relics":["Cracked Core","Omamori","Anchor","Tiny Chest","Bottled Tornado","Shuriken","Runic Pyramid","PreservedInsect","Bottled Flame","Meat on the Bone","MawBank","Juzu Bracelet","Runic Dome","Bronze Scales","Smiling Mask"],"potions_floor_usage":[5,10,21,28,33,40,40,45],"damage_taken":[{"damage":6,"enemies":"Jaw Worm","floor":1,"turns":4},{"damage":8,"enemies":"2 Louse","floor":3,"turns":4},{"damage":15,"enemies":"Small Slimes","floor":5,"turns":3},{"damage":24,"enemies":"3 Sentries","floor":7,"turns":6},{"damage":5,"enemies":"3 Sentries","floor":10,"turns":3},{"damage":16,"enemies":"Lagavulin","floor":14,"turns":5},{"damage":10,"enemies":"Hexaghost","floor":16,"turns":7},{"damage":2,"enemies":"Chosen","floor":18,"turns":5},{"damage":6,"enemies":"Spheric Guardian","floor":21,"turns":3},{"damage":9,"enemies":"Gremlin Leader","floor":24,"turns":6},{"damage":22,"enemies":"Snecko","floor":27,"turns":5},{"damage":4,"enemies":"Book of Stabbing","floor":28,"turns":4},{"damage":40,"enemies":"Slavers","floor":31,"turns":4},{"damage":40,"enemies":"Collector","floor":33,"turns":8},{"damage":24,"enemies":"3 Shapes","floor":35,"turns":4},{"damage":33,"enemies":"Reptomancer","floor":40,"turns":4},{"damage":6,"enemies":"3 Darklings","floor":41,"turns":4},{"damage":1,"enemies":"Sphere and 2 Shapes","floor":44,"turns":4},{"damage":34,"enemies":"Transient","floor":45,"turns":5},{"damage":15,"enemies":"Maw","floor":47,"turns":3},{"damage":52,"enemies":"Time Eater","floor":50,"turns":5}],"seed_played":"-6536613396118148732","potions_obtained":[{"floor":1,"key":"Regen Potion"},{"floor":7,"key":"AttackPotion"},{"floor":16,"key":"AttackPotion"},{"floor":18,"key":"SpeedPotion"},{"floor":31,"key":"Energy Potion"},{"floor":33,"key":"FocusPotion"},{"floor":35,"key":"Poison Potion"},{"floor":41,"key":"EssenceOfSteel"},{"floor":47,"key":"Explosive Potion"}],"is_trial":false,"path_per_floor":["M","?","M","?","M","R","E","R","T","?","$","?","T","E","R","B",null,"M","?","?","M","$","R","E","R","T","M","E","?","R","E","R","B",null,"M","?","?","?","$","E","M","R","T","M","M","R","M","?","R","B",null],"character_chosen":"DEFECT","items_purchased":["Hologram","Loop","Tiny Chest","Dark Shackles","PreservedInsect","Coolheaded","Self Repair","Reinforced Body","Seek","PowerPotion"],"campfire_rested":4,"item_purchase_floors":[11,11,11,11,22,22,39,39,39,39],"current_hp_per_floor":[62,51,43,29,23,43,19,39,39,36,36,58,58,44,44,36,60,60,60,60,58,58,58,57,57,57,41,43,65,65,37,57,39,61,43,43,43,37,37,31,52,52,52,62,51,51,38,38,58,18],"gold":280,"neow_bonus":"TRANSFORM_TWO_CARDS","is_prod":false,"is_daily":false,"chose_seed":false,"campfire_upgraded":6,"win_rate":0,"timestamp":1550440757,"path_taken":["M","?","M","?","M","R","E","R","T","?","$","?","?","E","R","BOSS","M","?","?","?","$","R","E","R","T","M","E","?","R","E","R","BOSS","M","?","?","?","$","E","M","R","T","M","M","R","M","?","R","BOSS"],"build_version":"2019-01-23","purchased_purges":1,"victory":true,"max_hp_per_floor":[68,68,68,68,68,68,68,68,68,68,68,68,68,68,68,68,68,68,68,68,68,68,68,68,68,68,68,68,68,68,68,68,68,68,68,68,68,68,68,68,68,68,68,68,68,68,68,68,68,68],"card_choices":[{"not_picked":["Barrage","Stack"],"picked":"Double Energy","floor":1},{"not_picked":["Chaos","Scrape"],"picked":"Melter","floor":3},{"not_picked":["Chill","Skim"],"picked":"Turbo","floor":5},{"not_picked":["Capacitor","Reboot"],"picked":"Doom and Gloom","floor":7},{"not_picked":["Ball Lightning","Steam"],"picked":"White Noise","floor":10},{"not_picked":["Chaos","Streamline","Lockon"],"picked":"SKIP","floor":14},{"not_picked":["Core Surge","Fission"],"picked":"Echo Form","floor":16},{"not_picked":["Reprogram","Conserve Battery"],"picked":"Leap+1","floor":18},{"not_picked":["Double Energy","White Noise"],"picked":"Fusion","floor":21},{"not_picked":["Storm","Reprogram","Compile Driver"],"picked":"SKIP","floor":24},{"not_picked":["Go for the Eyes","Loop"],"picked":"Turbo","floor":27},{"not_picked":["Leap","Ball Lightning"],"picked":"Rainbow","floor":28},{"not_picked":["Fusion","Coolheaded"],"picked":"Leap","floor":31},{"not_picked":["Meteor Strike","Electrodynamics"],"picked":"Multi-Cast","floor":33},{"not_picked":["Static Discharge","Ball Lightning","Hologram"],"picked":"SKIP","floor":35},{"not_picked":["Machine Learning","Consume"],"picked":"Recycle","floor":40},{"not_picked":["Beam Cell","Stack"],"picked":"Conserve Battery+1","floor":41},{"not_picked":["Sunder","Rip and Tear","Turbo"],"picked":"SKIP","floor":44},{"not_picked":["Redo","Amplify"],"picked":"Coolheaded+1","floor":45},{"not_picked":["Barrage","Conserve Battery"],"picked":"Glacier+1","floor":47}],"player_experience":653935,"relics_obtained":[{"floor":7,"key":"Omamori"},{"floor":9,"key":"Blood Vial"},{"floor":10,"key":"Anchor"},{"floor":13,"key":"Bottled Tornado"},{"floor":14,"key":"Shuriken"},{"floor":24,"key":"Bottled Flame"},{"floor":26,"key":"Meat on the Bone"},{"floor":28,"key":"MawBank"},{"floor":31,"key":"Juzu Bracelet"},{"floor":40,"key":"Bronze Scales"},{"floor":43,"key":"Smiling Mask"}],"event_choices":[{"damage_healed":0,"gold_gain":75,"player_choice":"Gather Gold","damage_taken":11,"max_hp_gain":0,"max_hp_loss":0,"event_name":"World of Goop","floor":2,"gold_loss":0},{"damage_healed":0,"gold_gain":0,"player_choice":"Entered Light","damage_taken":14,"max_hp_gain":0,"max_hp_loss":0,"event_name":"Shining Light","floor":4,"gold_loss":0,"cards_upgraded":["Defend_B","Dualcast"]},{"damage_healed":0,"gold_gain":30,"player_choice":"Searched \u00272\u0027 times","damage_taken":0,"max_hp_gain":0,"max_hp_loss":0,"event_name":"Dead Adventurer","floor":10,"gold_loss":0},{"damage_healed":22,"gold_gain":0,"player_choice":"Banana","damage_taken":0,"max_hp_gain":0,"max_hp_loss":0,"event_name":"Big Fish","floor":12,"gold_loss":0},{"damage_healed":0,"gold_gain":0,"player_choice":"Became a vampire (Vial)","damage_taken":0,"max_hp_gain":0,"max_hp_loss":0,"event_name":"Vampires","floor":19,"relics_lost":["Blood Vial"],"gold_loss":0,"cards_obtained":["Bite","Bite","Bite","Bite","Bite"]},{"damage_healed":0,"gold_gain":0,"player_choice":"Copied","damage_taken":0,"max_hp_gain":0,"max_hp_loss":0,"event_name":"Duplicator","floor":20,"gold_loss":0,"cards_obtained":["Loop"]},{"damage_healed":22,"gold_gain":0,"player_choice":"Heal","damage_taken":0,"max_hp_gain":0,"max_hp_loss":0,"event_name":"The Library","floor":29,"gold_loss":0},{"damage_healed":0,"gold_gain":0,"player_choice":"Ignored","damage_taken":0,"max_hp_gain":0,"max_hp_loss":0,"event_name":"Tomb of Lord Red Mask","floor":36,"gold_loss":0},{"cards_removed":["Machine Learning"],"damage_healed":0,"gold_gain":0,"player_choice":"Removed Power","damage_taken":0,"max_hp_gain":0,"max_hp_loss":0,"event_name":"Falling","floor":37,"gold_loss":0},{"damage_healed":0,"gold_gain":75,"player_choice":"Touch","damage_taken":6,"max_hp_gain":0,"max_hp_loss":0,"event_name":"FaceTrader","floor":38,"gold_loss":0},{"damage_healed":0,"gold_gain":100,"player_choice":"Pray","damage_taken":0,"max_hp_gain":0,"max_hp_loss":0,"event_name":"Golden Shrine","floor":48,"gold_loss":0}],"is_beta":false,"boss_relics":[{"not_picked":["Black Star","Pandora\u0027s Box"],"picked":"Runic Pyramid"},{"not_picked":["Lizard Tail","Snecko Eye"],"picked":"Runic Dome"}],"items_purged_floors":[39],"is_endless":false,"potions_floor_spawned":[1,7,16,18,31,33,35,41,47],"ascension_level":12}