{"gold_per_floor":[115,16,16,34,34,34,51,70,70,70,82,82,82,82],"floor_reached":14,"playtime":843,"items_purged":["Strike_R"],"score":152,"play_id":"daefdff7-dd81-4444-8814-4f5dba8663b9","local_time":"20190211231956","is_ascension_mode":true,"campfire_choices":[{"data":"Searing Blow","floor":6,"key":"SMITH"},{"data":"Searing Blow+1","floor":10,"key":"SMITH"}],"neow_cost":"TEN_PERCENT_HP_LOSS","seed_source_timestamp":0,"circlet_count":0,"master_deck":["AscendersBane","Strike_R","Strike_R","Defend_R","Defend_R","Defend_R","Bash","Disarm","Searing Blow+2","Clash","Clash","Intimidate","Shrug It Off"],"special_seed":0,"relics":["Burning Blood","Self Forming Clay","Golden Idol"],"potions_floor_usage":[11,14],"damage_taken":[{"damage":6,"enemies":"Cultist","floor":1,"turns":3},{"damage":5,"enemies":"Small Slimes","floor":4,"turns":3},{"damage":7,"enemies":"Jaw Worm","floor":7,"turns":4},{"damage":17,"enemies":"Looter","floor":8,"turns":4},{"damage":7,"enemies":"Lots of Slimes","floor":11,"turns":4},{"damage":47,"enemies":"3 Sentries","floor":14,"turns":10}],"seed_played":"2731770557430493806","potions_obtained":[{"floor":7,"key":"SteroidPotion"},{"floor":8,"key":"SteroidPotion"}],"is_trial":false,"path_per_floor":["M","$","?","M","?","R","M","M","T","R","M","?","?","E"],"character_chosen":"IRONCLAD","items_purchased":["Clash"],"campfire_rested":0,"item_purchase_floors":[2],"current_hp_per_floor":[68,68,68,68,68,68,67,56,56,56,55,44,44,0],"gold":82,"neow_bonus":"TRANSFORM_TWO_CARDS","is_prod":false,"is_daily":false,"chose_seed":false,"campfire_upgraded":2,"win_rate":0,"timestamp":1549955996,"path_taken":["M","$","?","?","?","R","M","M","T","R","M","?","?","E"],"build_version":"2019-01-23","purchased_purges":1,"victory":false,"max_hp_per_floor":[68,68,68,68,68,68,68,68,68,68,68,68,62,62],"card_choices":[{"not_picked":["Cleave","Heavy Blade"],"picked":"Clash","floor":1},{"not_picked":["Rupture","Spot Weakness","Clash"],"picked":"SKIP","floor":4},{"not_picked":["Clothesline","Wild Strike","Infernal Blade"],"picked":"SKIP","floor":7},{"not_picked":["Clothesline","Wild Strike","Infernal Blade"],"picked":"SKIP","floor":7},{"not_picked":["Body Slam","Twin Strike"],"picked":"Intimidate","floor":8},{"not_picked":["Dropkick","Perfected Strike"],"picked":"Shrug It Off","floor":11}],"player_experience":596538,"relics_obtained":[{"floor":9,"key":"Self Forming Clay"}],"event_choices":[{"cards_removed":["Strike_R"],"damage_healed":0,"gold_gain":0,"player_choice":"Offered Basic","damage_taken":0,"max_hp_gain":0,"max_hp_loss":0,"event_name":"Bonfire Elementals","floor":3,"gold_loss":0},{"damage_healed":0,"gold_gain":0,"player_choice":"Leave","damage_taken":0,"max_hp_gain":0,"max_hp_loss":0,"event_name":"The Cleric","floor":5,"gold_loss":0},{"damage_healed":0,"gold_gain":0,"player_choice":"Fled","damage_taken":11,"max_hp_gain":0,"max_hp_loss":0,"event_name":"Scrap Ooze","floor":12,"gold_loss":0},{"damage_healed":0,"gold_gain":0,"player_choice":"Lose Max HP","damage_taken":0,"relics_obtained":["Golden Idol"],"max_hp_gain":0,"max_hp_loss":6,"event_name":"Golden Idol","floor":13,"gold_loss":0}],"is_beta":false,"boss_relics":[],"items_purged_floors":[2],"is_endless":false,"potions_floor_spawned":[7,8],"killed_by":"3 Sentries","ascension_level":18}