{"gold_per_floor":[14,14,25,25,45,45,61,77,100,130,193,193,221,221,221,326,326,336,356,41,54,6,6,33,33,33,33,58,9,23,41,41,137,137,153,167,167,16,31,31,66,86,86,86,86,99,134,147,147,147],"floor_reached":50,"playtime":10055,"items_purged":["Strike_B"],"score":635,"play_id":"0a97f369-020d-47a7-99f8-4c7cc3322eb9","local_time":"20190818231724","is_ascension_mode":true,"campfire_choices":[{"data":"Dualcast","floor":6.0,"key":"SMITH"},{"data":"Defragment","floor":12.0,"key":"SMITH"},{"data":"Hyperbeam","floor":15.0,"key":"SMITH"},{"data":"Echo Form","floor":23.0,"key":"SMITH"},{"floor":25.0,"key":"REST"},{"data":"Self Repair","floor":27.0,"key":"SMITH"},{"data":"Machine Learning","floor":32,"key":"SMITH"},{"floor":40,"key":"RECALL"},{"data":"Buffer","floor":45,"key":"SMITH"},{"floor":49,"key":"REST"}],"neow_cost":"NO_GOLD","seed_source_timestamp":0,"circlet_count":0,"master_deck":["Defend_B","Defend_B","Defend_B","Zap","Dualcast+1","Self Repair+1","Rebound","Go for the Eyes","Leap","Recycle","Hyperbeam+1","Tempest","Defragment+1","Darkness","Darkness","Echo Form+1","Force Field","Cold Snap","Conserve Battery","Force Field","Go for the Eyes+1","Machine Learning+1","Coolheaded","Streamline","Seek","Beam Cell+1","Double Energy+1","Bandage Up","Rip and Tear+1","Defragment","Turbo+1","Buffer+1","Reinforced Body+1","Conserve Battery+1"],"special_seed":0,"relics":["Cracked Core","Centennial Puzzle","Art of War","Happy Flower","Thread and Needle","Snecko Eye","Sling","Boot","Pantograph","Bottled Flame","Philosopher\u0027s Stone","Bag of Marbles","Blood Vial","Ginger"],"potions_floor_usage":[28,28,31,31,33,33,47,50],"damage_taken":[{"damage":9.0,"enemies":"2 Louse","floor":1.0,"turns":2.0},{"damage":0.0,"enemies":"Small Slimes","floor":3.0,"turns":2.0},{"damage":1.0,"enemies":"Cultist","floor":5.0,"turns":3.0},{"damage":11.0,"enemies":"Exordium Thugs","floor":7.0,"turns":4.0},{"damage":0.0,"enemies":"Blue Slaver","floor":8.0,"turns":4.0},{"damage":12.0,"enemies":"Lagavulin","floor":10.0,"turns":6.0},{"damage":21.0,"enemies":"Lagavulin Event","floor":11.0,"turns":6.0},{"damage":4.0,"enemies":"3 Sentries","floor":13.0,"turns":4.0},{"damage":15.0,"enemies":"Hexaghost","floor":16.0,"turns":8.0},{"damage":10.0,"enemies":"2 Thieves","floor":18.0,"turns":3.0},{"damage":3.0,"enemies":"3 Byrds","floor":19.0,"turns":3.0},{"damage":10.0,"enemies":"Sentry and Sphere","floor":21.0,"turns":4.0},{"damage":34.0,"enemies":"Gremlin Leader","floor":24.0,"turns":6.0},{"damage":38,"enemies":"Slavers","floor":28,"turns":7},{"damage":5,"enemies":"Centurion and Healer","floor":30,"turns":8},{"damage":0,"enemies":"Snake Plant","floor":31,"turns":3},{"damage":15,"enemies":"Collector","floor":33,"turns":11},{"damage":18,"enemies":"3 Shapes","floor":35,"turns":4},{"damage":0,"enemies":"Orb Walker","floor":36,"turns":5},{"damage":4,"enemies":"4 Shapes","floor":39,"turns":1},{"damage":46,"enemies":"Reptomancer","floor":41,"turns":8},{"damage":8,"enemies":"Sphere and 2 Shapes","floor":42,"turns":4},{"damage":45,"enemies":"Writhing Mass","floor":46,"turns":8},{"damage":0,"enemies":"Giant Head","floor":47,"turns":10},{"damage":10,"enemies":"Spire Growth","floor":48,"turns":5},{"damage":86,"enemies":"Awakened One","floor":50,"turns":18}],"seed_played":"7776758305332804787","potions_obtained":[{"floor":5.0,"key":"EssenceOfSteel"},{"floor":7.0,"key":"Block Potion"},{"floor":13.0,"key":"SkillPotion"},{"floor":16.0,"key":"SteroidPotion"},{"floor":24.0,"key":"Energy Potion"},{"floor":28,"key":"Block Potion"},{"floor":30,"key":"Regen Potion"},{"floor":31,"key":"Block Potion"},{"floor":36,"key":"SpeedPotion"},{"floor":41,"key":"Explosive Potion"},{"floor":46,"key":"EssenceOfSteel"}],"is_trial":false,"path_per_floor":["M","$","M","?","M","R","M","M","T","E","?","R","E","?","R","B",null,"M","M","$","M","$","R","E","R","T","R","E","$","M","M","R","B",null,"M","M","?","$","M","R","E","M","T","?","R","M","E","M","R","B"],"character_chosen":"DEFECT","items_purchased":["Sling","Conserve Battery","Energy Potion","Explosive Potion","Bag of Marbles"],"campfire_rested":2,"item_purchase_floors":[20,20,22,29,38],"current_hp_per_floor":[66,66,66,66,72,72,61,68,68,63,49,49,52,52,52,44,75,65,62,62,52,52,52,25,47,47,47,19,19,34,44,44,75,75,75,75,75,75,71,71,39,47,47,47,47,18,34,30,52,0],"gold":147,"neow_bonus":"REMOVE_TWO","is_prod":false,"is_daily":false,"chose_seed":false,"campfire_upgraded":7,"win_rate":0,"timestamp":1566184644,"path_taken":["M","$","M","?","M","R","M","M","T","E","?","R","E","?","R","BOSS","M","M","$","M","$","R","E","R","T","R","E","$","M","M","R","BOSS","M","M","?","$","M","R","E","?","T","?","R","M","E","M","R","BOSS"],"build_version":"2019-07-17","purchased_purges":1,"victory":false,"max_hp_per_floor":[75,75,75,75,75,75,75,75,75,75,75,75,75,75,75,75,75,75,75,75,75,75,75,75,75,75,75,75,75,75,75,75,75,75,75,75,75,75,75,75,75,75,75,75,75,75,75,75,75,75],"card_choices":[{"not_picked":["Rebound","Leap"],"picked":"Self Repair","floor":1.0},{"not_picked":["Scrape","Redo"],"picked":"Rebound","floor":3.0},{"not_picked":["Steam","Go for the Eyes"],"picked":"Leap","floor":5.0},{"not_picked":["Gash","Steam"],"picked":"Recycle","floor":7.0},{"not_picked":["Beam Cell","Stack"],"picked":"Hyperbeam","floor":8.0},{"not_picked":["Recycle","Rip and Tear"],"picked":"Tempest","floor":10.0},{"not_picked":["Consume","Streamline"],"picked":"Defragment","floor":11.0},{"not_picked":["Doom and Gloom","Redo"],"picked":"Darkness","floor":13.0},{"not_picked":["Electrodynamics","Seek"],"picked":"Echo Form","floor":16.0},{"not_picked":["Sweeping Beam","Steam Power"],"picked":"Force Field","floor":18.0},{"not_picked":["Leap","Melter"],"picked":"Cold Snap","floor":19.0},{"not_picked":["Genetic Algorithm","Chaos"],"picked":"Force Field","floor":21.0},{"not_picked":["Turbo","Steam"],"picked":"Go for the Eyes+1","floor":24.0},{"not_picked":["Hologram+1","Aggregate"],"picked":"Machine Learning","floor":28},{"not_picked":["Tempest","Hologram"],"picked":"Coolheaded","floor":30},{"not_picked":["Leap","Sweeping Beam"],"picked":"Streamline","floor":31},{"not_picked":["Reboot","All For One"],"picked":"Seek","floor":33},{"not_picked":["Melter+1","Scrape+1"],"picked":"Beam Cell+1","floor":35},{"not_picked":["Sunder+1","Sweeping Beam+1"],"picked":"Double Energy+1","floor":36},{"not_picked":["Leap","Cold Snap"],"picked":"Rip and Tear+1","floor":39},{"not_picked":["Hyperbeam","Redo+1"],"picked":"Defragment","floor":41},{"not_picked":["Cold Snap","Aggregate"],"picked":"Turbo+1","floor":42},{"not_picked":["Compile Driver+1","Streamline"],"picked":"Reinforced Body+1","floor":46},{"not_picked":["Auto Shields","BootSequence+1"],"picked":"Conserve Battery+1","floor":47},{"not_picked":["Beam Cell+1","Force Field","Barrage+1"],"picked":"SKIP","floor":48}],"player_experience":139482,"relics_obtained":[{"floor":9.0,"key":"Centennial Puzzle"},{"floor":10.0,"key":"Art of War"},{"floor":11.0,"key":"Happy Flower"},{"floor":13.0,"key":"Thread and Needle"},{"floor":24.0,"key":"Boot"},{"floor":26.0,"key":"Pantograph"},{"floor":28,"key":"Bottled Flame"},{"floor":41,"key":"Blood Vial"},{"floor":47,"key":"Ginger"}],"event_choices":[{"damage_healed":0.0,"max_hp_gain":0.0,"max_hp_loss":0.0,"gold_gain":0.0,"cards_transformed":["Strike_B"],"event_name":"Living Wall","player_choice":"Change","floor":4.0,"gold_loss":0.0,"damage_taken":0.0,"cards_obtained":["Go for the Eyes"]},{"damage_healed":0.0,"max_hp_gain":0.0,"max_hp_loss":0.0,"gold_gain":30.0,"event_name":"Dead Adventurer","player_choice":"Searched \u00273\u0027 times","floor":11.0,"gold_loss":0.0,"damage_taken":0.0},{"damage_healed":0.0,"max_hp_gain":0.0,"max_hp_loss":0.0,"gold_gain":0.0,"event_name":"Match and Keep!","player_choice":"1 cards matched","floor":14.0,"gold_loss":0.0,"damage_taken":0.0,"cards_obtained":["Darkness"]},{"damage_healed":0,"gold_gain":0,"player_choice":"1 cards matched","damage_taken":0,"max_hp_gain":0,"max_hp_loss":0,"event_name":"Match and Keep!","floor":37,"gold_loss":0,"cards_obtained":["Bandage Up"]},{"damage_healed":0,"gold_gain":0,"cards_transformed":["Defend_B"],"player_choice":"Transformed","damage_taken":0,"max_hp_gain":0,"max_hp_loss":0,"event_name":"Transmorgrifier","floor":44,"gold_loss":0,"cards_obtained":["Buffer"]}],"is_beta":false,"boss_relics":[{"not_picked":["Tiny House","Cursed Key"],"picked":"Snecko Eye"},{"not_picked":["Coffee Dripper","Fusion Hammer"],"picked":"Philosopher\u0027s Stone"}],"items_purged_floors":[20],"is_endless":false,"potions_floor_spawned":[5,7,13,16,24,28,30,31,36,41,46],"killed_by":"Awakened One","ascension_level":2}