{"gold_per_floor":[113,126,141,141,106,106,3,3,3,3,20,20,39,73,73,145,145,162,2,17,17,36,36,36,69,69,80,80,90,90,121,121,198,198,216,226,95,95,195,195,225,225,252,55,68,68,68,81,81,81],"floor_reached":50,"playtime":4656,"items_purged":["Strike_B+1"],"score":1032,"play_id":"aa523070-c8ad-4ac7-bc01-4017d904d906","local_time":"20190316221729","is_ascension_mode":true,"campfire_choices":[{"data":"Coolheaded","floor":6,"key":"SMITH"},{"data":"Madness","floor":8,"key":"SMITH"},{"data":"Echo Form","floor":10,"key":"SMITH"},{"data":"Zap","floor":15,"key":"SMITH"},{"data":"Hologram","floor":23,"key":"SMITH"},{"data":"Thunder Strike","floor":28,"key":"SMITH"},{"data":"Static Discharge","floor":30,"key":"SMITH"},{"floor":32,"key":"REST"},{"data":"Blizzard","floor":40,"key":"SMITH"},{"floor":42,"key":"REST"},{"floor":47,"key":"DIG"},{"floor":49,"key":"REST"}],"neow_cost":"NONE","seed_source_timestamp":373410663865435,"circlet_count":0,"master_deck":["AscendersBane","Strike_B+1","Strike_B+1","Strike_B+1","Defend_B+1","Defend_B+1","Defend_B+1","Zap+1","Dualcast","Echo Form+1","Cold Snap","Coolheaded+1","Undo","Madness+1","FTL","Self Repair","Chill+1","Thunder Strike+1","Blizzard+1","Hologram+1","Ball Lightning+1","Static Discharge+1","Machine Learning","Glacier+1","Redo+1","Chaos+1","Coolheaded+1","Redo","BootSequence"],"relics":["Cracked Core","Pantograph","Potion Belt","Velvet Choker","Bag of Preparation","Molten Egg 2","Mango","Juzu Bracelet","Sozu","Du-Vu Doll","Shovel","DataDisk","War Paint","Boot"],"potions_floor_usage":[3,14,16,20,25,31,48],"damage_taken":[{"damage":7,"enemies":"Jaw Worm","floor":1,"turns":3},{"damage":5,"enemies":"Small Slimes","floor":2,"turns":3},{"damage":2,"enemies":"Cultist","floor":3,"turns":4},{"damage":11,"enemies":"Large Slime","floor":11,"turns":6},{"damage":2,"enemies":"Looter","floor":13,"turns":3},{"damage":18,"enemies":"3 Sentries","floor":14,"turns":6},{"damage":0,"enemies":"The Guardian","floor":16,"turns":11},{"damage":7,"enemies":"Spheric Guardian","floor":18,"turns":5},{"damage":17,"enemies":"2 Thieves","floor":20,"turns":4},{"damage":16,"enemies":"3 Cultists","floor":22,"turns":5},{"damage":20,"enemies":"Book of Stabbing","floor":25,"turns":6},{"damage":21,"enemies":"Centurion and Healer","floor":27,"turns":4},{"damage":10,"enemies":"Sentry and Sphere","floor":29,"turns":5},{"damage":45,"enemies":"Slavers","floor":31,"turns":6},{"damage":46,"enemies":"Champ","floor":33,"turns":8},{"damage":9,"enemies":"Orb Walker","floor":35,"turns":3},{"damage":0,"enemies":"3 Shapes","floor":36,"turns":5},{"damage":0,"enemies":"Mind Bloom Boss Battle","floor":39,"turns":7},{"damage":71,"enemies":"Giant Head","floor":41,"turns":8},{"damage":0,"enemies":"Maw","floor":45,"turns":7},{"damage":36,"enemies":"Transient","floor":48,"turns":6},{"damage":72,"enemies":"Awakened One","floor":50,"turns":11}],"seed_played":"-268330436122745247","potions_obtained":[{"floor":2,"key":"EntropicBrew"},{"floor":3,"key":"AttackPotion"},{"floor":14,"key":"Weak Potion"},{"floor":20,"key":"EssenceOfSteel"},{"floor":22,"key":"PowerPotion"},{"floor":31,"key":"GamblersBrew"},{"floor":33,"key":"Energy Potion"}],"is_trial":false,"path_per_floor":["M","M","M","?","?","R","$","R","T","R","M","?","M","E","R","B",null,"M","$","M","?","M","R","$","E","T","M","R","M","R","E","R","B",null,"M","M","$","?","?","R","E","R","T","$","M","?","R","M","R","B"],"character_chosen":"DEFECT","items_purchased":["Madness","Bag of Preparation","Redo","War Paint","Redo"],"campfire_rested":3,"item_purchase_floors":[7,19,37,44,44],"current_hp_per_floor":[57,52,50,29,46,46,46,46,46,46,35,35,33,22,22,54,67,67,67,57,57,55,55,55,49,63,49,49,46,46,8,33,19,69,60,74,74,74,81,81,17,41,41,41,48,48,48,19,43,0],"gold":81,"neow_bonus":"ONE_RANDOM_RARE_CARD","is_prod":false,"is_daily":false,"chose_seed":false,"campfire_upgraded":8,"win_rate":0,"timestamp":1552799849,"path_taken":["M","M","M","?","?","R","?","R","T","R","M","?","M","E","R","BOSS","M","?","M","?","M","R","$","E","T","M","R","M","R","E","R","BOSS","M","M","$","?","?","R","E","R","T","?","M","?","R","M","R","BOSS"],"build_version":"2019-01-23","purchased_purges":1,"victory":false,"max_hp_per_floor":[71,71,71,71,71,71,71,71,71,71,71,71,71,71,71,71,71,71,71,71,71,71,71,71,71,85,85,85,85,85,85,85,85,85,85,85,85,81,81,81,81,81,81,81,81,81,81,81,81,81],"card_choices":[{"not_picked":["Coolheaded","Compile Driver"],"picked":"Cold Snap","floor":1},{"not_picked":["Streamline","Go for the Eyes"],"picked":"Coolheaded","floor":2},{"not_picked":["Rip and Tear","Lockon"],"picked":"Undo","floor":3},{"not_picked":["Conserve Battery","Amplify"],"picked":"FTL","floor":11},{"not_picked":["Beam Cell","Storm"],"picked":"Self Repair","floor":13},{"not_picked":["Streamline","Beam Cell"],"picked":"Chill","floor":14},{"not_picked":["Reboot","Fission"],"picked":"Thunder Strike","floor":16},{"not_picked":["Undo","Turbo","Reprogram"],"picked":"SKIP","floor":18},{"not_picked":["Double Energy","Streamline"],"picked":"Blizzard","floor":20},{"not_picked":["Cold Snap","Consume+1"],"picked":"Hologram","floor":22},{"not_picked":["Go for the Eyes","Melter"],"picked":"Ball Lightning","floor":25},{"not_picked":["Beam Cell+1","Reinforced Body","Genetic Algorithm"],"picked":"SKIP","floor":27},{"not_picked":["Chaos","Beam Cell+1"],"picked":"Static Discharge","floor":29},{"not_picked":["Darkness","Turbo","Scrape+1"],"picked":"SKIP","floor":31},{"not_picked":["Amplify","Creative AI"],"picked":"Machine Learning","floor":33},{"not_picked":["Heatsinks","Sweeping Beam+1"],"picked":"Glacier+1","floor":35},{"not_picked":["Recycle","Aggregate+1","Sweeping Beam+1"],"picked":"SKIP","floor":36},{"not_picked":["Undo","Gash+1"],"picked":"Chaos+1","floor":39},{"not_picked":["Hyperbeam+1","Cold Snap+1"],"picked":"Coolheaded+1","floor":41},{"not_picked":["Compile Driver+1","Coolheaded"],"picked":"BootSequence","floor":45},{"not_picked":["Stack+1","Loop","Scrape+1"],"picked":"SKIP","floor":48}],"player_experience":784045,"relics_obtained":[{"floor":9,"key":"Pantograph"},{"floor":14,"key":"Potion Belt"},{"floor":25,"key":"Molten Egg 2"},{"floor":26,"key":"Mango"},{"floor":31,"key":"Juzu Bracelet"},{"floor":39,"key":"Du-Vu Doll"},{"floor":41,"key":"Shovel"},{"floor":43,"key":"DataDisk"},{"floor":47,"key":"Boot"}],"event_choices":[{"damage_healed":0,"gold_gain":0,"player_choice":"Entered Light","damage_taken":21,"max_hp_gain":0,"max_hp_loss":0,"event_name":"Shining Light","floor":4,"gold_loss":0,"cards_upgraded":["Defend_B","Strike_B"]},{"damage_healed":17,"gold_gain":0,"player_choice":"Healed","damage_taken":0,"max_hp_gain":0,"max_hp_loss":0,"event_name":"The Cleric","floor":5,"gold_loss":35},{"cards_removed":["Defend_B"],"damage_healed":0,"gold_gain":0,"player_choice":"Offered Basic","damage_taken":0,"max_hp_gain":0,"max_hp_loss":0,"event_name":"Bonfire Elementals","floor":12,"gold_loss":0},{"damage_healed":0,"gold_gain":0,"player_choice":"Simplicity","damage_taken":0,"max_hp_gain":0,"max_hp_loss":0,"event_name":"Back to Basics","floor":21,"gold_loss":0,"cards_upgraded":["Strike_B","Strike_B","Strike_B","Defend_B","Defend_B"]},{"damage_healed":0,"gold_gain":0,"player_choice":"Max HP","damage_taken":0,"max_hp_gain":0,"max_hp_loss":4,"event_name":"Winding Halls","floor":38,"gold_loss":0},{"damage_healed":0,"gold_gain":0,"player_choice":"Fight","damage_taken":0,"max_hp_gain":0,"max_hp_loss":0,"event_name":"MindBloom","floor":39,"gold_loss":0},{"damage_healed":0,"gold_gain":0,"player_choice":"Ignored","damage_taken":0,"max_hp_gain":0,"max_hp_loss":0,"event_name":"Mysterious Sphere","floor":46,"gold_loss":0}],"is_beta":false,"boss_relics":[{"not_picked":["Fusion Hammer","Lizard Tail"],"picked":"Velvet Choker"},{"not_picked":["Empty Cage","Pandora\u0027s Box"],"picked":"Sozu"}],"items_purged_floors":[37],"is_endless":false,"potions_floor_spawned":[2,3,14,20,22,31,33,35,36,41],"killed_by":"Awakened One","ascension_level":17}