{"gold_per_floor":[110,110,120,120,134,134,154,154,226,226,241,241,258,284,284,382,382,393,393,407,258,258,258,17,17,17,27,27,62,80,95,95,190,190,207,225,270,270,76,76,76,76,101,101,101,119,129,160,160,160],"floor_reached":51,"playtime":2216,"items_purged":["Defend_G+1"],"score":700,"play_id":"cfedf31d-6c19-4c49-99db-72b83cdec16d","local_time":"20190916162955","is_ascension_mode":false,"campfire_choices":[{"data":"Dash","floor":6,"key":"SMITH"},{"data":"Survivor","floor":10,"key":"SMITH"},{"data":"Backflip","floor":12,"key":"SMITH"},{"data":"Catalyst","floor":15,"key":"SMITH"},{"data":"Infinite Blades","floor":23,"key":"SMITH"},{"data":"After Image","floor":25,"key":"SMITH"},{"data":"Cloak And Dagger","floor":32,"key":"SMITH"},{"data":"Accuracy","floor":40,"key":"SMITH"},{"data":"Blur","floor":42,"key":"SMITH"},{"data":"Mayhem","floor":45,"key":"SMITH"},{"data":"Venomology","floor":49,"key":"SMITH"}],"neow_cost":"NONE","seed_source_timestamp":367023552527800,"circlet_count":0,"master_deck":["Strike_G+1","Strike_G+1","Defend_G+1","Defend_G+1","Defend_G+1","Survivor+1","Neutralize+1","Bane","Dash+1","Poisoned Stab","Backflip+1","Catalyst+1","Poisoned Stab","After Image+1","Caltrops","Backstab","Slice","Blur+1","Infinite Blades+1","Die Die Die","Backstab","Cloak And Dagger+1","Noxious Fumes","Slice+1","Madness","Madness","Accuracy+1","Mayhem+1","After Image","Venomology+1"],"special_seed":0,"relics":["Ring of the Snake","Kunai","Bag of Preparation","SacredBark","Nloth\u0027s Gift","Pantograph","Ninja Scroll","Red Mask","WristBlade","Bird Faced Urn","Pen Nib","Regal Pillow","Potion Belt"],"potions_floor_usage":[16,37,50,50],"damage_taken":[{"damage":0.0,"enemies":"2 Louse","floor":1.0,"turns":2.0},{"damage":1.0,"enemies":"Cultist","floor":3.0,"turns":6.0},{"damage":0,"enemies":"Small Slimes","floor":5,"turns":4},{"damage":0,"enemies":"Looter","floor":7,"turns":3},{"damage":6,"enemies":"Exordium Thugs","floor":11,"turns":5},{"damage":0,"enemies":"2 Fungi Beasts","floor":13,"turns":3},{"damage":0,"enemies":"Lagavulin","floor":14,"turns":7},{"damage":11,"enemies":"Hexaghost","floor":16,"turns":8},{"damage":1,"enemies":"Shell Parasite","floor":18,"turns":6},{"damage":1,"enemies":"Spheric Guardian","floor":20,"turns":4},{"damage":1,"enemies":"Shelled Parasite and Fungi","floor":27,"turns":6},{"damage":0,"enemies":"Masked Bandits","floor":29,"turns":3},{"damage":0,"enemies":"Snake Plant","floor":30,"turns":4},{"damage":0,"enemies":"Centurion and Healer","floor":31,"turns":6},{"damage":15,"enemies":"Champ","floor":33,"turns":15},{"damage":0,"enemies":"Orb Walker","floor":35,"turns":2},{"damage":4,"enemies":"3 Darklings","floor":36,"turns":5},{"damage":3,"enemies":"2 Orb Walkers","floor":37,"turns":3},{"damage":0,"enemies":"4 Shapes","floor":46,"turns":6},{"damage":0,"enemies":"Sphere and 2 Shapes","floor":47,"turns":5},{"damage":17,"enemies":"Nemesis","floor":48,"turns":7},{"damage":18,"enemies":"Awakened One","floor":50,"turns":16}],"seed_played":"6428606569226063211","potions_obtained":[{"floor":0.0,"key":"Block Potion"},{"floor":0.0,"key":"Fire Potion"},{"floor":0.0,"key":"GamblersBrew"},{"floor":5,"key":"LiquidBronze"},{"floor":16,"key":"Swift Potion"},{"floor":36,"key":"Ancient Potion"},{"floor":37,"key":"Strength Potion"}],"is_trial":false,"path_per_floor":["M","?","M","?","M","R","M","?","T","R","M","R","M","E","R","B",null,"M","?","M","$","?","R","$","R","T","M","?","?","M","M","R","B",null,"M","M","?","?","$","R","T","R","T","?","R","M","M","E","R","B",null],"character_chosen":"THE_SILENT","items_purchased":["Orrery","Pantograph","Accuracy","SpeedPotion"],"campfire_rested":0,"item_purchase_floors":[21,24,39,39],"current_hp_per_floor":[70,70,69,69,69,69,69,69,69,69,63,63,63,63,63,52,70,69,69,68,68,68,68,68,68,68,67,67,67,67,67,67,55,70,70,66,63,54,54,54,54,54,54,54,54,64,70,53,53,62],"gold":160,"neow_bonus":"THREE_SMALL_POTIONS","is_prod":false,"is_daily":false,"chose_seed":false,"campfire_upgraded":11,"win_rate":0,"timestamp":1568618995,"path_taken":["M","?","?","?","M","R","M","?","T","R","?","R","M","E","R","BOSS","M","?","M","$","?","R","$","R","T","?","?","?","M","M","R","BOSS","M","M","?","?","$","R","?","R","T","?","R","M","M","E","R","BOSS"],"build_version":"2019-09-12","purchased_purges":1,"victory":true,"max_hp_per_floor":[70,70,70,70,70,70,70,70,70,70,70,70,70,70,70,70,70,70,70,70,70,70,70,70,70,70,70,70,70,70,70,70,70,70,70,70,70,70,70,70,70,70,70,70,70,70,70,70,70,70],"card_choices":[{"not_picked":["Calculated Gamble","Sucker Punch"],"picked":"Bane","floor":1.0},{"not_picked":["Concentrate","Slice"],"picked":"Dash","floor":3.0},{"not_picked":["Terror","Finisher","Dagger Throw"],"picked":"SKIP","floor":5},{"not_picked":["Dagger Throw","Outmaneuver"],"picked":"Poisoned Stab","floor":7},{"not_picked":["Dagger Throw","Deadly Poison"],"picked":"Backflip","floor":11},{"not_picked":["Backflip","Eviscerate"],"picked":"Catalyst","floor":13},{"not_picked":["Deflect","Outmaneuver"],"picked":"Poisoned Stab","floor":14},{"not_picked":["Storm of Steel","Tools of the Trade"],"picked":"After Image","floor":16},{"not_picked":["Flechettes","Underhanded Strike","Slice"],"picked":"SKIP","floor":18},{"not_picked":["Eviscerate+1","Bouncing Flask+1"],"picked":"Slice","floor":20},{"not_picked":["Outmaneuver","Dodge and Roll"],"picked":"Blur","floor":21},{"not_picked":["Leg Sweep","A Thousand Cuts"],"picked":"Infinite Blades","floor":21},{"not_picked":["Eviscerate","Terror"],"picked":"Die Die Die","floor":21},{"not_picked":["Dash","Flying Knee","Calculated Gamble+1"],"picked":"SKIP","floor":27},{"not_picked":["Riddle With Holes+1","Poisoned Stab"],"picked":"Backstab","floor":29},{"not_picked":["PiercingWail","Poisoned Stab"],"picked":"Cloak And Dagger","floor":30},{"not_picked":["Acrobatics","Backstab"],"picked":"Noxious Fumes","floor":31},{"not_picked":["Bouncing Flask","Crippling Poison+1","Underhanded Strike"],"picked":"SKIP","floor":35},{"not_picked":["Sucker Punch","Choke+1"],"picked":"Slice+1","floor":36},{"not_picked":["Dramatic Entrance","Finesse"],"picked":"Mayhem","floor":44},{"not_picked":["Reflex","PiercingWail"],"picked":"After Image","floor":46},{"not_picked":["Finisher+1","Choke+1","Flying Knee"],"picked":"SKIP","floor":47},{"not_picked":["Doppelganger","Setup+1"],"picked":"Venomology","floor":48}],"player_experience":465201,"relics_obtained":[{"floor":9,"key":"Kunai"},{"floor":14,"key":"Bag of Preparation"},{"floor":26,"key":"Ninja Scroll"},{"floor":29,"key":"Red Mask"},{"floor":37,"key":"Bird Faced Urn"},{"floor":41,"key":"Pen Nib"},{"floor":43,"key":"Regal Pillow"},{"floor":48,"key":"Potion Belt"}],"event_choices":[{"cards_removed":["Strike_G"],"damage_healed":0.0,"max_hp_gain":0.0,"max_hp_loss":0.0,"gold_gain":0.0,"event_name":"Purifier","player_choice":"Purged","floor":2.0,"gold_loss":0.0,"damage_taken":0.0},{"cards_removed":["Strike_G"],"damage_healed":0.0,"max_hp_gain":0.0,"max_hp_loss":0.0,"gold_gain":0.0,"event_name":"Living Wall","player_choice":"Forget","floor":4.0,"gold_loss":0.0,"damage_taken":0.0},{"damage_healed":0,"gold_gain":0,"player_choice":"Forge","damage_taken":0,"max_hp_gain":0,"max_hp_loss":0,"event_name":"Accursed Blacksmith","floor":8,"gold_loss":0,"cards_upgraded":["Neutralize"]},{"damage_healed":0,"gold_gain":0,"cards_transformed":["Defend_G","Strike_G"],"player_choice":"Became Test Subject","damage_taken":0,"max_hp_gain":0,"max_hp_loss":0,"event_name":"Drug Dealer","floor":19,"gold_loss":0,"cards_obtained":["Caltrops","Backstab"]},{"damage_healed":0,"gold_gain":0,"player_choice":"Traded Relic","damage_taken":0,"relics_obtained":["Nloth\u0027s Gift"],"max_hp_gain":0,"max_hp_loss":0,"event_name":"N\u0027loth","floor":22,"relics_lost":["Orrery"],"gold_loss":0},{"damage_healed":0,"gold_gain":0,"player_choice":"Simplicity","damage_taken":0,"max_hp_gain":0,"max_hp_loss":0,"event_name":"Back to Basics","floor":28,"gold_loss":0,"cards_upgraded":["Strike_G","Strike_G","Defend_G","Defend_G","Defend_G","Defend_G"]},{"damage_healed":0,"gold_gain":0,"player_choice":"Fought Bandits","damage_taken":0,"max_hp_gain":0,"max_hp_loss":0,"event_name":"Masked Bandits","floor":29,"gold_loss":0},{"damage_healed":0,"gold_gain":0,"player_choice":"Fight","damage_taken":0,"max_hp_gain":0,"max_hp_loss":0,"event_name":"Mysterious Sphere","floor":37,"gold_loss":0},{"damage_healed":0,"gold_gain":0,"player_choice":"Embrace Madness","damage_taken":9,"max_hp_gain":0,"max_hp_loss":0,"event_name":"Winding Halls","floor":38,"gold_loss":0,"cards_obtained":["Madness","Madness"]},{"damage_healed":0,"gold_gain":0,"player_choice":"Memory 1","damage_taken":0,"max_hp_gain":0,"max_hp_loss":0,"event_name":"SensoryStone","floor":44,"gold_loss":0}],"is_beta":true,"boss_relics":[{"not_picked":["Philosopher\u0027s Stone","Ectoplasm"],"picked":"SacredBark"},{"not_picked":["Runic Dome","Coffee Dripper"],"picked":"WristBlade"}],"items_purged_floors":[39],"is_endless":false,"potions_floor_spawned":[1,5,7,14,16,27,29,30,36,37,46],"ascension_level":0}