{"gold_per_floor":[117,187,187,34,34,34,47,82,82,82,115,135,154,174,174,279,279,292,292,292,282,298,331,331,345,345,345,345,345,374,385,385,385],"floor_reached":33,"playtime":2233,"items_purged":[],"score":451,"play_id":"143260d6-62fa-493e-8402-569183b4ea81","local_time":"20190901140012","is_ascension_mode":true,"campfire_choices":[{"data":"Flex","floor":6,"key":"SMITH"},{"floor":15,"key":"REST"},{"floor":24,"key":"REST"},{"floor":27,"key":"REST"},{"floor":29,"key":"REST"},{"floor":32,"key":"REST"}],"neow_cost":"NONE","seed_source_timestamp":110626704427271,"circlet_count":0,"master_deck":["Defend_R","Defend_R","Defend_R+1","Defend_R","Bash","Clothesline","Flex+1","Power Through","Intimidate","Rage","Dropkick","Feed","Whirlwind","Immolate","Second Wind","Bite","Bite","Bite","Bite","Bite","Juggernaut","Seeing Red","Clash","Flame Barrier","Wild Strike+1"],"relics":["Burning Blood","NeowsBlessing","Turnip","FossilizedHelix","StoneCalendar","Darkstone Periapt","Lizard Tail","Ginger","Paper Frog","Incense Burner"],"potions_floor_usage":[18,23,23,30,30],"damage_taken":[{"damage":0,"enemies":"Cultist","floor":1,"turns":1},{"damage":0,"enemies":"2 Louse","floor":7,"turns":1},{"damage":0,"enemies":"Gremlin Nob","floor":8,"turns":1},{"damage":34,"enemies":"3 Sentries","floor":11,"turns":7},{"damage":0,"enemies":"Jaw Worm","floor":12,"turns":2},{"damage":0,"enemies":"2 Fungi Beasts","floor":13,"turns":3},{"damage":8,"enemies":"Lots of Slimes","floor":14,"turns":5},{"damage":0,"enemies":"Slime Boss","floor":16,"turns":7},{"damage":16,"enemies":"Spheric Guardian","floor":18,"turns":4},{"damage":11,"enemies":"2 Thieves","floor":21,"turns":4},{"damage":45,"enemies":"Cultist and Chosen","floor":22,"turns":7},{"damage":65,"enemies":"Book of Stabbing","floor":23,"turns":7},{"damage":8,"enemies":"Snecko","floor":25,"turns":5},{"damage":21,"enemies":"Slavers","floor":30,"turns":4},{"damage":57,"enemies":"3 Cultists","floor":31,"turns":6},{"damage":79,"enemies":"Automaton","floor":33,"turns":10}],"seed_played":"5235770824315265411","potions_obtained":[{"floor":1,"key":"FairyPotion"},{"floor":11,"key":"LiquidBronze"},{"floor":18,"key":"Poison Potion"},{"floor":23,"key":"Strength Potion"},{"floor":25,"key":"EssenceOfSteel"}],"is_trial":false,"path_per_floor":["M","?","?","$","$","R","M","E","T","?","E","M","M","M","R","B",null,"M","?","?","M","M","E","R","M","T","R","?","R","E","M","R","B"],"character_chosen":"IRONCLAD","items_purchased":["Clothesline","Flex","BloodPotion"],"campfire_rested":5,"item_purchase_floors":[4,4,4],"current_hp_per_floor":[80,80,64,64,64,64,70,76,76,73,45,51,57,58,82,83,83,73,58,58,58,27,9,27,33,33,51,41,60,48,40,60,0],"gold":385,"neow_bonus":"THREE_ENEMY_KILL","is_prod":false,"is_daily":false,"chose_seed":false,"campfire_upgraded":1,"win_rate":0,"timestamp":1567360812,"path_taken":["M","?","?","?","$","R","M","E","T","?","E","M","M","M","R","BOSS","M","?","?","?","M","E","R","M","T","R","?","R","E","M","R","BOSS"],"build_version":"2019-07-17","purchased_purges":0,"victory":false,"max_hp_per_floor":[80,80,80,80,80,80,80,80,80,80,80,80,80,83,83,83,83,83,58,58,58,61,61,61,61,61,61,66,66,69,69,69,69],"card_choices":[{"not_picked":["Perfected Strike","Headbutt"],"picked":"Heavy Blade","floor":1},{"not_picked":["True Grit","Sword Boomerang"],"picked":"Power Through","floor":7},{"not_picked":["Wild Strike","Sentinel"],"picked":"Intimidate","floor":8},{"not_picked":["Fire Breathing","Heavy Blade"],"picked":"Rage","floor":11},{"not_picked":["Flex","Metallicize"],"picked":"Dropkick","floor":12},{"not_picked":["Sentinel","Headbutt"],"picked":"Feed","floor":13},{"not_picked":["Twin Strike","Inflame"],"picked":"Whirlwind","floor":14},{"not_picked":["Bludgeon","Juggernaut"],"picked":"Immolate","floor":16},{"not_picked":["Iron Wave+1","True Grit"],"picked":"Second Wind","floor":18},{"not_picked":["Rage","Hemokinesis","Sword Boomerang"],"picked":"SKIP","floor":21},{"not_picked":["Disarm+1","Wild Strike"],"picked":"Juggernaut","floor":22},{"not_picked":["Twin Strike","Perfected Strike"],"picked":"Seeing Red","floor":23},{"not_picked":["Iron Wave","Sentinel"],"picked":"Clash","floor":25},{"not_picked":["Burning Pact","Perfected Strike"],"picked":"Flame Barrier","floor":30},{"not_picked":["Body Slam","Thunderclap"],"picked":"Wild Strike+1","floor":31}],"player_experience":285593,"relics_obtained":[{"floor":8,"key":"Turnip"},{"floor":9,"key":"FossilizedHelix"},{"floor":11,"key":"Darkstone Periapt"},{"floor":23,"key":"Ginger"},{"floor":26,"key":"Paper Frog"},{"floor":30,"key":"Incense Burner"}],"event_choices":[{"damage_healed":0,"gold_gain":70,"player_choice":"Gained Gold","damage_taken":0,"max_hp_gain":0,"max_hp_loss":0,"event_name":"Golden Wing","floor":2,"gold_loss":0},{"damage_healed":0,"gold_gain":0,"player_choice":"Entered Light","damage_taken":16,"max_hp_gain":0,"max_hp_loss":0,"event_name":"Shining Light","floor":3,"gold_loss":0,"cards_upgraded":["Strike_R","Defend_R"]},{"damage_healed":0,"gold_gain":0,"player_choice":"Success","damage_taken":3,"relics_obtained":["StoneCalendar"],"max_hp_gain":0,"max_hp_loss":0,"event_name":"Scrap Ooze","floor":10,"gold_loss":0},{"damage_healed":0,"gold_gain":0,"player_choice":"Became a vampire","damage_taken":0,"max_hp_gain":0,"max_hp_loss":25,"event_name":"Vampires","floor":19,"gold_loss":0,"cards_obtained":["Bite","Bite","Bite","Bite","Bite"]},{"cards_removed":["Heavy Blade"],"damage_healed":5,"gold_gain":0,"player_choice":"Offered Common","damage_taken":0,"max_hp_gain":0,"max_hp_loss":0,"event_name":"Bonfire Elementals","floor":20,"gold_loss":0},{"cards_removed":["Heavy Blade"],"damage_healed":5,"gold_gain":0,"player_choice":"Offered Special","damage_taken":0,"max_hp_gain":0,"max_hp_loss":0,"event_name":"Bonfire Elementals","floor":20,"gold_loss":0},{"damage_healed":0,"gold_gain":0,"player_choice":"Shed Blood","damage_taken":15,"max_hp_gain":5,"max_hp_loss":0,"event_name":"Forgotten Altar","floor":28,"gold_loss":0}],"is_beta":false,"boss_relics":[{"not_picked":["Tiny House","Velvet Choker"],"picked":"Lizard Tail"}],"items_purged_floors":[],"is_endless":false,"potions_floor_spawned":[1,11,13,16,18,21,23,25],"killed_by":"Automaton","ascension_level":3}