{"gold_per_floor":[12,12,12,12,12,12,38,38,38,53,83,9,27,77,77,179,179,190,115,17,37,55,55,88,88,88,122,122,122,139,139,139,234,234,245,264,22,39,58,58,58,68,68,78,78],"floor_reached":45,"playtime":5686,"items_purged":[],"score":534,"play_id":"31c05e54-0d51-472c-99ec-f6e44c6a0654","local_time":"20190816211407","is_ascension_mode":true,"campfire_choices":[{"data":"Blind","floor":6,"key":"SMITH"},{"data":"Zap","floor":8,"key":"SMITH"},{"floor":15,"key":"REST"},{"floor":23,"key":"REST"},{"floor":25,"key":"REST"},{"floor":28,"key":"REST"},{"data":"Defragment","floor":32,"key":"SMITH"},{"floor":40,"key":"REST"}],"neow_cost":"NO_GOLD","seed_source_timestamp":73463531821254,"circlet_count":0,"master_deck":["Strike_B","Defend_B","Defend_B","Defend_B","Defend_B","Zap+1","Blind+1","Streamline","Barrage","Sunder","Ball Lightning","Chill","Static Discharge","Sweeping Beam","Electrodynamics","Gash","Gash","BootSequence","Lockon","Stack+1","Defragment+1","Glacier+1","RitualDagger","Multi-Cast","Turbo+1","Leap+1","Enlightenment+1","Go for the Eyes+1","Beam Cell+1","Genetic Algorithm+1","Go for the Eyes+1","The Bomb","Deep Breath","Self Repair+1","Parasite","Gash"],"relics":["Cracked Core","Bird Faced Urn","Dodecahedron","Bag of Marbles","White Beast Statue","Darkstone Periapt","Pantograph","Anchor","Astrolabe","Mercury Hourglass","Ice Cream"],"potions_floor_usage":[7,16,16,24,24,27,27,33,33,36,38,42,42,42],"damage_taken":[{"damage":2,"enemies":"2 Louse","floor":1,"turns":2},{"damage":18,"enemies":"Lagavulin","floor":7,"turns":7},{"damage":0,"enemies":"Cultist","floor":10,"turns":3},{"damage":8,"enemies":"3 Sentries","floor":11,"turns":5},{"damage":4,"enemies":"Jaw Worm","floor":13,"turns":2},{"damage":15,"enemies":"Slime Boss","floor":16,"turns":8},{"damage":0,"enemies":"3 Byrds","floor":18,"turns":4},{"damage":14,"enemies":"2 Thieves","floor":21,"turns":3},{"damage":39,"enemies":"Snake Plant","floor":22,"turns":4},{"damage":17,"enemies":"Book of Stabbing","floor":24,"turns":4},{"damage":20,"enemies":"Slavers","floor":27,"turns":3},{"damage":12,"enemies":"Snecko","floor":30,"turns":4},{"damage":39,"enemies":"Champ","floor":33,"turns":12},{"damage":16,"enemies":"Orb Walker","floor":35,"turns":4},{"damage":11,"enemies":"3 Darklings","floor":36,"turns":8},{"damage":32,"enemies":"Spire Growth","floor":38,"turns":6},{"damage":33,"enemies":"Transient","floor":39,"turns":5},{"damage":16,"enemies":"Jaw Worm Horde","floor":42,"turns":5},{"damage":37,"enemies":"Writhing Mass","floor":44,"turns":5},{"damage":16,"enemies":"4 Shapes","floor":45,"turns":3}],"seed_played":"-8626875039291917808","potions_obtained":[{"floor":1,"key":"Block Potion"},{"floor":10,"key":"LiquidBronze"},{"floor":11,"key":"Explosive Potion"},{"floor":18,"key":"Fire Potion"},{"floor":21,"key":"Regen Potion"},{"floor":24,"key":"Explosive Potion"},{"floor":27,"key":"EssenceOfSteel"},{"floor":30,"key":"Dexterity Potion"},{"floor":33,"key":"SpeedPotion"},{"floor":35,"key":"Ancient Potion"},{"floor":36,"key":"Regen Potion"},{"floor":38,"key":"EssenceOfSteel"},{"floor":39,"key":"Regen Potion"},{"floor":42,"key":"Fruit Juice"},{"floor":44,"key":"SpeedPotion"}],"is_trial":false,"path_per_floor":["M","$","?","?","?","R","E","R","T","M","E","$","M","?","R","B",null,"M","?","$","M","M","R","E","R","T","E","R","?","M","?","R","B",null,"M","M","$","M","M","R","?","M","T","M","M"],"character_chosen":"DEFECT","items_purchased":["Static Discharge","Gash","Energy Potion","Mercury Hourglass"],"campfire_rested":5,"item_purchase_floors":[12,20,20,37],"current_hp_per_floor":[73,73,73,78,80,80,62,62,62,62,54,54,50,50,74,61,80,80,80,80,68,31,55,40,64,64,55,79,79,69,63,63,41,80,64,59,59,45,14,38,33,38,38,11,0],"gold":78,"neow_bonus":"RANDOM_COLORLESS_2","is_prod":false,"is_daily":false,"chose_seed":false,"campfire_upgraded":3,"win_rate":0,"timestamp":1566004447,"path_taken":["M","$","?","?","?","R","E","R","T","M","E","$","?","?","R","BOSS","M","?","$","M","M","R","E","R","T","E","R","?","M","?","R","BOSS","M","M","$","M","M","R","?","M","T","M","M"],"build_version":"2019-07-17","purchased_purges":0,"victory":false,"max_hp_per_floor":[75,75,75,80,80,80,80,80,80,80,80,80,80,80,80,80,80,80,80,80,80,80,80,80,80,80,80,80,80,80,80,80,80,80,80,80,80,80,80,80,80,85,85,91,91],"card_choices":[{"not_picked":["FTL","Double Energy"],"picked":"Streamline","floor":1},{"not_picked":["Sweeping Beam","Creative AI"],"picked":"Sunder","floor":7},{"not_picked":["Stack","Conserve Battery"],"picked":"Ball Lightning","floor":10},{"not_picked":["Stack","Redo"],"picked":"Chill","floor":11},{"not_picked":["Steam Power","Cold Snap"],"picked":"Sweeping Beam","floor":13},{"not_picked":["Rainbow","Thunder Strike"],"picked":"Electrodynamics","floor":16},{"not_picked":["Barrage","Steam Power"],"picked":"Gash","floor":18},{"not_picked":["Steam","FTL+1"],"picked":"BootSequence","floor":21},{"not_picked":["Beam Cell","Fission"],"picked":"Lockon","floor":22},{"not_picked":["Rebound+1","Ball Lightning"],"picked":"Stack+1","floor":24},{"not_picked":["Stack+1","Reprogram","Hologram+1"],"picked":"SKIP","floor":27},{"not_picked":["Redo","Doom and Gloom"],"picked":"Glacier+1","floor":30},{"not_picked":["Biased Cognition","Machine Learning"],"picked":"Multi-Cast","floor":33},{"not_picked":["Lockon+1","Rip and Tear"],"picked":"Go for the Eyes+1","floor":35},{"not_picked":["Coolheaded","Double Energy+1"],"picked":"Beam Cell+1","floor":36},{"not_picked":["Sweeping Beam+1","Barrage+1"],"picked":"Genetic Algorithm+1","floor":38},{"not_picked":["Sweeping Beam","Streamline+1"],"picked":"Go for the Eyes+1","floor":39},{"not_picked":["Finesse","Transmutation"],"picked":"The Bomb","floor":41},{"not_picked":["Panache","Flash of Steel"],"picked":"Deep Breath","floor":41},{"not_picked":["Stack+1","Beam Cell"],"picked":"Self Repair+1","floor":42},{"not_picked":["Recycle+1","Hologram"],"picked":"Gash","floor":44}],"player_experience":192172,"relics_obtained":[{"floor":7,"key":"Bird Faced Urn"},{"floor":9,"key":"Dodecahedron"},{"floor":11,"key":"Bag of Marbles"},{"floor":24,"key":"Darkstone Periapt"},{"floor":26,"key":"Pantograph"},{"floor":27,"key":"Anchor"},{"floor":43,"key":"Ice Cream"}],"event_choices":[{"damage_healed":0,"gold_gain":0,"cards_transformed":["Strike_B"],"player_choice":"Change","damage_taken":0,"max_hp_gain":0,"max_hp_loss":0,"event_name":"Living Wall","floor":3,"gold_loss":0,"cards_obtained":["Barrage"]},{"damage_healed":0,"gold_gain":0,"player_choice":"Donut","damage_taken":0,"max_hp_gain":5,"max_hp_loss":0,"event_name":"Big Fish","floor":4,"gold_loss":0},{"damage_healed":2,"gold_gain":0,"player_choice":"Full Heal","damage_taken":0,"max_hp_gain":0,"max_hp_loss":0,"event_name":"Wheel of Change","floor":5,"gold_loss":0},{"damage_healed":0,"gold_gain":50,"player_choice":"Gained Gold","damage_taken":0,"max_hp_gain":0,"max_hp_loss":0,"event_name":"Golden Wing","floor":14,"gold_loss":0},{"cards_removed":["Strike_B"],"damage_healed":0,"gold_gain":0,"player_choice":"Gave Gold","damage_taken":0,"max_hp_gain":0,"max_hp_loss":0,"event_name":"Beggar","floor":19,"gold_loss":75},{"damage_healed":0,"gold_gain":0,"player_choice":"Read","damage_taken":0,"max_hp_gain":0,"max_hp_loss":0,"event_name":"The Library","floor":29,"gold_loss":0,"cards_obtained":["Defragment"]},{"damage_healed":0,"gold_gain":0,"player_choice":"Joined the Cult","damage_taken":6,"max_hp_gain":0,"max_hp_loss":0,"event_name":"Nest","floor":31,"gold_loss":0,"cards_obtained":["RitualDagger"]},{"damage_healed":0,"gold_gain":0,"player_choice":"Memory 2","damage_taken":5,"max_hp_gain":0,"max_hp_loss":0,"event_name":"SensoryStone","floor":41,"gold_loss":0}],"is_beta":false,"boss_relics":[{"not_picked":["FrozenCore","Lizard Tail"],"picked":"White Beast Statue"},{"not_picked":["Tiny House","Coffee Dripper"],"picked":"Astrolabe"}],"items_purged_floors":[],"is_endless":false,"potions_floor_spawned":[1,10,11,18,21,22,24,27,30,33,35,36,38,39,42,44],"killed_by":"4 Shapes","ascension_level":1}