{"gold_per_floor":[110,110,124,139,198,231,231,77,102,102,102,119,119,137,137,235,235,253,153,164,39,39,67,67,67,67,93,93,192,212,237,237,237],"floor_reached":33,"playtime":2256,"items_purged":["Strike_R","Strike_R"],"score":362,"play_id":"69e9ec65-14b1-4ddf-a5f5-8df09cc37114","local_time":"20181120023536","is_ascension_mode":true,"campfire_choices":[{"floor":7,"key":"REST"},{"data":"Armaments","floor":11,"key":"SMITH"},{"data":"Inflame","floor":13,"key":"SMITH"},{"data":"Heavy Blade","floor":15,"key":"SMITH"},{"floor":24,"key":"REST"},{"floor":28,"key":"REST"},{"floor":32,"key":"REST"}],"neow_cost":"NONE","seed_source_timestamp":5096701506328,"circlet_count":0,"master_deck":["Strike_R","Strike_R","Strike_R+1","Defend_R","Defend_R","Defend_R","Defend_R","Bash+1","Shrug It Off","Twin Strike","Heavy Blade+1","Armaments+1","Feed+1","Inflame+1","Spot Weakness","Demon Form","Flex","Inflame","Headbutt+1","Brutality","Flex"],"relics":["Burning Blood","Vajra","Orichalcum","Fusion Hammer","Ancient Tea Set","Whetstone","Bag of Preparation"],"potions_floor_usage":[12,20,23,27,33],"damage_taken":[{"damage":9,"enemies":"Small Slimes","floor":1,"turns":4},{"damage":5,"enemies":"2 Louse","floor":3,"turns":4},{"damage":1,"enemies":"Cultist","floor":4,"turns":3},{"damage":59,"enemies":"Lagavulin","floor":6,"turns":11},{"damage":0,"enemies":"3 Louse","floor":12,"turns":1},{"damage":3,"enemies":"Blue Slaver","floor":14,"turns":4},{"damage":21,"enemies":"The Guardian","floor":16,"turns":10},{"damage":10,"enemies":"3 Byrds","floor":18,"turns":8},{"damage":14,"enemies":"2 Thieves","floor":20,"turns":4},{"damage":30,"enemies":"Slavers","floor":23,"turns":6},{"damage":10,"enemies":"Colosseum Slavers","floor":25,"turns":3},{"damage":74,"enemies":"Gremlin Leader","floor":27,"turns":7},{"damage":19,"enemies":"Snake Plant","floor":30,"turns":2},{"damage":75,"enemies":"Collector","floor":33,"turns":5}],"seed_played":"8789266994409099598","potions_obtained":[{"floor":6,"key":"AttackPotion"},{"floor":16,"key":"Energy Potion"},{"floor":18,"key":"PowerPotion"},{"floor":20,"key":"Block Potion"},{"floor":30,"key":"Block Potion"}],"is_trial":false,"path_per_floor":["M","?","M","M","?","E","R","$","T","?","R","M","R","M","R","B",null,"M","$","M","$","?","E","R","?","T","E","R","?","M","T","R","B"],"character_chosen":"IRONCLAD","items_purchased":["Feed","Flex","Inflame"],"campfire_rested":4,"item_purchase_floors":[8,21,21],"current_hp_per_floor":[77,77,78,80,80,27,51,51,51,51,51,57,57,64,64,49,84,84,84,76,76,76,56,83,79,79,11,38,38,29,29,57,0],"gold":237,"neow_bonus":"UPGRADE_CARD","is_prod":false,"is_daily":false,"chose_seed":false,"campfire_upgraded":3,"win_rate":0,"timestamp":1542710136,"path_taken":["M","?","M","M","?","E","R","$","T","?","R","?","R","M","R","BOSS","M","$","M","$","?","E","R","?","T","E","R","?","?","?","R","BOSS"],"build_version":"2018-11-15","purchased_purges":2,"victory":false,"max_hp_per_floor":[80,80,80,80,80,80,80,80,80,80,80,80,80,84,84,84,84,88,88,88,88,88,92,92,92,92,92,92,92,96,96,96,96],"card_choices":[{"not_picked":["Clothesline","Perfected Strike"],"picked":"Shrug It Off","floor":1},{"not_picked":["Battle Trance","Perfected Strike"],"picked":"Twin Strike","floor":3},{"not_picked":["Armaments","Shockwave"],"picked":"Heavy Blade","floor":4},{"not_picked":["Body Slam","Hemokinesis"],"picked":"Armaments","floor":6},{"not_picked":["Perfected Strike","Flame Barrier"],"picked":"Inflame","floor":12},{"not_picked":["Shockwave","Anger"],"picked":"Spot Weakness","floor":14},{"not_picked":["Immolate","Brutality"],"picked":"Demon Form","floor":16},{"not_picked":["Cleave","Sword Boomerang","Blood for Blood"],"picked":"SKIP","floor":18},{"not_picked":["Cleave+1","Warcry","Anger"],"picked":"SKIP","floor":20},{"not_picked":["Carnage+1","True Grit+1"],"picked":"Headbutt","floor":23},{"not_picked":["Fiend Fire","Burning Pact"],"picked":"Brutality","floor":27},{"not_picked":["True Grit+1","Second Wind"],"picked":"Flex","floor":30}],"player_experience":64892,"relics_obtained":[{"floor":6,"key":"Vajra"},{"floor":9,"key":"Orichalcum"},{"floor":23,"key":"Ancient Tea Set"},{"floor":27,"key":"Whetstone"},{"floor":31,"key":"Bag of Preparation"}],"event_choices":[{"damage_healed":0,"gold_gain":0,"player_choice":"Ignored","damage_taken":0,"max_hp_gain":0,"max_hp_loss":0,"event_name":"Liars Game","floor":2,"gold_loss":0},{"damage_healed":0,"gold_gain":59,"player_choice":"Gained Gold","damage_taken":0,"max_hp_gain":0,"max_hp_loss":0,"event_name":"Golden Wing","floor":5,"gold_loss":0},{"damage_healed":0,"gold_gain":0,"player_choice":"Forge","damage_taken":0,"max_hp_gain":0,"max_hp_loss":0,"event_name":"Accursed Blacksmith","floor":10,"gold_loss":0,"cards_upgraded":["Feed"]},{"damage_healed":0,"gold_gain":0,"player_choice":"Ignored","damage_taken":0,"max_hp_gain":0,"max_hp_loss":0,"event_name":"Vampires","floor":22,"gold_loss":0},{"damage_healed":0,"gold_gain":0,"player_choice":"Fight","damage_taken":0,"max_hp_gain":0,"max_hp_loss":0,"event_name":"Colosseum","floor":25,"gold_loss":0},{"damage_healed":0,"gold_gain":0,"player_choice":"Fled From Nobs","damage_taken":0,"max_hp_gain":0,"max_hp_loss":0,"event_name":"Colosseum","floor":25,"gold_loss":0},{"damage_healed":0,"gold_gain":99,"player_choice":"Stole From Cult","damage_taken":0,"max_hp_gain":0,"max_hp_loss":0,"event_name":"Nest","floor":29,"gold_loss":0}],"is_beta":false,"boss_relics":[{"not_picked":["Eternal Feather","Ectoplasm"],"picked":"Fusion Hammer"}],"items_purged_floors":[8,19],"is_endless":false,"potions_floor_spawned":[6,16,18,20,30],"killed_by":"Collector","ascension_level":2}