{"gold_per_floor":[110,110,120,120,34,65,65,15,15,15,15,56,56,77,77,206,206,226,226,28,28,43,43,79,79,79,4,25,38,52,52,52,183,183,197,211,231,53,53,53],"floor_reached":41,"playtime":3083,"items_purged":["Strike_R","Defend_R"],"score":938,"play_id":"5b907fd3-41dd-4533-8b33-dfcf08fb8e86","local_time":"20190107200036","is_ascension_mode":true,"campfire_choices":[{"data":"Double Tap","floor":7,"key":"SMITH"},{"data":"Enlightenment","floor":10,"key":"SMITH"},{"data":"Intimidate","floor":13,"key":"SMITH"},{"data":"Bash","floor":15,"key":"SMITH"},{"data":"Armaments","floor":23,"key":"SMITH"},{"data":"Fiend Fire","floor":25,"key":"SMITH"},{"data":"True Grit","floor":32,"key":"SMITH"}],"neow_cost":"NONE","seed_source_timestamp":388277613669678,"circlet_count":0,"master_deck":["AscendersBane","Strike_R","Strike_R","Defend_R","Defend_R","Bash+1","Pommel Strike","Immolate","Intimidate+1","Enlightenment+1","Double Tap+1","Wild Strike","Headbutt","Fiend Fire+1","Evolve","Ghostly","Ghostly","Ghostly","Ghostly","Ghostly","Shockwave","True Grit+1","Armaments+1","Impervious","Warcry+1","Uppercut","Demon Form","Flex+1","Feel No Pain"],"relics":["Burning Blood","NeowsBlessing","Golden Idol","StoneCalendar","Pear","Mercury Hourglass","Runic Pyramid","Happy Flower","Anchor","Torii","Philosopher\u0027s Stone"],"potions_floor_usage":[12,28,33,33,33,40],"damage_taken":[{"damage":0,"enemies":"Jaw Worm","floor":1,"turns":1},{"damage":0,"enemies":"2 Louse","floor":3,"turns":2},{"damage":0,"enemies":"Gremlin Nob","floor":6,"turns":1},{"damage":20,"enemies":"Lagavulin","floor":12,"turns":5},{"damage":5,"enemies":"Small Slimes","floor":14,"turns":2},{"damage":29,"enemies":"The Guardian","floor":16,"turns":8},{"damage":14,"enemies":"Shell Parasite","floor":18,"turns":4},{"damage":2,"enemies":"Spheric Guardian","floor":22,"turns":5},{"damage":5,"enemies":"Gremlin Leader","floor":24,"turns":5},{"damage":0,"enemies":"Centurion and Healer","floor":28,"turns":4},{"damage":8,"enemies":"3 Cultists","floor":29,"turns":5},{"damage":0,"enemies":"Cultist and Chosen","floor":30,"turns":4},{"damage":1,"enemies":"Collector","floor":33,"turns":8},{"damage":4,"enemies":"3 Darklings","floor":35,"turns":4},{"damage":0,"enemies":"Orb Walker","floor":36,"turns":2},{"damage":1,"enemies":"Maw","floor":37,"turns":6},{"damage":14,"enemies":"Awakened One","floor":40,"turns":11}],"seed_played":"7528385971661863843","potions_obtained":[{"floor":3,"key":"EssenceOfSteel"},{"floor":6,"key":"BloodPotion"},{"floor":12,"key":"Energy Potion"},{"floor":16,"key":"Weak Potion"},{"floor":22,"key":"Block Potion"},{"floor":28,"key":"Ancient Potion"},{"floor":31,"key":"LiquidBronze"},{"floor":33,"key":"SmokeBomb"},{"floor":37,"key":"AttackPotion"}],"is_trial":false,"path_per_floor":["M","?","M","?","$","E","R","?","T","R","$","E","R","M","R","B",null,"M","?","$","?","M","R","E","R","T","?","M","M","M","?","R","B",null,"M","M","M","$","?","B",null],"character_chosen":"IRONCLAD","items_purchased":["Enlightenment","Shockwave","True Grit","Feel No Pain"],"campfire_rested":0,"item_purchase_floors":[5,20,20,38],"current_hp_per_floor":[78,78,80,60,60,66,66,66,76,76,76,62,62,63,63,40,78,70,45,45,45,45,45,45,45,45,45,45,43,45,45,45,45,45,45,45,45,45,45,37],"gold":53,"neow_bonus":"THREE_ENEMY_KILL","is_prod":false,"is_daily":false,"chose_seed":false,"campfire_upgraded":7,"win_rate":0,"timestamp":1546920036,"path_taken":["M","?","M","?","$","E","R","?","T","R","?","E","R","M","R","BOSS","M","?","$","?","M","R","E","R","T","?","?","M","M","?","R","BOSS","M","?","M","?","?","BOSS"],"build_version":"2019-01-03v4","purchased_purges":2,"victory":true,"max_hp_per_floor":[80,80,80,80,80,80,80,80,90,90,90,90,90,90,90,90,90,90,45,45,45,45,45,45,45,45,45,45,45,45,45,45,45,45,45,45,45,45,45,45],"card_choices":[{"not_picked":["Warcry","Flex"],"picked":"Pommel Strike","floor":1},{"not_picked":["Sword Boomerang","Body Slam"],"picked":"Intimidate","floor":3},{"not_picked":["Clothesline","Sword Boomerang"],"picked":"Double Tap","floor":6},{"not_picked":["Inflame","Intimidate"],"picked":"Wild Strike","floor":12},{"not_picked":["Combust","Pommel Strike"],"picked":"Headbutt","floor":14},{"not_picked":["Limit Break","Feed"],"picked":"Fiend Fire","floor":16},{"not_picked":["Flex","Headbutt"],"picked":"Evolve","floor":18},{"not_picked":["Pommel Strike","Anger"],"picked":"Armaments","floor":22},{"not_picked":["Havoc","Cleave"],"picked":"Impervious","floor":24},{"not_picked":["Twin Strike+1","Havoc"],"picked":"Warcry+1","floor":28},{"not_picked":["Sword Boomerang","Pommel Strike"],"picked":"Uppercut","floor":29},{"not_picked":["Perfected Strike","Shrug It Off","Clothesline"],"picked":"SKIP","floor":30},{"not_picked":["Double Tap","Feed"],"picked":"Demon Form","floor":33},{"not_picked":["Rampage","Blood for Blood"],"picked":"Flex+1","floor":35},{"not_picked":["Entrench","Reckless Charge","Headbutt+1"],"picked":"SKIP","floor":36},{"not_picked":["Intimidate","True Grit+1","Fire Breathing+1"],"picked":"SKIP","floor":37}],"player_experience":386298,"relics_obtained":[{"floor":6,"key":"StoneCalendar"},{"floor":9,"key":"Pear"},{"floor":12,"key":"Mercury Hourglass"},{"floor":24,"key":"Anchor"},{"floor":26,"key":"Torii"}],"event_choices":[{"damage_healed":0,"gold_gain":0,"cards_transformed":["Strike_R"],"player_choice":"Change","damage_taken":0,"max_hp_gain":0,"max_hp_loss":0,"event_name":"Living Wall","floor":2,"gold_loss":0,"cards_obtained":["Immolate"]},{"damage_healed":0,"gold_gain":0,"player_choice":"Take Damage","damage_taken":20,"relics_obtained":["Golden Idol"],"max_hp_gain":0,"max_hp_loss":0,"event_name":"Golden Idol","floor":4,"gold_loss":0},{"cards_removed":["Strike_R"],"damage_healed":0,"gold_gain":0,"player_choice":"Card Removal","damage_taken":0,"max_hp_gain":0,"max_hp_loss":0,"event_name":"The Cleric","floor":8,"gold_loss":50},{"damage_healed":0,"gold_gain":0,"player_choice":"Became a Ghost","damage_taken":0,"max_hp_gain":0,"max_hp_loss":45,"event_name":"Ghosts","floor":19,"gold_loss":0,"cards_obtained":["Ghostly","Ghostly","Ghostly","Ghostly","Ghostly"]},{"damage_healed":0,"gold_gain":0,"player_choice":"Opened","damage_taken":0,"relics_obtained":["Happy Flower"],"max_hp_gain":0,"max_hp_loss":0,"event_name":"The Mausoleum","floor":21,"gold_loss":0},{"cards_removed":["Defend_R"],"damage_healed":0,"gold_gain":0,"player_choice":"Gave Gold","damage_taken":0,"max_hp_gain":0,"max_hp_loss":0,"event_name":"Beggar","floor":27,"gold_loss":75},{"damage_healed":0,"gold_gain":0,"player_choice":"Got Potions","damage_taken":0,"max_hp_gain":0,"max_hp_loss":0,"event_name":"Lab","floor":31,"gold_loss":0},{"damage_healed":0,"gold_gain":0,"player_choice":"Took Portal","damage_taken":0,"max_hp_gain":0,"max_hp_loss":0,"event_name":"SecretPortal","floor":39,"gold_loss":0}],"is_beta":false,"boss_relics":[{"not_picked":["Lizard Tail","Runic Dome"],"picked":"Runic Pyramid"},{"not_picked":["Snecko Eye","Calling Bell"],"picked":"Philosopher\u0027s Stone"}],"items_purged_floors":[20,38],"is_endless":false,"potions_floor_spawned":[3,6,12,16,22,28,29,33,37],"ascension_level":10}