{"gold_per_floor":[129,159,171,198,180,192,215,247,259,299,328,12,12,31,31,131,131,151,151,168,168,181,181,196,146,146,146,176,194,211,86,86,190,190,208,226,326,341,341,341,140,140,140,140,160,177,208,45,45,45,45,45,3,28,28],"floor_reached":55,"playtime":9887,"items_purged":["Defend_B","Defend_B","Defend_B"],"score":771,"play_id":"280996dc-8908-4a0b-abf6-5931e0a29178","local_time":"20190908004347","is_ascension_mode":false,"campfire_choices":[{"data":"Zap","floor":6,"key":"SMITH"},{"data":"Apotheosis","floor":15,"key":"SMITH"},{"data":"Self Repair","floor":23,"key":"SMITH"},{"data":"Creative AI","floor":27,"key":"SMITH"},{"data":"Genetic Algorithm","floor":32,"key":"SMITH"},{"floor":40,"key":"RECALL"},{"data":"Defragment","floor":42,"key":"SMITH"},{"data":"Hyperbeam","floor":44,"key":"SMITH"},{"data":"Defragment","floor":49,"key":"SMITH"},{"data":"Loop","floor":52,"key":"SMITH"}],"neow_cost":"NONE","seed_source_timestamp":572094848076359,"circlet_count":0,"master_deck":["Strike_B+1","Defend_B","Zap+1","Dualcast","Steam","Conserve Battery","Conserve Battery","Self Repair+1","Genetic Algorithm+1","Lockon+1","Conserve Battery","Apotheosis+1","Hyperbeam+1","Creative AI+1","Coolheaded","Necronomicurse","Coolheaded","Conserve Battery","Fission","Tempest","Streamline+1","Defragment+1","Loop+1","Core Surge","Electrodynamics","Hologram+1","Sweeping Beam+1","Capacitor","Turbo+1","Streamline+1","Sunder","Defragment+1","Hologram","Force Field"],"relics":["Cracked Core","MawBank","Potion Belt","Smiling Mask","DataDisk","Coffee Dripper","Necronomicon","Bottled Tornado","Blue Candle","Snecko Eye","Gambling Chip","ClockworkSouvenir","The Courier","Pen Nib"],"potions_floor_usage":[10,10,16,30,33,33,45,47,50,54,55,55],"damage_taken":[{"damage":0,"enemies":"Cultist","floor":1,"turns":4},{"damage":4,"enemies":"Jaw Worm","floor":2,"turns":4},{"damage":0,"enemies":"2 Louse","floor":4,"turns":2},{"damage":3,"enemies":"Exordium Wildlife","floor":7,"turns":5},{"damage":0,"enemies":"2 Fungi Beasts","floor":8,"turns":3},{"damage":31,"enemies":"Gremlin Nob","floor":10,"turns":5},{"damage":4,"enemies":"Blue Slaver","floor":11,"turns":4},{"damage":1,"enemies":"3 Louse","floor":14,"turns":4},{"damage":2,"enemies":"The Guardian","floor":16,"turns":9},{"damage":4,"enemies":"Shell Parasite","floor":18,"turns":5},{"damage":2,"enemies":"Spheric Guardian","floor":20,"turns":5},{"damage":0,"enemies":"Snecko","floor":22,"turns":5},{"damage":2,"enemies":"Snake Plant","floor":24,"turns":6},{"damage":0,"enemies":"Slavers","floor":28,"turns":1},{"damage":0,"enemies":"3 Cultists","floor":29,"turns":2},{"damage":4,"enemies":"Chosen and Byrds","floor":30,"turns":10},{"damage":1,"enemies":"Automaton","floor":33,"turns":6},{"damage":0,"enemies":"Orb Walker","floor":35,"turns":2},{"damage":7,"enemies":"3 Darklings","floor":36,"turns":2},{"damage":10,"enemies":"Mind Bloom Boss Battle","floor":37,"turns":7},{"damage":1,"enemies":"4 Shapes","floor":38,"turns":3},{"damage":25,"enemies":"Writhing Mass","floor":45,"turns":4},{"damage":7,"enemies":"Maw","floor":46,"turns":6},{"damage":3,"enemies":"Giant Head","floor":47,"turns":7},{"damage":15,"enemies":"Donu and Deca","floor":50,"turns":7},{"damage":32,"enemies":"Shield and Spear","floor":54,"turns":4},{"damage":51,"enemies":"The Heart","floor":55,"turns":5}],"seed_played":"6747320554891782603","potions_obtained":[{"floor":2,"key":"AttackPotion"},{"floor":5,"key":"PowerPotion"},{"floor":5,"key":"GamblersBrew"},{"floor":11,"key":"FocusPotion"},{"floor":14,"key":"FearPotion"},{"floor":16,"key":"SteroidPotion"},{"floor":20,"key":"Regen Potion"},{"floor":24,"key":"Strength Potion"},{"floor":28,"key":"SkillPotion"},{"floor":37,"key":"Dexterity Potion"},{"floor":38,"key":"FocusPotion"},{"floor":45,"key":"Ancient Potion"},{"floor":54,"key":"SteroidPotion"}],"is_trial":false,"path_per_floor":["M","M","?","M","?","R","M","M","T","E","M","$","?","M","R","B",null,"M","?","M","?","M","R","M","$","T","R","E","M","M","$","R","B",null,"M","M","?","M","?","R","$","R","T","R","M","M","E","$","R","B",null,"R","$","E","B"],"character_chosen":"DEFECT","items_purchased":["DataDisk","Apotheosis","Core Surge","ClockworkSouvenir","Sunder","Defragment","Hologram"],"campfire_rested":0,"item_purchase_floors":[12,12,31,41,48,48,53],"current_hp_per_floor":[75,71,76,76,76,76,73,80,80,56,59,59,43,49,49,57,80,80,64,72,72,80,80,80,80,80,80,80,80,80,80,80,79,80,80,80,80,79,79,79,79,79,79,79,64,67,80,80,80,75,80,80,80,48,0],"gold":28,"neow_bonus":"RANDOM_COMMON_RELIC","is_prod":false,"is_daily":false,"chose_seed":false,"campfire_upgraded":9,"win_rate":0,"timestamp":1567917827,"path_taken":["M","M","?","M","?","R","M","?","T","E","M","$","?","M","R","BOSS","M","?","M","?","M","R","M","?","T","R","E","M","M","?","R","BOSS","M","M","?","M","?","R","$","R","T","R","?","M","E","$","R","BOSS","R","$","E","BOSS"],"build_version":"2019-07-17","purchased_purges":3,"victory":false,"max_hp_per_floor":[75,75,80,80,80,80,80,80,80,80,80,80,80,80,80,80,80,80,80,80,80,80,80,80,80,80,80,80,80,80,80,80,80,80,80,80,80,80,80,80,80,80,80,80,80,80,80,80,80,80,80,80,80,80,80],"card_choices":[{"not_picked":["Beam Cell","Compile Driver"],"picked":"Steam","floor":1},{"not_picked":["Rebound","Redo"],"picked":"Conserve Battery","floor":2},{"not_picked":["Leap","Fusion"],"picked":"Conserve Battery","floor":4},{"not_picked":["Hologram","Barrage"],"picked":"Self Repair","floor":7},{"not_picked":["Beam Cell","Heatsinks"],"picked":"Genetic Algorithm","floor":8},{"not_picked":["Force Field","Hologram"],"picked":"Lockon","floor":10},{"not_picked":["White Noise","Steam"],"picked":"Conserve Battery","floor":11},{"not_picked":["Go for the Eyes","Reprogram"],"picked":"Hyperbeam","floor":14},{"not_picked":["Fission","Amplify"],"picked":"Creative AI","floor":16},{"not_picked":["Blizzard","Recycle"],"picked":"Coolheaded","floor":18},{"not_picked":["Steam+1","Compile Driver"],"picked":"Coolheaded","floor":20},{"not_picked":["Beam Cell","Stack"],"picked":"Tempest","floor":22},{"not_picked":["Beam Cell","Rebound+1"],"picked":"Streamline+1","floor":24},{"not_picked":["Heatsinks","Leap"],"picked":"Defragment","floor":28},{"not_picked":["Hologram","Consume"],"picked":"Loop","floor":29},{"not_picked":["Steam","Turbo","Sweeping Beam"],"picked":"SKIP","floor":30},{"not_picked":["Meteor Strike","All For One"],"picked":"Electrodynamics","floor":33},{"not_picked":["Turbo","Beam Cell+1","Steam"],"picked":"SKIP","floor":35},{"not_picked":["Conserve Battery+1","Go for the Eyes+1","Leap"],"picked":"SKIP","floor":36},{"not_picked":["Scrape","Heatsinks"],"picked":"Hologram+1","floor":37},{"not_picked":["Coolheaded","Steam+1"],"picked":"Sweeping Beam+1","floor":38},{"not_picked":["Heatsinks+1","Hologram"],"picked":"Turbo+1","floor":45},{"not_picked":["Fission","Sweeping Beam","Redo"],"picked":"SKIP","floor":46},{"not_picked":["Go for the Eyes+1","Skim+1"],"picked":"Streamline+1","floor":47},{"not_picked":["Beam Cell","Turbo+1"],"picked":"Force Field","floor":54}],"player_experience":262734,"relics_obtained":[{"floor":9,"key":"Potion Belt"},{"floor":10,"key":"Smiling Mask"},{"floor":19,"key":"Necronomicon"},{"floor":26,"key":"Bottled Tornado"},{"floor":28,"key":"Blue Candle"},{"floor":37,"key":"Gambling Chip"},{"floor":47,"key":"The Courier"},{"floor":54,"key":"Pen Nib"}],"event_choices":[{"damage_healed":0,"gold_gain":0,"player_choice":"Donut","damage_taken":0,"max_hp_gain":5,"max_hp_loss":0,"event_name":"Big Fish","floor":3,"gold_loss":0},{"damage_healed":0,"gold_gain":0,"player_choice":"Bought 2 Potions","damage_taken":0,"max_hp_gain":0,"max_hp_loss":0,"event_name":"The Woman in Blue","floor":5,"gold_loss":0},{"damage_healed":0,"gold_gain":0,"player_choice":"Entered Light","damage_taken":16,"max_hp_gain":0,"max_hp_loss":0,"event_name":"Shining Light","floor":13,"gold_loss":0,"cards_upgraded":["Strike_B","Lockon"]},{"damage_healed":0,"gold_gain":0,"player_choice":"Obtained Book","damage_taken":16,"max_hp_gain":0,"max_hp_loss":0,"event_name":"Cursed Tome","floor":19,"gold_loss":0},{"damage_healed":0,"gold_gain":0,"cards_transformed":["Strike_B","Strike_B"],"player_choice":"Became Test Subject","damage_taken":0,"max_hp_gain":0,"max_hp_loss":0,"event_name":"Drug Dealer","floor":21,"gold_loss":0,"cards_obtained":["Conserve Battery","Fission"]},{"damage_healed":0,"gold_gain":0,"player_choice":"Fight","damage_taken":0,"max_hp_gain":0,"max_hp_loss":0,"event_name":"MindBloom","floor":37,"gold_loss":0},{"damage_healed":0,"gold_gain":0,"cards_transformed":["Strike_B"],"player_choice":"Transformed","damage_taken":0,"max_hp_gain":0,"max_hp_loss":0,"event_name":"Transmorgrifier","floor":39,"gold_loss":0,"cards_obtained":["Capacitor"]}],"is_beta":false,"boss_relics":[{"not_picked":["Velvet Choker","Tiny House"],"picked":"Coffee Dripper"},{"not_picked":["Inserter","Busted Crown"],"picked":"Snecko Eye"}],"items_purged_floors":[25,31,48],"is_endless":false,"potions_floor_spawned":[2,8,11,14,16,20,24,28,37,38,45,54],"killed_by":"The Heart","ascension_level":0}