{"gold_per_floor":[109,128,128,23,23,23,36,36,36,51,64,74,103,117,117,214,214,230,253,265,35,45,45,45,45,45,45,62,96,109,39,39,136,136,151,0,19,32,32,32,46,46,46,57,57,71,86,103,103,103],"floor_reached":51,"playtime":6752,"items_purged":["Strike_B"],"score":709,"play_id":"89284fb0-e9f6-43a5-a0df-0726b7a747c7","local_time":"20181004160559","is_ascension_mode":true,"campfire_choices":[{"data":"Chaos","floor":6,"key":"SMITH"},{"floor":15,"key":"REST"},{"data":"Capacitor","floor":23,"key":"SMITH"},{"data":"Genetic Algorithm","floor":25,"key":"SMITH"},{"data":"Rainbow","floor":27,"key":"SMITH"},{"data":"Double Energy","floor":32,"key":"SMITH"},{"data":"Fission","floor":40,"key":"SMITH"},{"data":"Hello World","floor":42,"key":"SMITH"},{"data":"Barrage","floor":49,"key":"SMITH"}],"neow_cost":"","seed_source_timestamp":788284789487411,"circlet_count":0,"master_deck":["Strike_B+1","Strike_B+1","Strike_B","Defend_B","Defend_B","Defend_B","Zap","Dualcast+1","Steam","Chaos+1","Capacitor+1","Steam","Cold Snap","FTL","Genetic Algorithm+1","FTL","Coolheaded","Leap","Rainbow+1","Compile Driver","Compile Driver+1","Double Energy+1","Ball Lightning","Hello World+1","Fission+1","Defragment","Consume","Leap+1","Barrage+1","Parasite","Electrodynamics","Blizzard+1","Compile Driver","Hologram+1"],"relics":["Cracked Core","FossilizedHelix","Whetstone","Happy Flower","Sozu","Bronze Scales","Bag of Preparation","Dodecahedron","Oddly Smooth Stone","Cursed Key","Red Mask","Shuriken"],"potions_floor_usage":[29,29],"damage_taken":[{"damage":2,"enemies":"Small Slimes","floor":1,"turns":3},{"damage":2,"enemies":"2 Louse","floor":2,"turns":2},{"damage":0,"enemies":"Cultist","floor":7,"turns":3},{"damage":0,"enemies":"Blue Slaver","floor":10,"turns":3},{"damage":0,"enemies":"Red Slaver","floor":11,"turns":3},{"damage":0,"enemies":"Exordium Thugs","floor":12,"turns":5},{"damage":9,"enemies":"3 Sentries","floor":13,"turns":6},{"damage":5,"enemies":"Exordium Wildlife","floor":14,"turns":4},{"damage":0,"enemies":"Slime Boss","floor":16,"turns":10},{"damage":11,"enemies":"3 Byrds","floor":18,"turns":5},{"damage":0,"enemies":"Spheric Guardian","floor":20,"turns":3},{"damage":0,"enemies":"Centurion and Healer","floor":22,"turns":5},{"damage":1,"enemies":"Shelled Parasite and Fungi","floor":28,"turns":4},{"damage":2,"enemies":"Slavers","floor":29,"turns":3},{"damage":0,"enemies":"Snake Plant","floor":30,"turns":4},{"damage":20,"enemies":"Automaton","floor":33,"turns":10},{"damage":8,"enemies":"3 Darklings","floor":35,"turns":4},{"damage":32,"enemies":"3 Shapes","floor":37,"turns":4},{"damage":1,"enemies":"Transient","floor":38,"turns":5},{"damage":0,"enemies":"4 Shapes","floor":41,"turns":9},{"damage":5,"enemies":"Sphere and 2 Shapes","floor":44,"turns":5},{"damage":0,"enemies":"Reptomancer","floor":46,"turns":3},{"damage":8,"enemies":"Transient","floor":47,"turns":5},{"damage":0,"enemies":"Maw","floor":48,"turns":6},{"damage":13,"enemies":"Time Eater","floor":50,"turns":9}],"seed_played":"8815180758334023267","potions_obtained":[{"floor":1,"key":"Explosive Potion"},{"floor":11,"key":"LiquidBronze"},{"floor":12,"key":"Explosive Potion"}],"is_trial":false,"path_per_floor":["M","M","?","$","?","R","M","?","T","M","M","M","E","M","R","B",null,"M","T","M","$","M","R","?","R","T","R","M","E","M","$","R","B",null,"M","?","M","M","$","R","M","R","T","M","?","M","M","M","R","B"],"character_chosen":"DEFECT","items_purchased":["Capacitor","Steam","Bag of Preparation","Hello World"],"campfire_rested":1,"item_purchase_floors":[4,4,21,31],"current_hp_per_floor":[73,71,53,53,53,53,53,53,53,53,53,53,44,39,61,61,75,64,64,64,64,64,64,57,57,57,57,56,54,54,54,54,34,75,67,67,35,34,34,34,34,34,34,29,66,66,58,58,58,45],"gold":103,"neow_bonus":"","is_prod":false,"is_daily":false,"chose_seed":false,"campfire_upgraded":8,"win_rate":0,"timestamp":1538683559,"path_taken":["M","M","?","$","?","R","?","?","T","M","M","M","E","M","R","BOSS","M","?","M","$","M","R","?","R","T","R","M","E","M","$","R","BOSS","M","?","M","M","$","R","M","R","T","M","?","?","M","M","R","BOSS"],"build_version":"2018-09-27","purchased_purges":1,"victory":true,"max_hp_per_floor":[75,75,75,75,75,75,75,75,75,75,75,75,75,75,75,75,75,75,75,75,75,75,75,75,75,75,75,75,75,75,75,75,75,75,75,75,75,75,75,75,75,75,75,75,66,66,66,66,66,66],"card_choices":[{"not_picked":["Force Field","Go for the Eyes"],"picked":"Steam","floor":1},{"not_picked":["Stack","Gash"],"picked":"Chaos","floor":2},{"not_picked":["Rebound","Auto Shields"],"picked":"Cold Snap","floor":7},{"not_picked":["Streamline","Beam Cell"],"picked":"FTL","floor":10},{"not_picked":["Rebound","Doom and Gloom"],"picked":"Genetic Algorithm","floor":11},{"not_picked":["Conserve Battery","Loop"],"picked":"FTL","floor":12},{"not_picked":["Leap","Conserve Battery"],"picked":"Coolheaded","floor":13},{"not_picked":["Sweeping Beam","Streamline"],"picked":"Leap","floor":14},{"not_picked":["Seek","Multi-Cast"],"picked":"Rainbow","floor":16},{"not_picked":["Gash","Undo"],"picked":"Compile Driver","floor":18},{"not_picked":["Cold Snap","Barrage"],"picked":"Compile Driver+1","floor":20},{"not_picked":["BootSequence","Self Repair+1"],"picked":"Double Energy","floor":22},{"not_picked":["Fusion","Streamline"],"picked":"Ball Lightning","floor":28},{"not_picked":["Compile Driver","Cold Snap","Gash"],"picked":"SKIP","floor":29},{"not_picked":["Go for the Eyes","Stack","Ball Lightning"],"picked":"SKIP","floor":30},{"not_picked":["Core Surge","Meteor Strike"],"picked":"Fission","floor":33},{"not_picked":["Rebound+1","Hologram+1"],"picked":"Defragment","floor":35},{"not_picked":["Barrage+1","Recycle"],"picked":"Consume","floor":37},{"not_picked":["Streamline","Gash+1"],"picked":"Leap+1","floor":38},{"not_picked":["Rip and Tear","Sweeping Beam+1"],"picked":"Barrage","floor":41},{"not_picked":["Gash","Barrage"],"picked":"Electrodynamics","floor":44},{"not_picked":["Gash","Sunder"],"picked":"Blizzard+1","floor":46},{"not_picked":["Redo+1","Consume"],"picked":"Compile Driver","floor":47},{"not_picked":["Reprogram+1","Streamline"],"picked":"Hologram+1","floor":48}],"player_experience":49111,"relics_obtained":[{"floor":9,"key":"Whetstone"},{"floor":13,"key":"Happy Flower"},{"floor":19,"key":"Bronze Scales"},{"floor":26,"key":"Dodecahedron"},{"floor":29,"key":"Oddly Smooth Stone"},{"floor":43,"key":"Shuriken"}],"event_choices":[{"event_name":"Scrap Ooze","player_choice":"success","floor":3,"damage_taken":18},{"event_name":"Living Wall","player_choice":"Forget","floor":5,"damage_taken":0},{"event_name":"Upgrade Shrine","player_choice":"Upgraded","floor":8,"damage_taken":0},{"event_name":"Wheel of Change","player_choice":"Damage","floor":24,"damage_taken":0},{"event_name":"Tomb of Lord Red Mask","player_choice":"Paid","floor":36,"damage_taken":0},{"event_name":"The Moai Head","player_choice":"Heal","floor":45,"damage_taken":0}],"is_beta":false,"boss_relics":[{"not_picked":["Philosopher\u0027s Stone","Ectoplasm"],"picked":"Sozu"},{"not_picked":["Eternal Feather","Runic Dome"],"picked":"Cursed Key"}],"items_purged_floors":[21],"is_endless":false,"potions_floor_spawned":[1,11,12,14,16,18,28,30,37,46,48],"ascension_level":1}