{"gold_per_floor":[112,131,131,131,131,131,175,175,175,209,174,22,55,74,74,204,204,217,142,166,166,185,185,225,225,225,20,39,62,62,14,14,137,137,152,72,97,120,141,141,157,157,157,157,157,4,23,23,23,23],"floor_reached":50,"playtime":4656,"items_purged":[],"score":516,"play_id":"7f1fe7f7-4cd2-4209-b9bf-6a3777be85a9","local_time":"20190813212844","is_ascension_mode":true,"campfire_choices":[{"data":"Genetic Algorithm","floor":6,"key":"SMITH"},{"floor":8,"key":"REST"},{"data":"Zap","floor":15,"key":"SMITH"},{"floor":23,"key":"REST"},{"floor":25,"key":"REST"},{"floor":30,"key":"REST"},{"data":"Conserve Battery","floor":32,"key":"SMITH"},{"floor":40,"key":"REST"},{"floor":42,"key":"REST"},{"floor":49,"key":"REST"}],"neow_cost":"NONE","seed_source_timestamp":209512670611708,"circlet_count":0,"master_deck":["Strike_B","Strike_B","Defend_B","Defend_B","Defend_B+1","Zap+1","Dualcast","Chill+1","Melter","Genetic Algorithm+1","Lockon+1","Reinforced Body","Compile Driver+1","Sweeping Beam+1","Chaos","FTL+1","Melter+1","Conserve Battery+1","Electrodynamics","Streamline+1","Multi-Cast+1","Reprogram+1","Beam Cell+1","Loop","Parasite","Go for the Eyes+1","Core Surge+1","Fusion+1","Defragment","BootSequence","Pain"],"relics":["Cracked Core","Golden Idol","Matryoshka","Molten Egg 2","Pear","Mummified Hand","Boot","Odd Mushroom","Lizard Tail","Bronze Scales","Shuriken","Potion Belt","Ornamental Fan","Happy Flower","Astrolabe","Sundial","WarpedTongs"],"potions_floor_usage":[7,16,16,29,33,33,38,39,47],"damage_taken":[{"damage":2,"enemies":"Small Slimes","floor":1,"turns":4},{"damage":0,"enemies":"2 Louse","floor":2,"turns":3},{"damage":21,"enemies":"Lagavulin","floor":7,"turns":7},{"damage":9,"enemies":"3 Sentries","floor":10,"turns":10},{"damage":10,"enemies":"The Mushroom Lair","floor":13,"turns":4},{"damage":4,"enemies":"Jaw Worm","floor":14,"turns":3},{"damage":32,"enemies":"Slime Boss","floor":16,"turns":11},{"damage":10,"enemies":"Chosen","floor":18,"turns":5},{"damage":0,"enemies":"Spheric Guardian","floor":20,"turns":1},{"damage":32,"enemies":"Shelled Parasite and Fungi","floor":22,"turns":4},{"damage":19,"enemies":"Book of Stabbing","floor":24,"turns":5},{"damage":19,"enemies":"Snake Plant","floor":28,"turns":4},{"damage":16,"enemies":"Centurion and Healer","floor":29,"turns":5},{"damage":74,"enemies":"Automaton","floor":33,"turns":11},{"damage":9,"enemies":"Orb Walker","floor":35,"turns":2},{"damage":15,"enemies":"3 Darklings","floor":37,"turns":5},{"damage":21,"enemies":"Writhing Mass","floor":38,"turns":5},{"damage":35,"enemies":"Jaw Worm Horde","floor":39,"turns":5},{"damage":16,"enemies":"4 Shapes","floor":41,"turns":5},{"damage":16,"enemies":"3 Darklings","floor":47,"turns":4},{"damage":149,"enemies":"Awakened One","floor":50,"turns":11}],"seed_played":"-4058373121626677110","potions_obtained":[{"floor":2,"key":"Poison Potion"},{"floor":13,"key":"Fire Potion"},{"floor":14,"key":"Strength Potion"},{"floor":20,"key":"FearPotion"},{"floor":28,"key":"FearPotion"},{"floor":33,"key":"PowerPotion"},{"floor":37,"key":"Strength Potion"},{"floor":39,"key":"Weak Potion"}],"is_trial":false,"path_per_floor":["M","M","?","?","?","R","E","R","T","E","?","$","?","M","R","B",null,"M","?","M","?","M","R","E","R","T","$","M","M","R","$","R","B",null,"M","$","M","M","M","R","M","R","T","?","?","$","M","?","R","B"],"character_chosen":"DEFECT","items_purchased":["Boot","Happy Flower","Explosive Potion","Conserve Battery","Loop","Defragment","BootSequence"],"campfire_rested":7,"item_purchase_floors":[12,27,27,31,36,46,46],"current_hp_per_floor":[80,80,80,80,64,64,43,67,77,68,91,91,81,77,77,45,92,82,82,82,82,50,77,58,85,85,85,66,50,77,77,77,3,92,83,83,68,47,12,39,23,50,50,50,50,50,34,34,61,0],"gold":23,"neow_bonus":"TEN_PERCENT_HP_BONUS","is_prod":false,"is_daily":false,"chose_seed":false,"campfire_upgraded":3,"win_rate":0,"timestamp":1565746124,"path_taken":["M","M","?","?","?","R","E","R","T","E","?","$","?","M","R","BOSS","M","?","M","?","M","R","E","R","T","$","M","M","R","$","R","BOSS","M","$","M","M","M","R","M","R","T","?","?","$","M","?","R","BOSS"],"build_version":"2019-07-17","purchased_purges":0,"victory":false,"max_hp_per_floor":[82,82,82,82,82,82,82,82,92,92,92,92,92,92,92,92,92,92,92,92,92,92,92,92,92,92,92,92,92,92,92,92,92,92,92,92,92,92,92,92,92,92,92,92,92,92,92,92,92,92],"card_choices":[{"not_picked":["Compile Driver","Steam"],"picked":"Chill","floor":1},{"not_picked":["Beam Cell","Redo"],"picked":"Melter","floor":2},{"not_picked":["FTL","Steam"],"picked":"Biased Cognition","floor":7},{"not_picked":["Barrage+1","Go for the Eyes+1"],"picked":"Lockon+1","floor":10},{"not_picked":["Turbo","Stack"],"picked":"Reinforced Body","floor":14},{"not_picked":["All For One+1","Thunder Strike+1"],"picked":"Hyperbeam+1","floor":16},{"not_picked":["Blizzard+1","Heatsinks"],"picked":"Compile Driver+1","floor":18},{"not_picked":["Undo","Go for the Eyes+1"],"picked":"Sweeping Beam+1","floor":20},{"not_picked":["Leap","Heatsinks"],"picked":"Chaos","floor":22},{"not_picked":["Compile Driver+1","Gash+1"],"picked":"FTL+1","floor":24},{"not_picked":["Compile Driver+1","Rebound+1","Biased Cognition"],"picked":"SKIP","floor":28},{"not_picked":["Rebound+1","Compile Driver+1"],"picked":"Melter+1","floor":29},{"not_picked":["Fission","Echo Form"],"picked":"Electrodynamics","floor":33},{"not_picked":["Barrage+1","Hologram+1"],"picked":"Beam Cell+1","floor":35},{"not_picked":["Loop","Compile Driver+1","Beam Cell+1"],"picked":"SKIP","floor":37},{"not_picked":["Cold Snap+1","Coolheaded+1"],"picked":"Go for the Eyes+1","floor":38},{"not_picked":["Blizzard+1","Beam Cell+1"],"picked":"Core Surge+1","floor":39},{"not_picked":["Sweeping Beam+1","Chill"],"picked":"Fusion+1","floor":41},{"not_picked":["Skim","Coolheaded","Leap"],"picked":"SKIP","floor":47}],"player_experience":181680,"relics_obtained":[{"floor":7,"key":"Matryoshka"},{"floor":9,"key":"Molten Egg 2"},{"floor":9,"key":"Pear"},{"floor":10,"key":"Mummified Hand"},{"floor":13,"key":"Odd Mushroom"},{"floor":24,"key":"Shuriken"},{"floor":26,"key":"Potion Belt"},{"floor":26,"key":"Ornamental Fan"},{"floor":43,"key":"Sundial"}],"event_choices":[{"damage_healed":0,"gold_gain":0,"cards_transformed":["Strike_B"],"player_choice":"Change","damage_taken":0,"max_hp_gain":0,"max_hp_loss":0,"event_name":"Living Wall","floor":3,"gold_loss":0,"cards_obtained":["Genetic Algorithm"]},{"damage_healed":0,"gold_gain":0,"player_choice":"Take Wound","damage_taken":0,"relics_obtained":["Golden Idol"],"max_hp_gain":0,"max_hp_loss":0,"event_name":"Golden Idol","floor":4,"gold_loss":0,"cards_obtained":["Injury"]},{"damage_healed":0,"gold_gain":0,"player_choice":"Entered Light","damage_taken":16,"max_hp_gain":0,"max_hp_loss":0,"event_name":"Shining Light","floor":5,"gold_loss":0,"cards_upgraded":["Chill","Defend_B"]},{"damage_healed":23,"gold_gain":0,"player_choice":"Healed","damage_taken":0,"max_hp_gain":0,"max_hp_loss":0,"event_name":"The Cleric","floor":11,"gold_loss":35},{"damage_healed":0,"gold_gain":0,"player_choice":"Fought Mushrooms","damage_taken":0,"max_hp_gain":0,"max_hp_loss":0,"event_name":"Mushrooms","floor":13,"gold_loss":0},{"cards_removed":["Injury"],"damage_healed":0,"gold_gain":0,"player_choice":"Gave Gold","damage_taken":0,"max_hp_gain":0,"max_hp_loss":0,"event_name":"Beggar","floor":19,"gold_loss":75},{"damage_healed":0,"gold_gain":0,"player_choice":"Opened","damage_taken":0,"relics_obtained":["Bronze Scales"],"max_hp_gain":0,"max_hp_loss":0,"event_name":"The Mausoleum","floor":21,"gold_loss":0},{"cards_removed":["Biased Cognition"],"damage_healed":0,"gold_gain":0,"player_choice":"Removed Power","damage_taken":0,"max_hp_gain":0,"max_hp_loss":0,"event_name":"Falling","floor":44,"gold_loss":0},{"damage_healed":0,"gold_gain":0,"player_choice":"Ignored","damage_taken":0,"max_hp_gain":0,"max_hp_loss":0,"event_name":"Mysterious Sphere","floor":45,"gold_loss":0},{"damage_healed":0,"gold_gain":0,"player_choice":"Rummage","damage_taken":0,"relics_obtained":["WarpedTongs"],"max_hp_gain":0,"max_hp_loss":0,"event_name":"Accursed Blacksmith","floor":48,"gold_loss":0,"cards_obtained":["Pain"]}],"is_beta":false,"boss_relics":[{"not_picked":["Coffee Dripper","Empty Cage"],"picked":"Lizard Tail"},{"not_picked":["Runic Pyramid","Fusion Hammer"],"picked":"Astrolabe"}],"items_purged_floors":[],"is_endless":false,"potions_floor_spawned":[2,13,14,20,28,33,37,39],"killed_by":"Awakened One","ascension_level":1}