{"gold_per_floor":[117,135,145,65,79,79,107,107,107,122,147,147,180,180,180,254,254,212,226,151,167,183,183],"floor_reached":23,"playtime":1090,"items_purged":["Strike_R"],"score":451,"play_id":"ddcddf76-485d-4b28-a16a-76842e0ffef8","local_time":"20190913145921","is_ascension_mode":true,"campfire_choices":[{"data":"Uppercut","floor":6,"key":"SMITH"},{"data":"Rampage","floor":8,"key":"SMITH"},{"data":"Evolve","floor":12,"key":"SMITH"},{"data":"Feed","floor":15,"key":"SMITH"}],"neow_cost":"NONE","seed_source_timestamp":110804287707900,"circlet_count":0,"master_deck":["AscendersBane","Strike_R","Strike_R","Strike_R","Strike_R","Defend_R","Defend_R","Defend_R","Defend_R","Bash","Rampage+1","Battle Trance","Shrug It Off","Uppercut+1","Evolve+1","Anger","Power Through","Rage+1","Feed+1","Double Tap+1","Disarm+1","Shrug It Off+1","Rage+1"],"relics":["Burning Blood","Unceasing Top","Toxic Egg 2","Pear","Meat on the Bone","Lizard Tail"],"potions_floor_usage":[10,11,16,19,19,23],"damage_taken":[{"damage":21,"enemies":"Jaw Worm","floor":1,"turns":5},{"damage":0,"enemies":"2 Louse","floor":2,"turns":4},{"damage":1,"enemies":"Cultist","floor":3,"turns":4},{"damage":19,"enemies":"Gremlin Gang","floor":5,"turns":6},{"damage":26,"enemies":"3 Sentries","floor":7,"turns":8},{"damage":8,"enemies":"Blue Slaver","floor":10,"turns":4},{"damage":12,"enemies":"Lagavulin","floor":11,"turns":7},{"damage":16,"enemies":"Gremlin Nob","floor":13,"turns":4},{"damage":27,"enemies":"The Guardian","floor":16,"turns":11},{"damage":37,"enemies":"2 Thieves","floor":18,"turns":5},{"damage":9,"enemies":"Spheric Guardian","floor":19,"turns":6},{"damage":20,"enemies":"Cultist and Chosen","floor":21,"turns":9},{"damage":21,"enemies":"Centurion and Healer","floor":22,"turns":8},{"damage":70,"enemies":"Gremlin Leader","floor":23,"turns":7}],"seed_played":"-3231177611766828522","potions_obtained":[{"floor":5,"key":"Swift Potion"},{"floor":10,"key":"BloodPotion"},{"floor":11,"key":"Energy Potion"},{"floor":13,"key":"LiquidBronze"},{"floor":16,"key":"Weak Potion"},{"floor":18,"key":"Swift Potion"},{"floor":22,"key":"SkillPotion"}],"is_trial":false,"path_per_floor":["M","M","M","$","M","R","E","R","T","M","E","R","E","?","R","B",null,"M","M","$","M","M","E"],"character_chosen":"IRONCLAD","items_purchased":["Evolve"],"campfire_rested":0,"item_purchase_floors":[4],"current_hp_per_floor":[53,59,64,64,51,51,31,31,31,29,51,51,41,46,46,37,77,58,55,55,57,58,38],"gold":183,"neow_bonus":"THREE_CARDS","is_prod":false,"is_daily":false,"chose_seed":false,"campfire_upgraded":4,"win_rate":0,"timestamp":1568411961,"path_taken":["M","M","M","$","M","R","E","R","T","M","E","R","E","?","R","BOSS","M","M","$","M","M","E"],"build_version":"2019-07-17","purchased_purges":1,"victory":false,"max_hp_per_floor":[75,75,75,75,75,75,75,75,75,75,85,85,85,90,90,90,90,90,90,90,94,98,98],"card_choices":[{"not_picked":["Body Slam","Sentinel"],"picked":"Rampage","floor":0},{"not_picked":["Perfected Strike","Headbutt"],"picked":"Battle Trance","floor":1},{"not_picked":["Iron Wave","Reckless Charge"],"picked":"Shrug It Off","floor":2},{"not_picked":["Twin Strike","Havoc"],"picked":"Uppercut","floor":3},{"not_picked":["Iron Wave","Dark Embrace"],"picked":"Anger","floor":5},{"not_picked":["Armaments","Dual Wield"],"picked":"Power Through","floor":7},{"not_picked":["Iron Wave","Rupture","Intimidate+1"],"picked":"SKIP","floor":10},{"not_picked":["Sword Boomerang","Exhume+1"],"picked":"Rage+1","floor":11},{"not_picked":["Inflame","Clothesline"],"picked":"Feed","floor":13},{"not_picked":["Bludgeon","Feed"],"picked":"Double Tap+1","floor":16},{"not_picked":["Armaments+1","Anger"],"picked":"Disarm+1","floor":18},{"not_picked":["Pommel Strike","Anger+1"],"picked":"Shrug It Off+1","floor":19},{"not_picked":["Searing Blow","Flex+1","Whirlwind"],"picked":"SKIP","floor":21},{"not_picked":["Sword Boomerang+1","Hemokinesis"],"picked":"Rage+1","floor":22}],"player_experience":747703,"relics_obtained":[{"floor":7,"key":"Unceasing Top"},{"floor":9,"key":"Toxic Egg 2"},{"floor":11,"key":"Pear"},{"floor":13,"key":"Meat on the Bone"}],"event_choices":[{"damage_healed":0,"gold_gain":0,"player_choice":"Donut","damage_taken":0,"max_hp_gain":5,"max_hp_loss":0,"event_name":"Big Fish","floor":14,"gold_loss":0}],"is_beta":false,"boss_relics":[{"not_picked":["Eternal Feather","Velvet Choker"],"picked":"Lizard Tail"}],"items_purged_floors":[20],"is_endless":false,"potions_floor_spawned":[5,10,11,13,16,18,22],"killed_by":"Gremlin Leader","ascension_level":20}