{"gold_per_floor":[360,371,125,135,135,135,149,149,149,168,195,211,229,239,239,341,341,358,378,390,390,94,94,94,106,106,116,136,235,235,255,255,357,357,377,79,91,109,120,152,152,152,179,179,204,216,34,46,46,46],"floor_reached":51,"playtime":2240,"items_purged":["Strike_B","Strike_B","Defend_B"],"score":865,"play_id":"6f8c1a2f-bf8b-4136-ae30-9e34f8313f68","local_time":"20190914160026","is_ascension_mode":false,"campfire_choices":[{"data":"Go for the Eyes","floor":6.0,"key":"SMITH"},{"data":"Dualcast","floor":8.0,"key":"SMITH"},{"floor":15.0,"key":"REST"},{"data":"Defragment","floor":23.0,"key":"SMITH"},{"data":"Seek","floor":30.0,"key":"SMITH"},{"data":"Coolheaded","floor":32.0,"key":"SMITH"},{"data":"Zap","floor":42.0,"key":"SMITH"},{"data":"Sunder","floor":44.0,"key":"SMITH"},{"data":"Glacier","floor":46.0,"key":"SMITH"},{"data":"Go for the Eyes","floor":49.0,"key":"SMITH"}],"neow_cost":"TEN_PERCENT_HP_LOSS","seed_source_timestamp":0,"circlet_count":0,"master_deck":["Strike_B","Strike_B","Defend_B","Defend_B","Defend_B","Zap+1","Dualcast+1","Cold Snap","Conserve Battery","Defragment+1","Seek+1","Go for the Eyes+1","Ball Lightning","Defragment+1","Sweeping Beam","Leap","Glacier+1","BootSequence","Creative AI+1","Self Repair+1","Steam","Double Energy","Go for the Eyes+1","Buffer+1","Buffer+1","Coolheaded+1","Cold Snap+1","Machine Learning+1","Sunder+1","Impatience","FTL","Skim+1"],"special_seed":0,"relics":["Cracked Core","Symbiotic Virus","Frozen Egg 2","Centennial Puzzle","Sozu","Happy Flower","Mummified Hand","Black Star","Runic Capacitor","Meat on the Bone","Bag of Preparation","Juzu Bracelet","Potion Belt","MawBank"],"potions_floor_usage":[],"damage_taken":[{"damage":11.0,"enemies":"Jaw Worm","floor":1.0,"turns":3.0},{"damage":4.0,"enemies":"Cultist","floor":2.0,"turns":3.0},{"damage":0.0,"enemies":"2 Louse","floor":4.0,"turns":3.0},{"damage":0.0,"enemies":"Large Slime","floor":7.0,"turns":4.0},{"damage":3.0,"enemies":"2 Fungi Beasts","floor":10.0,"turns":3.0},{"damage":21.0,"enemies":"Lagavulin","floor":11.0,"turns":5.0},{"damage":7.0,"enemies":"3 Louse","floor":12.0,"turns":2.0},{"damage":2.0,"enemies":"Large Slime","floor":13.0,"turns":2.0},{"damage":2.0,"enemies":"Looter","floor":14.0,"turns":3.0},{"damage":2.0,"enemies":"Hexaghost","floor":16.0,"turns":13.0},{"damage":14.0,"enemies":"2 Thieves","floor":18.0,"turns":3.0},{"damage":0.0,"enemies":"Chosen","floor":19.0,"turns":4.0},{"damage":13.0,"enemies":"Shelled Parasite and Fungi","floor":20.0,"turns":6.0},{"damage":12.0,"enemies":"3 Cultists","floor":25.0,"turns":5.0},{"damage":1.0,"enemies":"Cultist and Chosen","floor":27.0,"turns":6.0},{"damage":0.0,"enemies":"Sentry and Sphere","floor":28.0,"turns":8.0},{"damage":1.0,"enemies":"Chosen and Byrds","floor":31.0,"turns":4.0},{"damage":15.0,"enemies":"Collector","floor":33.0,"turns":9.0},{"damage":0.0,"enemies":"3 Darklings","floor":35.0,"turns":8.0},{"damage":4.0,"enemies":"Orb Walker","floor":37.0,"turns":3.0},{"damage":6.0,"enemies":"3 Darklings","floor":38.0,"turns":5.0},{"damage":3.0,"enemies":"Sphere and 2 Shapes","floor":39.0,"turns":4.0},{"damage":0.0,"enemies":"Reptomancer","floor":40.0,"turns":10.0},{"damage":0.0,"enemies":"Nemesis","floor":45.0,"turns":7.0},{"damage":10.0,"enemies":"Jaw Worm Horde","floor":48.0,"turns":3.0},{"damage":0,"enemies":"Donu and Deca","floor":50,"turns":9}],"seed_played":"2301764939441999755","potions_obtained":[{"floor":1.0,"key":"SteroidPotion"},{"floor":4.0,"key":"SpeedPotion"},{"floor":11.0,"key":"FearPotion"}],"is_trial":false,"path_per_floor":["M","M","$","M","?","R","M","R","T","M","E","M","M","M","R","B",null,"M","M","M","?","$","R","?","M","T","M","M","?","R","M","R","B",null,"M","$","M","M","M","E","?","R","T","R","E","R","$","M","R","B",null],"character_chosen":"DEFECT","items_purchased":["Defragment","Seek","Buffer+1","Happy Flower","Runic Capacitor","FTL"],"campfire_rested":1,"item_purchase_floors":[3,3,22,22,36,47],"current_hp_per_floor":[57,53,53,53,53,53,53,53,53,50,29,22,20,18,38,36,68,54,64,61,61,61,61,61,49,49,58,68,68,68,68,68,63,68,68,68,64,68,68,68,68,68,68,68,68,68,68,68,68,68],"gold":46,"neow_bonus":"TWO_FIFTY_GOLD","is_prod":false,"is_daily":false,"chose_seed":false,"campfire_upgraded":9,"win_rate":0,"timestamp":1568502026,"path_taken":["M","M","$","M","?","R","?","R","T","M","E","?","M","?","R","BOSS","M","?","M","?","$","R","?","M","T","M","M","?","R","M","R","BOSS","M","$","M","M","M","E","?","R","T","R","E","R","$","M","R","BOSS"],"build_version":"2019-07-17","purchased_purges":3,"victory":true,"max_hp_per_floor":[68,68,68,68,68,68,68,68,68,68,68,68,68,68,68,68,68,68,68,68,68,68,68,68,68,68,68,68,68,68,68,68,68,68,68,68,68,68,68,68,68,68,68,68,68,68,68,68,68,68],"card_choices":[{"not_picked":["Reprogram","Tempest"],"picked":"Cold Snap","floor":1.0},{"not_picked":["Reprogram","Turbo"],"picked":"Conserve Battery","floor":2.0},{"not_picked":["Cold Snap","Turbo"],"picked":"Go for the Eyes","floor":4.0},{"not_picked":["Beam Cell","Barrage"],"picked":"Ball Lightning","floor":7.0},{"not_picked":["Stack","Cold Snap"],"picked":"Defragment+1","floor":10.0},{"not_picked":["Doom and Gloom","Genetic Algorithm"],"picked":"Sweeping Beam","floor":11.0},{"not_picked":["Turbo","Thunder Strike"],"picked":"Leap","floor":12.0},{"not_picked":["Compile Driver","Aggregate"],"picked":"Glacier","floor":13.0},{"not_picked":["Consume","Rip and Tear"],"picked":"BootSequence","floor":14.0},{"not_picked":["Thunder Strike","Seek"],"picked":"Creative AI+1","floor":16.0},{"not_picked":["Barrage","Steam"],"picked":"Self Repair+1","floor":18.0},{"not_picked":["Streamline","Amplify"],"picked":"Steam","floor":19.0},{"not_picked":["Compile Driver+1","Stack"],"picked":"Double Energy","floor":20.0},{"not_picked":["Rebound","Barrage","Hello World+1"],"picked":"SKIP","floor":25.0},{"not_picked":["Barrage","Sweeping Beam"],"picked":"Buffer+1","floor":27.0},{"not_picked":["Rebound+1","Recycle"],"picked":"Coolheaded","floor":28.0},{"not_picked":["Darkness","Undo"],"picked":"Cold Snap+1","floor":31.0},{"not_picked":["Thunder Strike","Seek"],"picked":"Machine Learning+1","floor":33.0},{"not_picked":["Rebound","Skim","Rip and Tear+1"],"picked":"SKIP","floor":35.0},{"not_picked":["Cold Snap+1","Leap","Beam Cell+1"],"picked":"SKIP","floor":37.0},{"not_picked":["Recycle+1","Conserve Battery","Go for the Eyes+1"],"picked":"SKIP","floor":38.0},{"not_picked":["Hologram","Recycle"],"picked":"Sunder","floor":39.0},{"not_picked":["Compile Driver","Ball Lightning+1","Beam Cell+1"],"picked":"SKIP","floor":40.0},{"not_picked":["Discovery","Chrysalis"],"picked":"Impatience","floor":41.0},{"not_picked":["Cold Snap+1","Gash+1","Genetic Algorithm"],"picked":"SKIP","floor":45.0},{"not_picked":["Leap+1","Streamline+1"],"picked":"Skim+1","floor":48.0}],"player_experience":606752,"relics_obtained":[{"floor":9.0,"key":"Frozen Egg 2"},{"floor":11.0,"key":"Centennial Puzzle"},{"floor":26.0,"key":"Mummified Hand"},{"floor":40.0,"key":"Meat on the Bone"},{"floor":40.0,"key":"Bag of Preparation"},{"floor":43.0,"key":"Juzu Bracelet"},{"floor":45.0,"key":"Potion Belt"},{"floor":45.0,"key":"MawBank"}],"event_choices":[{"damage_healed":0.0,"max_hp_gain":0.0,"max_hp_loss":0.0,"gold_gain":0.0,"event_name":"WeMeetAgain","player_choice":"Gave Potion","floor":5.0,"gold_loss":0.0,"damage_taken":0.0,"relics_obtained":["Symbiotic Virus"]},{"damage_healed":0.0,"max_hp_gain":0.0,"max_hp_loss":0.0,"gold_gain":0.0,"event_name":"The Library","player_choice":"Read","floor":21.0,"gold_loss":0.0,"damage_taken":0.0,"cards_obtained":["Go for the Eyes"]},{"damage_healed":0.0,"max_hp_gain":0.0,"max_hp_loss":0.0,"gold_gain":0.0,"event_name":"Ghosts","player_choice":"Ignored","floor":24.0,"gold_loss":0.0,"damage_taken":0.0},{"damage_healed":0.0,"max_hp_gain":0.0,"max_hp_loss":0.0,"gold_gain":99.0,"event_name":"Nest","player_choice":"Stole From Cult","floor":29.0,"gold_loss":0.0,"damage_taken":0.0},{"damage_healed":0.0,"max_hp_gain":0.0,"max_hp_loss":0.0,"gold_gain":0.0,"event_name":"SensoryStone","player_choice":"Memory 1","floor":41.0,"gold_loss":0.0,"damage_taken":0.0}],"is_beta":false,"boss_relics":[{"not_picked":["Fusion Hammer","Pandora\u0027s Box"],"picked":"Sozu"},{"not_picked":["Nuclear Battery","Lizard Tail"],"picked":"Black Star"}],"items_purged_floors":[3,36,47],"is_endless":false,"potions_floor_spawned":[1,4,11,20,27,28,31,38,39,45],"ascension_level":0}