{"gold_per_floor":[99,99,99,99,99,99,99,99,99,99,99,99,99,99,99,99,99,99,99,99,99,99],"floor_reached":22,"playtime":1692,"items_purged":[],"score":267,"play_id":"1f9b5561-ab4d-44d1-893c-c0aea66d5860","local_time":"20181211004908","is_ascension_mode":true,"campfire_choices":[{"data":"Darkness","floor":6,"key":"SMITH"},{"data":"Go for the Eyes","floor":8,"key":"SMITH"},{"data":"Leap","floor":10,"key":"SMITH"},{"floor":15,"key":"REST"}],"neow_cost":"NONE","seed_source_timestamp":16539031667052,"circlet_count":0,"master_deck":["Strike_B","Strike_B+1","Strike_B","Strike_B+1","Defend_B","Defend_B","Defend_B","Defend_B","Zap","Dualcast","Leap+1","Go for the Eyes+1","Darkness+1","Hologram","Machine Learning","Capacitor+1","Coolheaded+1","Melter+1"],"relics":["Ectoplasm","Whetstone","Juzu Bracelet","Boot","NlothsMask","Sozu"],"potions_floor_usage":[3,4,7,7,7,12,16,20],"damage_taken":[{"damage":8,"enemies":"Small Slimes","floor":1,"turns":3},{"damage":0,"enemies":"Cultist","floor":2,"turns":3},{"damage":2,"enemies":"2 Louse","floor":4,"turns":2},{"damage":7,"enemies":"Blue Slaver","floor":5,"turns":3},{"damage":10,"enemies":"Gremlin Nob","floor":7,"turns":3},{"damage":8,"enemies":"Lots of Slimes","floor":11,"turns":5},{"damage":5,"enemies":"Lagavulin","floor":12,"turns":5},{"damage":9,"enemies":"Exordium Thugs","floor":14,"turns":5},{"damage":28,"enemies":"Slime Boss","floor":16,"turns":6},{"damage":12,"enemies":"Chosen","floor":18,"turns":7},{"damage":9,"enemies":"Shell Parasite","floor":19,"turns":6},{"damage":27,"enemies":"Chosen and Byrds","floor":20,"turns":7},{"damage":18,"enemies":"Snake Plant","floor":22,"turns":4}],"seed_played":"-569827132476820067","potions_obtained":[{"floor":3,"key":"Fruit Juice"},{"floor":3,"key":"GamblersBrew"},{"floor":3,"key":"AttackPotion"},{"floor":4,"key":"AttackPotion"},{"floor":5,"key":"PowerPotion"},{"floor":11,"key":"Swift Potion"},{"floor":14,"key":"AttackPotion"},{"floor":16,"key":"SkillPotion"}],"is_trial":false,"path_per_floor":["M","M","?","M","M","R","E","R","T","R","M","E","?","M","R","B",null,"M","M","M","?","M"],"character_chosen":"DEFECT","items_purchased":[],"campfire_rested":1,"item_purchase_floors":[],"current_hp_per_floor":[60,60,65,63,56,56,46,46,46,46,38,33,33,24,48,20,65,53,44,17,17,0],"gold":99,"neow_bonus":"BOSS_RELIC","is_prod":false,"is_daily":false,"chose_seed":false,"campfire_upgraded":3,"win_rate":0,"timestamp":1544518148,"path_taken":["M","M","?","M","M","R","E","R","T","R","M","E","?","M","R","BOSS","M","M","M","?","M"],"build_version":"2018-12-06","purchased_purges":0,"victory":false,"max_hp_per_floor":[75,75,80,80,80,80,80,80,80,80,80,80,80,80,80,80,80,80,80,80,80,80],"card_choices":[{"not_picked":["Gash","Undo"],"picked":"Leap","floor":1},{"not_picked":["Blizzard","Coolheaded"],"picked":"Go for the Eyes","floor":2},{"not_picked":["BootSequence","Steam"],"picked":"Darkness","floor":4},{"not_picked":["Melter","Cold Snap","Static Discharge"],"picked":"SKIP","floor":5},{"not_picked":["Rip and Tear","Go for the Eyes","Thunder Strike"],"picked":"SKIP","floor":7},{"not_picked":["Conserve Battery","Sweeping Beam"],"picked":"Hologram","floor":11},{"not_picked":["Streamline","Undo","Heatsinks"],"picked":"SKIP","floor":12},{"not_picked":["Chill","Ball Lightning","Aggregate"],"picked":"SKIP","floor":14},{"not_picked":["Hyperbeam","Thunder Strike"],"picked":"Machine Learning","floor":16},{"not_picked":["Rebound","Streamline"],"picked":"Capacitor+1","floor":18},{"not_picked":["Barrage","Compile Driver"],"picked":"Coolheaded+1","floor":19},{"not_picked":["Barrage","Storm"],"picked":"Melter+1","floor":20}],"player_experience":222257,"relics_obtained":[{"floor":7,"key":"Whetstone"},{"floor":9,"key":"Juzu Bracelet"},{"floor":12,"key":"Boot"}],"event_choices":[{"damage_healed":0,"gold_gain":0,"player_choice":"Got Potions","damage_taken":0,"max_hp_gain":0,"max_hp_loss":0,"event_name":"Lab","floor":3,"gold_loss":0},{"damage_healed":0,"gold_gain":0,"player_choice":"Trade","damage_taken":0,"relics_obtained":["NlothsMask"],"max_hp_gain":0,"max_hp_loss":0,"event_name":"FaceTrader","floor":13,"gold_loss":0},{"damage_healed":0,"gold_gain":0,"player_choice":"Ignored","damage_taken":0,"max_hp_gain":0,"max_hp_loss":0,"event_name":"Vampires","floor":21,"gold_loss":0}],"is_beta":false,"boss_relics":[{"not_picked":["Calling Bell","Velvet Choker"],"picked":"Sozu"}],"items_purged_floors":[],"is_endless":false,"potions_floor_spawned":[4,5,11,14,16,20],"killed_by":"Snake Plant","ascension_level":7}