{"gold_per_floor":[116,129,129,144,160,160,187,206,230,230,245,273,29,29,29,29],"floor_reached":16,"playtime":1616,"items_purged":[],"score":129,"play_id":"482a6e66-05fe-4bcb-b07d-5787366186f1","local_time":"20181110171217","is_ascension_mode":true,"campfire_choices":[{"data":"Neutralize","floor":6,"key":"SMITH"},{"data":"Backstab","floor":10,"key":"SMITH"},{"floor":15,"key":"REST"}],"neow_cost":"NONE","seed_source_timestamp":969793438800106,"circlet_count":0,"master_deck":["Defend_G","Defend_G","Defend_G","Defend_G","Defend_G","Strike_G+1","Strike_G","Strike_G","Strike_G","Strike_G","Survivor","Neutralize+1","Impatience","Dagger Spray+1","Heel Hook","Backstab+1","Cloak And Dagger","Leg Sweep","Cloak And Dagger"],"relics":["Ring of the Snake","CultistMask","Art of War","Omamori","Whetstone","Pantograph"],"potions_floor_usage":[11,12,16,16],"damage_taken":[{"damage":0,"enemies":"Small Slimes","floor":1,"turns":5},{"damage":0,"enemies":"Cultist","floor":2,"turns":3},{"damage":2,"enemies":"Jaw Worm","floor":4,"turns":5},{"damage":6,"enemies":"Looter","floor":5,"turns":3},{"damage":25,"enemies":"Gremlin Nob","floor":7,"turns":5},{"damage":11,"enemies":"Exordium Wildlife","floor":8,"turns":5},{"damage":15,"enemies":"Exordium Thugs","floor":11,"turns":4},{"damage":5,"enemies":"3 Sentries","floor":12,"turns":10},{"damage":62,"enemies":"Hexaghost","floor":16,"turns":16}],"seed_played":"1250221387969937321","potions_obtained":[{"floor":1,"key":"SteroidPotion"},{"floor":5,"key":"Swift Potion"},{"floor":11,"key":"Energy Potion"},{"floor":12,"key":"Ancient Potion"},{"floor":14,"key":"FairyPotion"},{"floor":14,"key":"SneckoOil"}],"is_trial":false,"path_per_floor":["M","M","?","M","M","R","E","M","T","R","M","E","$","?","R","B"],"character_chosen":"THE_SILENT","items_purchased":["Pantograph"],"campfire_rested":1,"item_purchase_floors":[13],"current_hp_per_floor":[70,70,70,68,62,62,37,26,26,26,11,6,6,6,27,0],"gold":29,"neow_bonus":"RANDOM_COLORLESS","is_prod":false,"is_daily":false,"chose_seed":false,"campfire_upgraded":2,"win_rate":0,"timestamp":1541887937,"path_taken":["M","M","?","M","M","R","E","M","T","R","?","E","?","?","R","BOSS"],"build_version":"2018-11-08","purchased_purges":0,"victory":false,"max_hp_per_floor":[70,70,70,70,70,70,70,70,70,70,70,70,70,70,70,70],"card_choices":[{"not_picked":["Deflect","Blade Dance"],"picked":"Dagger Spray","floor":1},{"not_picked":["Acrobatics","Poisoned Stab"],"picked":"Heel Hook","floor":2},{"not_picked":["Deadly Poison","Outmaneuver","Envenom"],"picked":"SKIP","floor":4},{"not_picked":["Backflip","Acrobatics"],"picked":"Backstab","floor":5},{"not_picked":["Deadly Poison","Backflip"],"picked":"Cloak And Dagger","floor":7},{"not_picked":["Underhanded Strike","Deadly Poison"],"picked":"Leg Sweep","floor":8},{"not_picked":["Catalyst","Poisoned Stab"],"picked":"Cloak And Dagger","floor":11},{"not_picked":["Predator","Underhanded Strike","Prepared"],"picked":"SKIP","floor":12}],"player_experience":119944,"relics_obtained":[{"floor":7,"key":"Art of War"},{"floor":9,"key":"Omamori"},{"floor":12,"key":"Whetstone"}],"event_choices":[{"damage_healed":0,"gold_gain":0,"player_choice":"Trade","damage_taken":0,"relics_obtained":["CultistMask"],"max_hp_gain":0,"max_hp_loss":0,"event_name":"FaceTrader","floor":3,"gold_loss":0},{"damage_healed":0,"gold_gain":0,"player_choice":"Got Potions","damage_taken":0,"max_hp_gain":0,"max_hp_loss":0,"event_name":"Lab","floor":14,"gold_loss":0}],"is_beta":false,"boss_relics":[],"items_purged_floors":[],"is_endless":false,"potions_floor_spawned":[1,5,11,12],"killed_by":"Hexaghost","ascension_level":3}