{"gold_per_floor":[16,28,28,28,44,44,70,70,94,94,128,128,156,166,166,245,245,265,284,9,284,304,304,71,71,125,143,162,162,86,114,114,186,186,200,300,320,320,96,96,116,141,190,210,210,224,21,38,38,38],"floor_reached":50,"playtime":3910,"items_purged":["Regret","Parasite"],"score":975,"play_id":"f78203be-abd9-447d-aa82-9624b6f6440c","local_time":"20190205000124","is_ascension_mode":true,"campfire_choices":[{"data":"Armaments","floor":6,"key":"SMITH"},{"data":"Blood for Blood","floor":8,"key":"SMITH"},{"floor":10,"key":"REST"},{"floor":12,"key":"REST"},{"data":"Metallicize","floor":15,"key":"SMITH"},{"data":"Shockwave","floor":23,"key":"SMITH"},{"data":"Bloodletting","floor":25,"key":"SMITH"},{"data":"Hemokinesis","floor":32,"key":"SMITH"},{"data":"Pummel","floor":40,"key":"SMITH"},{"data":"Hemokinesis","floor":45,"key":"SMITH"},{"data":"Pommel Strike","floor":49,"key":"SMITH"}],"neow_cost":"NO_GOLD","seed_source_timestamp":261153796096724,"circlet_count":0,"master_deck":["AscendersBane","Strike_R+1","Strike_R","Strike_R","Strike_R","Defend_R","Defend_R","Defend_R","Bash","Blood for Blood+1","Shockwave","Uppercut+1","Armaments+1","Combust","Rupture","Metallicize+1","Offering","Twin Strike","Shockwave+1","Dropkick","Bloodletting+1","Spot Weakness","Heavy Blade+1","Ghostly Armor","Hemokinesis+1","Pommel Strike+1","Reaper","Pummel+1","Iron Wave","Reaper","Shrug It Off","Hemokinesis+1","Shrug It Off","Pummel","Offering","Panacea"],"relics":["Burning Blood","Odd Mushroom","Blood Vial","Meat on the Bone","Pantograph","Orrery","Bottled Lightning","Centennial Puzzle","Bronze Scales","Shuriken","Eternal Feather","Ginger","Lantern","Paper Frog","Anchor"],"potions_floor_usage":[11,13,22,28,31,31,41,42,42,46],"damage_taken":[{"damage":9,"enemies":"Jaw Worm","floor":1,"turns":3},{"damage":8,"enemies":"2 Louse","floor":2,"turns":3},{"damage":12,"enemies":"Small Slimes","floor":5,"turns":4},{"damage":14,"enemies":"The Mushroom Lair","floor":7,"turns":4},{"damage":29,"enemies":"3 Sentries","floor":11,"turns":8},{"damage":33,"enemies":"Lagavulin","floor":13,"turns":5},{"damage":9,"enemies":"3 Louse","floor":14,"turns":3},{"damage":27,"enemies":"The Guardian","floor":16,"turns":8},{"damage":35,"enemies":"2 Thieves","floor":18,"turns":4},{"damage":16,"enemies":"Shell Parasite","floor":19,"turns":4},{"damage":28,"enemies":"Snake Plant","floor":22,"turns":4},{"damage":11,"enemies":"3 Cultists","floor":27,"turns":4},{"damage":29,"enemies":"Sentry and Sphere","floor":28,"turns":5},{"damage":18,"enemies":"Book of Stabbing","floor":31,"turns":3},{"damage":39,"enemies":"Champ","floor":33,"turns":11},{"damage":32,"enemies":"3 Shapes","floor":35,"turns":5},{"damage":33,"enemies":"Mind Bloom Boss Battle","floor":36,"turns":4},{"damage":42,"enemies":"3 Darklings","floor":37,"turns":3},{"damage":34,"enemies":"Writhing Mass","floor":41,"turns":5},{"damage":55,"enemies":"Reptomancer","floor":42,"turns":5},{"damage":22,"enemies":"Jaw Worm Horde","floor":44,"turns":4},{"damage":27,"enemies":"Sphere and 2 Shapes","floor":46,"turns":4},{"damage":32,"enemies":"Maw","floor":48,"turns":6},{"damage":78,"enemies":"Donu and Deca","floor":50,"turns":5}],"seed_played":"-2742207085932761042","potions_obtained":[{"floor":1,"key":"Dexterity Potion"},{"floor":2,"key":"Weak Potion"},{"floor":11,"key":"BloodPotion"},{"floor":16,"key":"Swift Potion"},{"floor":27,"key":"EssenceOfSteel"},{"floor":28,"key":"Dexterity Potion"},{"floor":35,"key":"GamblersBrew"},{"floor":37,"key":"Poison Potion"},{"floor":41,"key":"Explosive Potion"},{"floor":42,"key":"Explosive Potion"}],"is_trial":false,"path_per_floor":["M","M","$","?","M","R","?","R","T","R","E","R","E","M","R","B",null,"M","M","$","?","M","R","$","R","T","M","M","?","$","E","R","B",null,"M","?","M","?","$","R","M","E","T","M","R","M","$","M","R","B"],"character_chosen":"IRONCLAD","items_purchased":["Bottled Lightning","Centennial Puzzle","Hemokinesis","Lantern","Shrug It Off","Panacea"],"campfire_rested":2,"item_purchase_floors":[20,24,30,39,39,47],"current_hp_per_floor":[65,63,63,40,34,34,26,26,26,48,27,49,43,54,54,54,70,55,47,47,47,39,39,39,39,39,48,39,32,32,34,34,40,66,54,61,48,48,48,66,52,53,53,51,72,53,53,45,66,0],"gold":38,"neow_bonus":"TRANSFORM_TWO_CARDS","is_prod":false,"is_daily":false,"chose_seed":false,"campfire_upgraded":9,"win_rate":0,"timestamp":1549353684,"path_taken":["M","M","$","?","M","R","?","R","T","R","E","R","E","M","R","BOSS","M","M","$","?","?","R","$","R","T","M","M","?","?","E","R","BOSS","M","?","M","?","$","R","M","E","T","M","R","M","$","?","R","BOSS"],"build_version":"2019-01-23","purchased_purges":2,"victory":false,"max_hp_per_floor":[75,75,75,75,75,75,75,75,75,75,75,75,75,75,75,75,75,75,75,75,75,75,75,75,75,75,75,75,75,75,75,75,75,75,75,75,75,75,75,75,75,75,75,75,75,75,72,72,72,72],"card_choices":[{"not_picked":["Infernal Blade","Burning Pact"],"picked":"Uppercut","floor":1},{"not_picked":["Twin Strike","Second Wind"],"picked":"Armaments","floor":2},{"not_picked":["Entrench","Sentinel","Body Slam"],"picked":"SKIP","floor":5},{"not_picked":["Sever Soul","Clothesline"],"picked":"Combust","floor":11},{"not_picked":["Warcry","Havoc"],"picked":"Rupture","floor":13},{"not_picked":["Heavy Blade","Iron Wave"],"picked":"Metallicize","floor":14},{"not_picked":["Immolate","Impervious"],"picked":"Offering","floor":16},{"not_picked":["Spot Weakness","Sever Soul"],"picked":"Twin Strike","floor":17},{"not_picked":["Flex","Pommel Strike"],"picked":"Shockwave","floor":17},{"not_picked":["Clothesline","Body Slam"],"picked":"Dropkick","floor":17},{"not_picked":["Twin Strike","Wild Strike"],"picked":"Bloodletting","floor":17},{"not_picked":["Brutality","Clothesline"],"picked":"Spot Weakness","floor":18},{"not_picked":["Pommel Strike","Sword Boomerang"],"picked":"Heavy Blade+1","floor":19},{"not_picked":["Havoc","Sword Boomerang","Anger"],"picked":"SKIP","floor":22},{"not_picked":["Perfected Strike","Clothesline"],"picked":"Ghostly Armor","floor":27},{"not_picked":["Searing Blow","Sentinel","Offering"],"picked":"SKIP","floor":28},{"not_picked":["Clash","Headbutt"],"picked":"Pommel Strike","floor":31},{"not_picked":["Dark Embrace","Immolate"],"picked":"Reaper","floor":33},{"not_picked":["Intimidate","Warcry","Thunderclap+1"],"picked":"SKIP","floor":35},{"not_picked":["Twin Strike","Dual Wield"],"picked":"Pummel","floor":36},{"not_picked":["Infernal Blade","Flex"],"picked":"Iron Wave","floor":37},{"not_picked":["Armaments","Clothesline"],"picked":"Hemokinesis","floor":41},{"not_picked":["Flex+1","Intimidate"],"picked":"Shrug It Off","floor":42},{"not_picked":["Fire Breathing","Clothesline"],"picked":"Pummel","floor":44},{"not_picked":["Body Slam","Anger+1"],"picked":"Offering","floor":46},{"not_picked":["Iron Wave","Pommel Strike","Heavy Blade"],"picked":"SKIP","floor":48}],"player_experience":549299,"relics_obtained":[{"floor":7,"key":"Odd Mushroom"},{"floor":9,"key":"Blood Vial"},{"floor":11,"key":"Meat on the Bone"},{"floor":13,"key":"Pantograph"},{"floor":26,"key":"Bronze Scales"},{"floor":31,"key":"Shuriken"},{"floor":36,"key":"Ginger"},{"floor":42,"key":"Paper Frog"},{"floor":43,"key":"Anchor"}],"event_choices":[{"damage_healed":0,"gold_gain":0,"player_choice":"Entered Light","damage_taken":23,"max_hp_gain":0,"max_hp_loss":0,"event_name":"Shining Light","floor":4,"gold_loss":0,"cards_upgraded":["Strike_R","Uppercut"]},{"damage_healed":0,"gold_gain":0,"player_choice":"Fought Mushrooms","damage_taken":0,"max_hp_gain":0,"max_hp_loss":0,"event_name":"Mushrooms","floor":7,"gold_loss":0},{"damage_healed":0,"gold_gain":275,"player_choice":"Desecrate","damage_taken":0,"max_hp_gain":0,"max_hp_loss":0,"event_name":"Golden Shrine","floor":21,"gold_loss":0,"cards_obtained":["Regret"]},{"damage_healed":0,"gold_gain":0,"player_choice":"","damage_taken":7,"max_hp_gain":0,"max_hp_loss":0,"event_name":"Knowing Skull","floor":29,"potions_obtained":[],"gold_loss":0,"cards_obtained":[]},{"damage_healed":0,"gold_gain":0,"player_choice":"Fight","damage_taken":0,"max_hp_gain":0,"max_hp_loss":0,"event_name":"MindBloom","floor":36,"gold_loss":0},{"damage_healed":0,"gold_gain":0,"player_choice":"Copied","damage_taken":0,"max_hp_gain":0,"max_hp_loss":0,"event_name":"Duplicator","floor":38,"gold_loss":0,"cards_obtained":["Reaper"]}],"is_beta":false,"boss_relics":[{"not_picked":["Runic Pyramid","White Beast Statue"],"picked":"Orrery"},{"not_picked":["Astrolabe","Philosopher\u0027s Stone"],"picked":"Eternal Feather"}],"items_purged_floors":[24,47],"is_endless":false,"potions_floor_spawned":[1,2,11,16,27,28,35,37,41,42],"killed_by":"Donu and Deca","ascension_level":17}