{"gold_per_floor":[117,117,132,307,321,321,365,365,365,365,383,408,408],"floor_reached":13,"playtime":651,"items_purged":[],"score":94,"play_id":"16b3d74c-7cf5-41cc-85b9-aa08b4bcccc7","local_time":"20181004161935","is_ascension_mode":true,"campfire_choices":[{"data":"Buffer","floor":6,"key":"SMITH"},{"data":"Dualcast","floor":8,"key":"SMITH"}],"neow_cost":"CURSE","seed_source_timestamp":795224206293684,"circlet_count":0,"master_deck":["Strike_B","Strike_B","Strike_B","Defend_B+1","Defend_B","Defend_B","Zap","Dualcast+1","Parasite","Recycle","Buffer+1","Coolheaded+1","Ball Lightning","Doubt","Coolheaded","Skim"],"relics":["Cracked Core","Golden Idol","Mummified Hand","War Paint","Darkstone Periapt"],"potions_floor_usage":[],"damage_taken":[{"damage":7,"enemies":"Small Slimes","floor":1,"turns":3},{"damage":9,"enemies":"Jaw Worm","floor":3,"turns":4},{"damage":0,"enemies":"Cultist","floor":5,"turns":4},{"damage":23,"enemies":"Lagavulin","floor":7,"turns":9},{"damage":0,"enemies":"3 Louse","floor":11,"turns":3},{"damage":9,"enemies":"Exordium Wildlife","floor":12,"turns":4},{"damage":7,"enemies":"Exordium Thugs","floor":13,"turns":1}],"seed_played":"-680696487400289562","potions_obtained":[{"floor":11,"key":"Dexterity Potion"},{"floor":12,"key":"Energy Potion"}],"is_trial":false,"path_per_floor":["M","?","M","?","M","R","E","R","T","?","M","M"],"character_chosen":"DEFECT","items_purchased":[],"campfire_rested":0,"item_purchase_floors":[],"current_hp_per_floor":[68,50,41,41,41,41,18,18,18,15,15,6,0],"gold":408,"neow_bonus":"TRANSFORM_TWO_CARDS","is_prod":false,"is_daily":false,"chose_seed":false,"campfire_upgraded":2,"win_rate":0,"timestamp":1538684375,"path_taken":["M","?","?","?","M","R","E","R","T","?","M","M","?"],"build_version":"2018-09-27","purchased_purges":0,"victory":false,"max_hp_per_floor":[75,75,75,75,75,75,75,75,75,75,75,75,75],"card_choices":[{"not_picked":["Beam Cell","Barrage"],"picked":"Coolheaded","floor":1},{"not_picked":["Consume","Compile Driver"],"picked":"Ball Lightning","floor":3},{"not_picked":["Rip and Tear","Rebound","Go for the Eyes"],"picked":"SKIP","floor":5},{"not_picked":["Rebound","Scrape"],"picked":"Coolheaded","floor":7},{"not_picked":["Meteor Strike","Rebound","Tempest"],"picked":"SKIP","floor":11},{"not_picked":["Aggregate","Beam Cell"],"picked":"Skim","floor":12}],"player_experience":55863,"relics_obtained":[{"floor":7,"key":"Mummified Hand"},{"floor":9,"key":"War Paint"}],"event_choices":[{"event_name":"Golden Idol","player_choice":"Take Damage","floor":2,"damage_taken":0},{"event_name":"Liars Game","player_choice":"agreed","floor":4,"damage_taken":0},{"event_name":"Scrap Ooze","player_choice":"success","floor":10,"damage_taken":3}],"is_beta":false,"boss_relics":[],"items_purged_floors":[],"is_endless":false,"potions_floor_spawned":[11,12],"killed_by":"Exordium Thugs","ascension_level":2}