{"gold_per_floor":[112,125,139,139,162,162,195,210,210,239,239,253,278,288,288,390,390,407,407,420,440,46,46,76,109,109,109,55,80,106,118,118,216,216,228,246,34,46,60,60,85,85,85,113,127,157,33,66,66,66,66,66,15,40,40],"floor_reached":55,"playtime":5065,"items_purged":["Defend_R"],"score":1134,"play_id":"77100bf6-9ac9-4373-a15a-b530b2d3d452","local_time":"20181122001352","is_ascension_mode":true,"campfire_choices":[{"floor":6,"key":"REST"},{"data":"Anger","floor":15,"key":"SMITH"},{"data":"Impervious","floor":23,"key":"SMITH"},{"data":"Shockwave","floor":27,"key":"SMITH"},{"data":"Bloodletting","floor":32,"key":"SMITH"},{"data":"Juggernaut","floor":40,"key":"SMITH"},{"floor":49,"key":"RECALL"},{"data":"Mayhem","floor":52,"key":"SMITH"}],"neow_cost":"NONE","seed_source_timestamp":58270538516617,"circlet_count":0,"master_deck":["Strike_R","Strike_R","Strike_R","Strike_R","Bash+1","Iron Wave+1","Anger+1","Dropkick","Perfected Strike+1","Shockwave+1","Anger+1","Twin Strike+1","Feed+1","Iron Wave+1","Impervious+1","Clothesline+1","Rage+1","Thunderclap+1","Pommel Strike+1","Pommel Strike+1","Sword Boomerang+1","Shrug It Off","Ghostly Armor","Wild Strike+1","Thunderclap+1","Wild Strike+1","Bloodletting+1","Perfected Strike+1","Juggernaut+1","Sword Boomerang+1","Shrug It Off+1","Mayhem+1","Perfected Strike+1","Sword Boomerang+1","Twin Strike+1","Anger+1","Metallicize","Fire Breathing","Inflame","Perfected Strike+1"],"relics":["Burning Blood","PreservedInsect","Molten Egg 2","Ancient Tea Set","Mummified Hand","Meat on the Bone","Pantograph","Gremlin Horn","Boot","Astrolabe","Whetstone","WingedGreaves","Strawberry","Unceasing Top","Mercury Hourglass","Oddly Smooth Stone","Philosopher\u0027s Stone","Bottled Tornado","Charon\u0027s Ashes","Darkstone Periapt","Nunchaku","StoneCalendar","Pear"],"potions_floor_usage":[12,13,14,16,25,30,30,33,36,44,48,50,50,54,55,55],"damage_taken":[{"damage":1,"enemies":"2 Louse","floor":1,"turns":2},{"damage":1,"enemies":"Jaw Worm","floor":2,"turns":5},{"damage":1,"enemies":"Cultist","floor":3,"turns":3},{"damage":21,"enemies":"Lagavulin","floor":7,"turns":5},{"damage":6,"enemies":"Looter","floor":8,"turns":3},{"damage":8,"enemies":"3 Sentries","floor":10,"turns":5},{"damage":4,"enemies":"Blue Slaver","floor":12,"turns":3},{"damage":0,"enemies":"Gremlin Nob","floor":13,"turns":2},{"damage":0,"enemies":"3 Louse","floor":14,"turns":1},{"damage":51,"enemies":"The Guardian","floor":16,"turns":12},{"damage":12,"enemies":"Chosen","floor":18,"turns":4},{"damage":22,"enemies":"2 Thieves","floor":20,"turns":3},{"damage":12,"enemies":"3 Cultists","floor":21,"turns":5},{"damage":8,"enemies":"Book of Stabbing","floor":24,"turns":3},{"damage":0,"enemies":"Gremlin Leader","floor":25,"turns":2},{"damage":20,"enemies":"Book of Stabbing","floor":29,"turns":3},{"damage":12,"enemies":"Slavers","floor":30,"turns":2},{"damage":4,"enemies":"Snecko","floor":31,"turns":4},{"damage":52,"enemies":"Automaton","floor":33,"turns":8},{"damage":0,"enemies":"Orb Walker","floor":35,"turns":3},{"damage":16,"enemies":"3 Shapes","floor":36,"turns":3},{"damage":10,"enemies":"Sphere and 2 Shapes","floor":38,"turns":2},{"damage":20,"enemies":"3 Darklings","floor":39,"turns":4},{"damage":15,"enemies":"Nemesis","floor":41,"turns":4},{"damage":3,"enemies":"Reptomancer","floor":44,"turns":2},{"damage":12,"enemies":"Jaw Worm Horde","floor":45,"turns":3},{"damage":20,"enemies":"Nemesis","floor":46,"turns":4},{"damage":5,"enemies":"Giant Head","floor":48,"turns":4},{"damage":62,"enemies":"Awakened One","floor":50,"turns":6},{"damage":47,"enemies":"Shield and Spear","floor":54,"turns":3},{"damage":116,"enemies":"The Heart","floor":55,"turns":5}],"seed_played":"631604536308094613","potions_obtained":[{"floor":7,"key":"Dexterity Potion"},{"floor":8,"key":"GamblersBrew"},{"floor":10,"key":"PowerPotion"},{"floor":13,"key":"Explosive Potion"},{"floor":18,"key":"Dexterity Potion"},{"floor":24,"key":"Weak Potion"},{"floor":25,"key":"LiquidBronze"},{"floor":29,"key":"Fire Potion"},{"floor":36,"key":"Fruit Juice"},{"floor":39,"key":"LiquidBronze"},{"floor":45,"key":"Strength Potion"},{"floor":46,"key":"AttackPotion"},{"floor":48,"key":"Explosive Potion"},{"floor":54,"key":"Dexterity Potion"}],"is_trial":false,"path_per_floor":["M","M","M","?","T","R","E","M","T","E","T","M","E","M","R","B",null,"M","?","M","M","$","R","E","E","T","R","?","E","E","M","R","B",null,"M","M","$","M","M","R","E","?","T","E","M","E","$","E","R","B",null,"R","$","E","B"],"character_chosen":"IRONCLAD","items_purchased":["Whetstone","Shrug It Off","Ghostly Armor","BloodPotion","Mayhem","Perfected Strike+1","Inflame","SkillPotion","Strength Potion"],"campfire_rested":1,"item_purchase_floors":[22,22,22,22,37,37,47,47,53],"current_hp_per_floor":[80,80,80,47,47,71,56,56,56,54,54,56,62,68,68,47,80,74,74,62,60,60,60,62,84,84,84,84,70,64,66,66,57,99,103,102,102,98,84,84,75,75,75,78,72,74,74,75,75,56,116,116,116,89,0],"gold":40,"neow_bonus":"RANDOM_COMMON_RELIC","is_prod":false,"is_daily":false,"chose_seed":false,"campfire_upgraded":6,"win_rate":0,"timestamp":1542874432,"path_taken":["M","M","M","?","?","R","E","M","T","E","?","M","E","M","R","BOSS","M","?","M","M","$","R","E","E","T","R","?","E","E","M","R","BOSS","M","M","$","M","?","R","E","?","T","E","M","E","$","E","R","BOSS","R","$","E","BOSS"],"build_version":"2018-11-15","purchased_purges":1,"victory":false,"max_hp_per_floor":[80,80,80,80,80,80,80,80,80,80,80,80,80,80,80,80,80,80,80,84,88,88,88,92,99,99,99,99,99,99,99,99,99,99,103,112,112,112,112,112,112,112,112,112,112,116,116,116,116,116,116,116,116,130,130],"card_choices":[{"not_picked":["Clothesline","Battle Trance"],"picked":"Iron Wave","floor":1},{"not_picked":["Pommel Strike","Entrench"],"picked":"Anger","floor":2},{"not_picked":["Sword Boomerang","Cleave"],"picked":"Dropkick","floor":3},{"not_picked":["Power Through","Armaments"],"picked":"Perfected Strike+1","floor":7},{"not_picked":["Power Through","Armaments"],"picked":"Shockwave","floor":8},{"not_picked":["Carnage+1","Entrench"],"picked":"Anger+1","floor":10},{"not_picked":["Ghostly Armor","Headbutt+1"],"picked":"Twin Strike+1","floor":12},{"not_picked":["Ghostly Armor","Spot Weakness"],"picked":"Feed+1","floor":13},{"not_picked":["Flex","Carnage+1"],"picked":"Iron Wave+1","floor":14},{"not_picked":["Fiend Fire+1","Immolate+1"],"picked":"Impervious","floor":16},{"not_picked":["Heavy Blade+1","Spot Weakness"],"picked":"Pommel Strike+1","floor":18},{"not_picked":["Thunderclap+1","Sword Boomerang+1"],"picked":"Pommel Strike+1","floor":20},{"not_picked":["Cleave+1","Thunderclap+1"],"picked":"Sword Boomerang+1","floor":21},{"not_picked":["Ghostly Armor","Blood for Blood+1"],"picked":"Wild Strike+1","floor":24},{"not_picked":["Blood for Blood+1","Armaments+1"],"picked":"Thunderclap+1","floor":25},{"not_picked":["Double Tap","Headbutt+1"],"picked":"Wild Strike+1","floor":29},{"not_picked":["Carnage+1","Cleave+1"],"picked":"Bloodletting","floor":30},{"not_picked":["Rampage+1","True Grit"],"picked":"Perfected Strike+1","floor":31},{"not_picked":["Limit Break","Bludgeon+1"],"picked":"Juggernaut","floor":33},{"not_picked":["Headbutt+1","Shockwave+1"],"picked":"Sword Boomerang+1","floor":35},{"not_picked":["Dropkick+1","Fire Breathing"],"picked":"Shrug It Off+1","floor":36},{"not_picked":["Rupture","Shockwave"],"picked":"Sword Boomerang+1","floor":38},{"not_picked":["Shockwave+1","Cleave+1"],"picked":"Twin Strike+1","floor":39},{"not_picked":["Cleave+1","Demon Form"],"picked":"Anger+1","floor":41},{"not_picked":["Thunderclap+1","Corruption+1","Flex+1"],"picked":"SKIP","floor":44},{"not_picked":["Bloodletting+1","Anger+1"],"picked":"Metallicize","floor":45},{"not_picked":["Thunderclap+1","Uppercut+1"],"picked":"Fire Breathing","floor":46},{"not_picked":["Twin Strike+1","Body Slam+1"],"picked":"Perfected Strike+1","floor":48},{"not_picked":["Offering","True Grit+1","Body Slam+1"],"picked":"SKIP","floor":54}],"player_experience":86683,"relics_obtained":[{"floor":5,"key":"Ancient Tea Set"},{"floor":7,"key":"Mummified Hand"},{"floor":9,"key":"Meat on the Bone"},{"floor":10,"key":"Pantograph"},{"floor":11,"key":"Gremlin Horn"},{"floor":13,"key":"Boot"},{"floor":24,"key":"WingedGreaves"},{"floor":25,"key":"Strawberry"},{"floor":29,"key":"Mercury Hourglass"},{"floor":30,"key":"Oddly Smooth Stone"},{"floor":41,"key":"Bottled Tornado"},{"floor":43,"key":"Charon\u0027s Ashes"},{"floor":44,"key":"Darkstone Periapt"},{"floor":46,"key":"Nunchaku"},{"floor":48,"key":"StoneCalendar"},{"floor":54,"key":"Pear"}],"event_choices":[{"damage_healed":0,"gold_gain":0,"player_choice":"Success","damage_taken":33,"relics_obtained":["Molten Egg 2"],"max_hp_gain":0,"max_hp_loss":0,"event_name":"Scrap Ooze","floor":4,"gold_loss":0},{"damage_healed":0,"gold_gain":0,"player_choice":"Ignored","damage_taken":0,"max_hp_gain":0,"max_hp_loss":0,"event_name":"Ghosts","floor":19,"gold_loss":0},{"damage_healed":0,"gold_gain":0,"player_choice":"Paid Gold","damage_taken":0,"relics_obtained":["Unceasing Top"],"max_hp_gain":0,"max_hp_loss":0,"event_name":"WeMeetAgain","floor":28,"gold_loss":54},{"cards_removed":["Strike_R"],"damage_healed":0,"gold_gain":0,"player_choice":"Removed Attack","damage_taken":0,"max_hp_gain":0,"max_hp_loss":0,"event_name":"Falling","floor":42,"gold_loss":0}],"is_beta":false,"boss_relics":[{"not_picked":["Ectoplasm","White Beast Statue"],"picked":"Astrolabe"},{"not_picked":["Velvet Choker","Empty Cage"],"picked":"Philosopher\u0027s Stone"}],"items_purged_floors":[22],"is_endless":false,"potions_floor_spawned":[7,8,10,13,18,24,25,29,36,39,45,46,48,54],"killed_by":"The Heart","ascension_level":2}