{"gold_per_floor":[116,116,116,41,41,41,61,76,101,101,101,142,163,181,181,311,311,330,330,349,363,387,387,412,412,412,412,447,42,42,60,60,191,191,210,233,233,246,53,53],"floor_reached":40,"playtime":3920,"items_purged":["Defend_B"],"score":712,"play_id":"0fef33da-6808-4886-aeac-8f3e188dea1f","local_time":"20190102000108","is_ascension_mode":true,"campfire_choices":[{"data":"Genetic Algorithm","floor":6,"key":"SMITH"},{"data":"Double Energy","floor":10,"key":"SMITH"},{"floor":15,"key":"REST"},{"data":"Buffer","floor":23,"key":"SMITH"},{"data":"Streamline","floor":25,"key":"SMITH"},{"floor":27,"key":"REST"},{"floor":32,"key":"REST"}],"neow_cost":"TEN_PERCENT_HP_LOSS","seed_source_timestamp":255361528822527,"circlet_count":0,"master_deck":["AscendersBane","Zap","Dualcast","Skim+1","Seek+1","Genetic Algorithm+1","BootSequence","Leap","Double Energy+1","Gash+1","Streamline+1","Buffer+1","Conserve Battery","Core Surge","Steam Power+1"],"relics":["Cracked Core","Mango","War Paint","Golden Idol","Omamori","Empty Cage","Pear","Oddly Smooth Stone","Ornamental Fan","Blood Vial","Lizard Tail","Sling"],"potions_floor_usage":[8,16,16,21,38,40],"damage_taken":[{"damage":1,"enemies":"Cultist","floor":1,"turns":3},{"damage":1,"enemies":"2 Louse","floor":7,"turns":2},{"damage":0,"enemies":"Small Slimes","floor":8,"turns":2},{"damage":16,"enemies":"Lagavulin","floor":12,"turns":9},{"damage":1,"enemies":"Looter","floor":13,"turns":3},{"damage":3,"enemies":"Blue Slaver","floor":14,"turns":5},{"damage":33,"enemies":"Slime Boss","floor":16,"turns":8},{"damage":14,"enemies":"2 Thieves","floor":18,"turns":4},{"damage":0,"enemies":"Shell Parasite","floor":20,"turns":4},{"damage":0,"enemies":"Snecko","floor":21,"turns":4},{"damage":5,"enemies":"Centurion and Healer","floor":22,"turns":6},{"damage":13,"enemies":"Snake Plant","floor":24,"turns":5},{"damage":41,"enemies":"Slavers","floor":28,"turns":8},{"damage":0,"enemies":"Chosen and Byrds","floor":31,"turns":6},{"damage":0,"enemies":"Automaton","floor":33,"turns":9},{"damage":0,"enemies":"3 Shapes","floor":35,"turns":6},{"damage":0,"enemies":"Orb Walker","floor":36,"turns":4},{"damage":3,"enemies":"Sphere and 2 Shapes","floor":38,"turns":6},{"damage":181,"enemies":"Nemesis","floor":40,"turns":10}],"seed_played":"-3258055340442271815","potions_obtained":[{"floor":7,"key":"Explosive Potion"},{"floor":12,"key":"PowerPotion"},{"floor":14,"key":"Explosive Potion"},{"floor":20,"key":"Ancient Potion"},{"floor":28,"key":"Energy Potion"},{"floor":33,"key":"SteroidPotion"},{"floor":36,"key":"Poison Potion"}],"is_trial":false,"path_per_floor":["M","?","?","$","?","R","M","M","T","R","?","E","M","M","R","B",null,"M","?","M","M","M","R","M","R","T","R","E","$","?","M","R","B",null,"M","M","?","M","$","E"],"character_chosen":"DEFECT","items_purchased":["Ornamental Fan","Blood Vial","Sling"],"campfire_rested":3,"item_purchase_floors":[29,29,39],"current_hp_per_floor":[67,78,71,71,71,71,70,70,70,70,50,34,33,30,54,21,67,53,53,53,53,48,48,35,35,45,72,31,31,31,33,60,62,85,87,89,89,88,88,0],"gold":53,"neow_bonus":"TRANSFORM_TWO_CARDS","is_prod":false,"is_daily":false,"chose_seed":false,"campfire_upgraded":4,"win_rate":0,"timestamp":1546416068,"path_taken":["M","?","?","$","?","R","?","M","T","R","?","E","M","M","R","BOSS","M","?","?","?","M","R","M","R","T","R","E","$","?","M","R","BOSS","M","M","?","M","$","E"],"build_version":"2018-12-20","purchased_purges":1,"victory":false,"max_hp_per_floor":[68,82,82,82,82,82,82,82,82,82,82,82,82,82,82,82,82,82,82,82,82,82,82,82,82,92,92,92,92,92,92,92,92,92,92,92,92,92,92,92],"card_choices":[{"not_picked":["Cold Snap","Melter"],"picked":"Genetic Algorithm","floor":1},{"not_picked":["Aggregate","Sweeping Beam"],"picked":"Leap","floor":7},{"not_picked":["Doom and Gloom","Compile Driver"],"picked":"Double Energy","floor":8},{"not_picked":["Sweeping Beam","Force Field"],"picked":"Gash","floor":12},{"not_picked":["Leap","Force Field"],"picked":"Streamline","floor":13},{"not_picked":["Barrage","Tempest","Sweeping Beam"],"picked":"SKIP","floor":14},{"not_picked":["Hyperbeam","Machine Learning"],"picked":"Buffer","floor":16},{"not_picked":["Double Energy","Stack","Cold Snap+1"],"picked":"SKIP","floor":18},{"not_picked":["Compile Driver","Blizzard","Stack"],"picked":"SKIP","floor":20},{"not_picked":["Leap","Turbo"],"picked":"Conserve Battery","floor":21},{"not_picked":["Static Discharge","Cold Snap","FTL"],"picked":"SKIP","floor":22},{"not_picked":["Rip and Tear+1","Cold Snap","Consume+1"],"picked":"SKIP","floor":24},{"not_picked":["Barrage","Lockon","Cold Snap"],"picked":"SKIP","floor":28},{"not_picked":["Fusion","Barrage","Static Discharge+1"],"picked":"SKIP","floor":31},{"not_picked":["Hyperbeam","Amplify"],"picked":"Core Surge","floor":33},{"not_picked":["Conserve Battery+1","Compile Driver","Redo+1"],"picked":"SKIP","floor":35},{"not_picked":["Turbo+1","Sweeping Beam+1","White Noise"],"picked":"SKIP","floor":36},{"not_picked":["FTL","Doom and Gloom"],"picked":"Steam Power+1","floor":38}],"player_experience":328877,"relics_obtained":[{"floor":9,"key":"War Paint"},{"floor":12,"key":"Omamori"},{"floor":26,"key":"Pear"},{"floor":28,"key":"Oddly Smooth Stone"}],"event_choices":[{"damage_healed":0,"gold_gain":0,"player_choice":"Success","damage_taken":3,"relics_obtained":["Mango"],"max_hp_gain":0,"max_hp_loss":0,"event_name":"Scrap Ooze","floor":2,"gold_loss":0},{"cards_removed":["Strike_B"],"damage_healed":0,"gold_gain":0,"player_choice":"Card Removal","damage_taken":7,"max_hp_gain":0,"max_hp_loss":0,"event_name":"Golden Wing","floor":3,"gold_loss":0},{"damage_healed":0,"gold_gain":0,"cards_transformed":["Strike_B"],"player_choice":"Transformed","damage_taken":0,"max_hp_gain":0,"max_hp_loss":0,"event_name":"Transmorgrifier","floor":5,"gold_loss":0,"cards_obtained":["BootSequence"]},{"damage_healed":0,"gold_gain":0,"player_choice":"Take Damage","damage_taken":20,"relics_obtained":["Golden Idol"],"max_hp_gain":0,"max_hp_loss":0,"event_name":"Golden Idol","floor":11,"gold_loss":0},{"cards_removed":["Defend_B"],"damage_healed":0,"gold_gain":0,"player_choice":"Offered Basic","damage_taken":0,"max_hp_gain":0,"max_hp_loss":0,"event_name":"Bonfire Elementals","floor":19,"gold_loss":0},{"damage_healed":0,"gold_gain":0,"player_choice":"Ignored","damage_taken":0,"max_hp_gain":0,"max_hp_loss":0,"event_name":"Cursed Tome","floor":30,"gold_loss":0},{"damage_healed":0,"gold_gain":0,"player_choice":"Upgraded","damage_taken":0,"max_hp_gain":0,"max_hp_loss":0,"event_name":"Upgrade Shrine","floor":37,"gold_loss":0,"cards_upgraded":["Gash"]}],"is_beta":false,"boss_relics":[{"not_picked":["Black Star","Runic Pyramid"],"picked":"Empty Cage"},{"not_picked":["Astrolabe","Coffee Dripper"],"picked":"Lizard Tail"}],"items_purged_floors":[4],"is_endless":false,"potions_floor_spawned":[7,12,14,20,28,33,36],"killed_by":"Nemesis","ascension_level":10}