{"gold_per_floor":[115,13,13,30,30,30,48,48,100,134,134,146,70,97,97,169,169,183,202,221,221,23,23,34,52,99,129,152,32,32,43,43,120,120,138,138,138,38,49,49,59,72,72,82,82,92,112,57,57,57],"floor_reached":50,"playtime":3797,"items_purged":["Strike_R","Strike_R"],"score":966,"play_id":"1ad23734-6ed2-43c9-a686-fc1779b80cf8","local_time":"20190912223055","is_ascension_mode":true,"campfire_choices":[{"data":"Panacea","floor":6.0,"key":"SMITH"},{"data":"Bash","floor":8.0,"key":"SMITH"},{"data":"Spot Weakness","floor":15.0,"key":"SMITH"},{"floor":23.0,"key":"REST"},{"floor":30.0,"key":"REST"},{"data":"Heavy Blade","floor":32.0,"key":"SMITH"},{"data":"Barricade","floor":40.0,"key":"SMITH"},{"data":"Entrench","floor":45.0,"key":"SMITH"},{"data":"Armaments","floor":49.0,"key":"SMITH"}],"neow_cost":"NONE","seed_source_timestamp":48441079163800,"circlet_count":0,"master_deck":["AscendersBane","Strike_R","Defend_R","Defend_R","Defend_R","Defend_R","Bash+1","Panacea+1","Cleave","Spot Weakness+1","Metallicize","Heavy Blade+1","Shrug It Off","Spot Weakness","Berserk","Flex","Barricade+1","Entrench+1","Metallicize","Anger","Seeing Red+1","Body Slam+1","Shrug It Off","Disarm","Reaper","Madness","Madness","PanicButton","Thinking Ahead","Entrench+1","Double Tap","Armaments+1"],"special_seed":0,"relics":["Burning Blood","NeowsBlessing","Vajra","Happy Flower","Gremlin Horn","Magic Flower","Runic Pyramid","Regal Pillow","MawBank","Velvet Choker","Bag of Marbles"],"potions_floor_usage":[50],"damage_taken":[{"damage":0.0,"enemies":"Cultist","floor":1.0,"turns":1.0},{"damage":0.0,"enemies":"Small Slimes","floor":4.0,"turns":1.0},{"damage":0.0,"enemies":"2 Louse","floor":7.0,"turns":1.0},{"damage":25.0,"enemies":"Lagavulin","floor":10.0,"turns":7.0},{"damage":2.0,"enemies":"Red Slaver","floor":12.0,"turns":4.0},{"damage":18.0,"enemies":"Gremlin Nob","floor":14.0,"turns":4.0},{"damage":51.0,"enemies":"The Guardian","floor":16.0,"turns":12.0},{"damage":16.0,"enemies":"3 Byrds","floor":18.0,"turns":5.0},{"damage":19.0,"enemies":"Spheric Guardian","floor":19.0,"turns":4.0},{"damage":32.0,"enemies":"Centurion and Healer","floor":20.0,"turns":6.0},{"damage":32.0,"enemies":"Snake Plant","floor":24.0,"turns":3.0},{"damage":33.0,"enemies":"Shelled Parasite and Fungi","floor":25.0,"turns":5.0},{"damage":7.0,"enemies":"Cultist and Chosen","floor":27.0,"turns":6.0},{"damage":12.0,"enemies":"Centurion and Healer","floor":28.0,"turns":6.0},{"damage":31.0,"enemies":"Snake Plant","floor":31.0,"turns":6.0},{"damage":5.0,"enemies":"Automaton","floor":33.0,"turns":9.0},{"damage":56.0,"enemies":"3 Darklings","floor":35.0,"turns":10.0},{"damage":9.0,"enemies":"3 Shapes","floor":39.0,"turns":28.0},{"damage":51.0,"enemies":"Transient","floor":41.0,"turns":6.0},{"damage":54.0,"enemies":"Jaw Worm Horde","floor":42.0,"turns":19.0},{"damage":27.0,"enemies":"Maw","floor":44.0,"turns":12.0},{"damage":11.0,"enemies":"Writhing Mass","floor":46.0,"turns":13.0},{"damage":57.0,"enemies":"3 Darklings","floor":47.0,"turns":14.0},{"damage":80,"enemies":"Time Eater","floor":50,"turns":7}],"seed_played":"8675014266603854702","potions_obtained":[{"floor":1.0,"key":"BloodPotion"},{"floor":10.0,"key":"SpeedPotion"},{"floor":18.0,"key":"SteroidPotion"},{"floor":20.0,"key":"Swift Potion"},{"floor":31.0,"key":"LiquidBronze"},{"floor":33.0,"key":"Block Potion"},{"floor":39.0,"key":"AttackPotion"},{"floor":44.0,"key":"GamblersBrew"},{"floor":46.0,"key":"Energy Potion"},{"floor":47.0,"key":"SkillPotion"}],"is_trial":false,"path_per_floor":["M","$","?","M","?","R","M","R","T","E","?","M","$","E","R","B",null,"M","M","M","?","$","R","M","M","T","M","M","$","R","M","R","B",null,"M","?","?","$","M","R","M","M","T","M","R","M","M","$","R","B"],"character_chosen":"IRONCLAD","items_purchased":["Panacea","Heavy Blade","Shrug It Off","Entrench","Metallicize","Shrug It Off","Regen Potion","Armaments"],"campfire_rested":2,"item_purchase_floors":[2,13,13,22,22,29,29,48],"current_hp_per_floor":[74,74,63,69,69,69,75,75,75,56,56,60,60,48,48,33,65,58,48,25,25,25,62,39,15,15,17,14,14,51,53,53,57,71,75,61,51,51,75,75,65,75,75,75,75,75,75,75,75,0],"gold":57,"neow_bonus":"THREE_ENEMY_KILL","is_prod":false,"is_daily":false,"chose_seed":false,"campfire_upgraded":7,"win_rate":0,"timestamp":1568352655,"path_taken":["M","$","?","M","?","R","?","R","T","E","?","M","$","E","R","BOSS","M","M","?","?","$","R","M","M","T","M","M","$","R","M","R","BOSS","M","?","?","$","M","R","M","M","T","M","R","M","M","$","R","BOSS"],"build_version":"2019-07-17","purchased_purges":2,"victory":false,"max_hp_per_floor":[75,75,75,75,75,75,75,75,75,75,75,75,75,75,75,75,75,75,75,75,75,75,75,75,75,75,75,75,75,75,75,75,75,75,75,75,75,75,75,75,75,75,75,75,75,75,75,75,75,75],"card_choices":[{"not_picked":["Entrench","Flex","Second Wind"],"picked":"SKIP","floor":1.0},{"not_picked":["Seeing Red","Headbutt"],"picked":"Cleave","floor":4.0},{"not_picked":["Perfected Strike","Body Slam"],"picked":"Spot Weakness","floor":7.0},{"not_picked":["Iron Wave","Juggernaut"],"picked":"Metallicize","floor":10.0},{"not_picked":["Perfected Strike","Sever Soul","Body Slam"],"picked":"SKIP","floor":12.0},{"not_picked":["Rupture","Combust"],"picked":"Spot Weakness","floor":14.0},{"not_picked":["Barricade","Exhume"],"picked":"Berserk","floor":16.0},{"not_picked":["Clash","Clothesline","Entrench"],"picked":"SKIP","floor":18.0},{"not_picked":["Corruption","Shockwave"],"picked":"Flex","floor":19.0},{"not_picked":["Heavy Blade","Flame Barrier"],"picked":"Barricade","floor":20.0},{"not_picked":["Sword Boomerang","True Grit"],"picked":"Anger","floor":24.0},{"not_picked":["Limit Break","Corruption"],"picked":"Seeing Red+1","floor":25.0},{"not_picked":["Blood for Blood","Warcry"],"picked":"Body Slam+1","floor":27.0},{"not_picked":["Infernal Blade","Perfected Strike","Reckless Charge+1"],"picked":"SKIP","floor":28.0},{"not_picked":["Body Slam","Warcry"],"picked":"Disarm","floor":31.0},{"not_picked":["Juggernaut","Limit Break"],"picked":"Reaper","floor":33.0},{"not_picked":["Thunderclap","Sentinel","Heavy Blade"],"picked":"SKIP","floor":35.0},{"not_picked":["Finesse","Dramatic Entrance"],"picked":"PanicButton","floor":37.0},{"not_picked":["Swift Strike","Mind Blast"],"picked":"Thinking Ahead","floor":37.0},{"not_picked":["Sword Boomerang","Anger","Searing Blow+1"],"picked":"SKIP","floor":39.0},{"not_picked":["Perfected Strike","Heavy Blade","Sword Boomerang"],"picked":"SKIP","floor":41.0},{"not_picked":["Thunderclap","Havoc","Heavy Blade"],"picked":"SKIP","floor":42.0},{"not_picked":["Sever Soul","True Grit"],"picked":"Entrench+1","floor":44.0},{"not_picked":["Sword Boomerang","Headbutt","Anger"],"picked":"SKIP","floor":46.0},{"not_picked":["Rage","Flex"],"picked":"Double Tap","floor":47.0}],"player_experience":721606,"relics_obtained":[{"floor":9.0,"key":"Happy Flower"},{"floor":10.0,"key":"Gremlin Horn"},{"floor":14.0,"key":"Magic Flower"},{"floor":26.0,"key":"MawBank"},{"floor":43.0,"key":"Bag of Marbles"}],"event_choices":[{"damage_healed":0.0,"max_hp_gain":0.0,"max_hp_loss":0.0,"gold_gain":0.0,"event_name":"Scrap Ooze","player_choice":"Success","floor":3.0,"gold_loss":0.0,"damage_taken":11.0,"relics_obtained":["Vajra"]},{"cards_removed":["Strike_R"],"damage_healed":0.0,"max_hp_gain":0.0,"max_hp_loss":0.0,"gold_gain":0.0,"event_name":"Purifier","player_choice":"Purged","floor":5.0,"gold_loss":0.0,"damage_taken":0.0},{"cards_removed":["Strike_R"],"damage_healed":0.0,"max_hp_gain":0.0,"max_hp_loss":0.0,"gold_gain":0.0,"event_name":"Bonfire Elementals","player_choice":"Offered Basic","floor":11.0,"gold_loss":0.0,"damage_taken":0.0},{"damage_healed":0.0,"max_hp_gain":0.0,"max_hp_loss":0.0,"gold_gain":0.0,"event_name":"WeMeetAgain","player_choice":"Gave Potion","floor":21.0,"gold_loss":0.0,"damage_taken":0.0,"relics_obtained":["Regal Pillow"]},{"damage_healed":0.0,"max_hp_gain":0.0,"max_hp_loss":0.0,"gold_gain":0.0,"event_name":"Winding Halls","player_choice":"Embrace Madness","floor":36.0,"gold_loss":0.0,"damage_taken":14.0,"cards_obtained":["Madness","Madness"]},{"damage_healed":0.0,"max_hp_gain":0.0,"max_hp_loss":0.0,"gold_gain":0.0,"event_name":"SensoryStone","player_choice":"Memory 3","floor":37.0,"gold_loss":0.0,"damage_taken":10.0}],"is_beta":false,"boss_relics":[{"not_picked":["Tiny House","Fusion Hammer"],"picked":"Runic Pyramid"},{"not_picked":["Calling Bell","Eternal Feather"],"picked":"Velvet Choker"}],"items_purged_floors":[22,38],"is_endless":false,"potions_floor_spawned":[1,10,18,20,31,33,39,44,46,47],"killed_by":"Time Eater","ascension_level":20}