{"gold_per_floor":[111,124,140,65,65,65,79,92,119,152,164,8,8,83,83,179,179,196,214,229,56,56,56,68,68,95,127,127,139,158,44,44,147,197,215,215,215,8,28,28],"floor_reached":40,"playtime":6017,"items_purged":["Strike_G","Strike_G","Writhe"],"score":433,"play_id":"adc6685f-5fa6-4c7d-8697-4e5da13c340c","local_time":"20190905225428","is_ascension_mode":false,"campfire_choices":[{"data":"Night Terror","floor":6,"key":"SMITH"},{"floor":13,"key":"REST"},{"data":"Envenom","floor":15,"key":"SMITH"},{"data":"A Thousand Cuts","floor":23,"key":"SMITH"},{"floor":25,"key":"REST"},{"floor":32,"key":"REST"}],"neow_cost":"NONE","seed_source_timestamp":514377790708670,"circlet_count":0,"master_deck":["Strike_G+1","Strike_G+1","Defend_G","Defend_G","Defend_G","Defend_G","Survivor","Neutralize","Impatience","Dodge and Roll","Flying Knee","Night Terror+1","All Out Attack","Dagger Spray","Envenom+1","A Thousand Cuts+1","Crippling Poison","Bane","Caltrops","Footwork","Night Terror","Backflip+1","Setup","Malaise","Dash","PiercingWail+1","Noxious Fumes","Leg Sweep","Footwork+1","Corpse Explosion","Blur","Sadistic Nature","Mind Blast","Good Instincts","Bandage Up","Catalyst+1"],"relics":["Ring of the Snake","Bronze Scales","Dream Catcher","Oddly Smooth Stone","Velvet Choker","Boot","Vajra","Tiny House"],"potions_floor_usage":[10,16,18,24,27,29,33,33,33,40],"damage_taken":[{"damage":2,"enemies":"Small Slimes","floor":1,"turns":5},{"damage":0,"enemies":"2 Louse","floor":2,"turns":4},{"damage":4,"enemies":"Jaw Worm","floor":3,"turns":6},{"damage":7,"enemies":"Blue Slaver","floor":7,"turns":4},{"damage":0,"enemies":"3 Louse","floor":8,"turns":3},{"damage":13,"enemies":"Lagavulin","floor":10,"turns":6},{"damage":2,"enemies":"Exordium Wildlife","floor":11,"turns":2},{"damage":26,"enemies":"The Guardian","floor":16,"turns":15},{"damage":9,"enemies":"Spheric Guardian","floor":18,"turns":5},{"damage":1,"enemies":"Shell Parasite","floor":19,"turns":6},{"damage":15,"enemies":"Shelled Parasite and Fungi","floor":20,"turns":6},{"damage":8,"enemies":"Sentry and Sphere","floor":24,"turns":5},{"damage":27,"enemies":"Book of Stabbing","floor":27,"turns":6},{"damage":0,"enemies":"Snake Plant","floor":29,"turns":4},{"damage":18,"enemies":"Centurion and Healer","floor":30,"turns":5},{"damage":16,"enemies":"Collector","floor":33,"turns":10},{"damage":32,"enemies":"Orb Walker","floor":35,"turns":5},{"damage":13,"enemies":"3 Darklings","floor":39,"turns":3},{"damage":40,"enemies":"Reptomancer","floor":40,"turns":2}],"seed_played":"-530844174387555790","potions_obtained":[{"floor":3,"key":"SkillPotion"},{"floor":7,"key":"GamblersBrew"},{"floor":16,"key":"EntropicBrew"},{"floor":24,"key":"Swift Potion"},{"floor":27,"key":"Energy Potion"},{"floor":30,"key":"Energy Potion"},{"floor":34,"key":"Energy Potion"}],"is_trial":false,"path_per_floor":["M","M","M","$","?","R","M","M","T","E","M","$","R","?","R","B",null,"M","M","M","$","?","R","M","R","T","E","?","M","M","$","R","B",null,"M","?","?","$","M","E"],"character_chosen":"THE_SILENT","items_purchased":["Oddly Smooth Stone","Caltrops","Noxious Fumes","Leg Sweep","Bandage Up"],"campfire_rested":3,"item_purchase_floors":[12,21,31,31,38],"current_hp_per_floor":[68,68,64,64,50,50,43,43,43,30,28,28,49,38,38,12,70,61,60,45,45,45,45,37,58,58,31,31,31,13,13,34,18,75,43,62,52,52,39,0],"gold":28,"neow_bonus":"RANDOM_COLORLESS","is_prod":false,"is_daily":false,"chose_seed":false,"campfire_upgraded":3,"win_rate":0,"timestamp":1567738468,"path_taken":["M","M","M","$","?","R","M","M","T","E","M","$","R","?","R","BOSS","M","M","M","$","?","R","M","R","T","E","?","M","M","$","R","BOSS","M","?","?","$","M","E"],"build_version":"2019-07-17","purchased_purges":3,"victory":false,"max_hp_per_floor":[70,70,70,70,70,70,70,70,70,70,70,70,70,70,70,70,70,70,70,70,70,70,70,70,70,70,70,70,70,70,70,70,70,75,75,75,75,75,75,75],"card_choices":[{"not_picked":["Finisher","Choke"],"picked":"Dodge and Roll","floor":1},{"not_picked":["Poisoned Stab","Endless Agony"],"picked":"Flying Knee","floor":2},{"not_picked":["Prepared","Calculated Gamble"],"picked":"Night Terror","floor":3},{"not_picked":["Cloak And Dagger","Blade Dance"],"picked":"All Out Attack","floor":7},{"not_picked":["Slice","Dagger Throw","Expertise"],"picked":"SKIP","floor":8},{"not_picked":["Setup","Sucker Punch"],"picked":"Dagger Spray","floor":10},{"not_picked":["Dagger Throw","Masterful Stab","Sucker Punch"],"picked":"SKIP","floor":11},{"not_picked":["Terror","Heel Hook"],"picked":"Envenom","floor":13},{"not_picked":["Envenom","Night Terror"],"picked":"A Thousand Cuts","floor":16},{"not_picked":["Slice","Masterful Stab","Flying Knee"],"picked":"SKIP","floor":18},{"not_picked":["Terror","Reflex"],"picked":"Crippling Poison","floor":19},{"not_picked":["Dash","Underhanded Strike+1"],"picked":"Bane","floor":20},{"not_picked":["Concentrate","Masterful Stab"],"picked":"Backflip","floor":24},{"not_picked":["Underhanded Strike","Acrobatics+1"],"picked":"Setup","floor":25},{"not_picked":["Heel Hook","Bane"],"picked":"Malaise","floor":27},{"not_picked":["Riddle With Holes","Blade Dance"],"picked":"Dash","floor":29},{"not_picked":["Backflip+1","Distraction"],"picked":"PiercingWail+1","floor":30},{"not_picked":["Slice","Underhanded Strike+1"],"picked":"Footwork+1","floor":32},{"not_picked":["Bullet Time","Storm of Steel"],"picked":"Corpse Explosion","floor":33},{"not_picked":["Acrobatics","Poisoned Stab"],"picked":"Blur","floor":34},{"not_picked":["Deflect+1","Cloak And Dagger+1","Acrobatics"],"picked":"SKIP","floor":35},{"not_picked":["Trip","Madness"],"picked":"Sadistic Nature","floor":37},{"not_picked":["Impatience","Magnetism"],"picked":"Mind Blast","floor":37},{"not_picked":["Forethought","Secret Weapon"],"picked":"Good Instincts","floor":37},{"not_picked":["Choke","Dodge and Roll"],"picked":"Catalyst+1","floor":39}],"player_experience":249433,"relics_obtained":[{"floor":9,"key":"Bronze Scales"},{"floor":10,"key":"Dream Catcher"},{"floor":26,"key":"Boot"},{"floor":27,"key":"Vajra"}],"event_choices":[{"damage_healed":0,"gold_gain":0,"player_choice":"Entered Light","damage_taken":14,"max_hp_gain":0,"max_hp_loss":0,"event_name":"Shining Light","floor":5,"gold_loss":0,"cards_upgraded":["Strike_G","Strike_G"]},{"damage_healed":0,"gold_gain":75,"player_choice":"Gather Gold","damage_taken":11,"max_hp_gain":0,"max_hp_loss":0,"event_name":"World of Goop","floor":14,"gold_loss":0},{"damage_healed":0,"gold_gain":0,"cards_transformed":["Strike_G","Defend_G"],"player_choice":"Became Test Subject","damage_taken":0,"max_hp_gain":0,"max_hp_loss":0,"event_name":"Drug Dealer","floor":22,"gold_loss":0,"cards_obtained":["Footwork","Night Terror"]},{"damage_healed":0,"gold_gain":0,"player_choice":"Ignored","damage_taken":0,"max_hp_gain":0,"max_hp_loss":0,"event_name":"Beggar","floor":28,"gold_loss":0},{"damage_healed":19,"gold_gain":0,"player_choice":"Writhe","damage_taken":0,"max_hp_gain":0,"max_hp_loss":0,"event_name":"Winding Halls","floor":36,"gold_loss":0,"cards_obtained":["Writhe"]},{"damage_healed":0,"gold_gain":0,"player_choice":"Memory 3","damage_taken":10,"max_hp_gain":0,"max_hp_loss":0,"event_name":"SensoryStone","floor":37,"gold_loss":0}],"is_beta":false,"boss_relics":[{"not_picked":["Empty Cage","Sozu"],"picked":"Velvet Choker"},{"not_picked":["HoveringKite","White Beast Statue"],"picked":"Tiny House"}],"items_purged_floors":[4,21,38],"is_endless":false,"potions_floor_spawned":[3,7,16,24,27,30],"killed_by":"Reptomancer","ascension_level":0}