{"gold_per_floor":[116,116,129,147,147,147,174,16,64,78,78,93,18,46,46,46],"floor_reached":16,"playtime":834,"items_purged":["Strike_R"],"score":204,"play_id":"203f0784-0105-4ba1-9a4f-4578098b8ef1","local_time":"20190204022605","is_ascension_mode":true,"campfire_choices":[{"data":"Hemokinesis","floor":6,"key":"SMITH"},{"data":"Clothesline","floor":11,"key":"SMITH"},{"data":"Shockwave","floor":15,"key":"SMITH"}],"neow_cost":"NONE","seed_source_timestamp":232780806435482,"circlet_count":0,"master_deck":["AscendersBane","Strike_R","Strike_R","Defend_R","Defend_R","Defend_R","Defend_R","Bash","Hemokinesis+1","Carnage","Clothesline+1","Intimidate","Rupture","Infernal Blade","Infernal Blade","Shockwave+1","Shrug It Off"],"relics":["Burning Blood","NeowsBlessing","Omamori","Anchor","Bag of Preparation"],"potions_floor_usage":[14],"damage_taken":[{"damage":0,"enemies":"2 Louse","floor":1,"turns":1},{"damage":0,"enemies":"Cultist","floor":3,"turns":1},{"damage":0,"enemies":"Jaw Worm","floor":4,"turns":1},{"damage":29,"enemies":"Lagavulin","floor":7,"turns":5},{"damage":12,"enemies":"Lots of Slimes","floor":10,"turns":5},{"damage":0,"enemies":"Large Slime","floor":12,"turns":4},{"damage":15,"enemies":"Gremlin Nob","floor":14,"turns":3},{"damage":40,"enemies":"Hexaghost","floor":16,"turns":7}],"seed_played":"438443276212026520","potions_obtained":[{"floor":7,"key":"Weak Potion"},{"floor":10,"key":"FearPotion"},{"floor":14,"key":"FearPotion"}],"is_trial":false,"path_per_floor":["M","?","M","M","?","R","E","$","T","M","R","M","$","E","R","B"],"character_chosen":"IRONCLAD","items_purchased":["Rupture","Infernal Blade"],"campfire_rested":0,"item_purchase_floors":[8,8],"current_hp_per_floor":[74,74,75,75,68,68,45,45,45,39,39,45,45,36,36,0],"gold":46,"neow_bonus":"THREE_ENEMY_KILL","is_prod":false,"is_daily":false,"chose_seed":false,"campfire_upgraded":3,"win_rate":0,"timestamp":1549275965,"path_taken":["M","?","M","?","?","R","E","?","T","?","R","M","$","E","R","BOSS"],"build_version":"2019-01-23","purchased_purges":1,"victory":false,"max_hp_per_floor":[75,75,75,75,75,75,75,75,75,75,75,75,75,75,75,75],"card_choices":[{"not_picked":["Armaments","Anger"],"picked":"Hemokinesis","floor":1},{"not_picked":["Clash","Warcry"],"picked":"Carnage","floor":3},{"not_picked":["Warcry","Headbutt"],"picked":"Clothesline","floor":4},{"not_picked":["Iron Wave","Limit Break"],"picked":"Intimidate","floor":7},{"not_picked":["Pommel Strike","Thunderclap"],"picked":"Infernal Blade","floor":10},{"not_picked":["Twin Strike","Heavy Blade"],"picked":"Shockwave","floor":12},{"not_picked":["Entrench","Whirlwind"],"picked":"Shrug It Off","floor":14}],"player_experience":548465,"relics_obtained":[{"floor":7,"key":"Omamori"},{"floor":9,"key":"Anchor"},{"floor":14,"key":"Bag of Preparation"}],"event_choices":[{"cards_removed":["Strike_R"],"damage_healed":0,"gold_gain":0,"player_choice":"Offered Basic","damage_taken":0,"max_hp_gain":0,"max_hp_loss":0,"event_name":"Bonfire Elementals","floor":2,"gold_loss":0},{"cards_removed":["Strike_R"],"damage_healed":0,"gold_gain":0,"player_choice":"Card Removal","damage_taken":7,"max_hp_gain":0,"max_hp_loss":0,"event_name":"Golden Wing","floor":5,"gold_loss":0}],"is_beta":false,"boss_relics":[],"items_purged_floors":[13],"is_endless":false,"potions_floor_spawned":[7,10,14],"killed_by":"Hexaghost","ascension_level":17}