{"gold_per_floor":[11,22,22,22,22,55,55,67,67,83,8,8,39,59,59,59],"floor_reached":16,"playtime":1043,"items_purged":["Strike_R"],"score":220,"play_id":"45742402-e4d8-4b5c-bafe-9f79d8b54daf","local_time":"20190613195514","is_ascension_mode":true,"campfire_choices":[{"floor":7,"key":"REST"},{"floor":12,"key":"REST"},{"data":"Shockwave","floor":15,"key":"SMITH"}],"neow_cost":"NO_GOLD","seed_source_timestamp":695574316130578,"circlet_count":0,"master_deck":["AscendersBane","Strike_R","Strike_R","Strike_R+1","Strike_R","Defend_R","Defend_R","Defend_R","Defend_R","Bash","Spot Weakness+1","Headbutt","Twin Strike","Shockwave+1","Metallicize","Impervious","Shrug It Off"],"relics":["Burning Blood","Kunai","Ancient Tea Set"],"potions_floor_usage":[6,6,14],"damage_taken":[{"damage":7,"enemies":"Cultist","floor":1,"turns":4},{"damage":5,"enemies":"Small Slimes","floor":2,"turns":4},{"damage":37,"enemies":"Gremlin Nob","floor":6,"turns":4},{"damage":6,"enemies":"Jaw Worm","floor":8,"turns":4},{"damage":11,"enemies":"Exordium Wildlife","floor":10,"turns":4},{"damage":23,"enemies":"Lagavulin","floor":13,"turns":6},{"damage":16,"enemies":"Lots of Slimes","floor":14,"turns":5},{"damage":44,"enemies":"Hexaghost","floor":16,"turns":10}],"seed_played":"-5394958087106585876","potions_obtained":[{"floor":1,"key":"GamblersBrew"},{"floor":2,"key":"GamblersBrew"},{"floor":13,"key":"Swift Potion"}],"is_trial":false,"path_per_floor":["M","M","?","$","?","E","R","M","T","M","$","R","E","M","R","B"],"character_chosen":"IRONCLAD","items_purchased":[],"campfire_rested":2,"item_purchase_floors":[],"current_hp_per_floor":[81,82,55,55,55,24,50,50,50,45,45,71,54,44,44,0],"gold":59,"neow_bonus":"TWENTY_PERCENT_HP_BONUS","is_prod":false,"is_daily":false,"chose_seed":false,"campfire_upgraded":1,"win_rate":0,"timestamp":1560480914,"path_taken":["M","?","?","$","?","E","R","M","T","?","?","R","E","M","R","BOSS"],"build_version":"2019-01-23","purchased_purges":1,"victory":false,"max_hp_per_floor":[89,89,89,89,89,89,89,89,89,89,89,89,89,89,89,89],"card_choices":[{"not_picked":["Sever Soul","Headbutt"],"picked":"Spot Weakness","floor":1},{"not_picked":["Burning Pact","Second Wind"],"picked":"Headbutt","floor":2},{"not_picked":["Heavy Blade","Thunderclap"],"picked":"Twin Strike","floor":6},{"not_picked":["Wild Strike","Flex"],"picked":"Shockwave","floor":8},{"not_picked":["Body Slam","Spot Weakness"],"picked":"Metallicize","floor":10},{"not_picked":["Anger","Heavy Blade"],"picked":"Impervious","floor":13},{"not_picked":["Corruption","Iron Wave"],"picked":"Shrug It Off","floor":14}],"player_experience":1033634,"relics_obtained":[{"floor":6,"key":"Kunai"},{"floor":13,"key":"Ancient Tea Set"}],"event_choices":[{"damage_healed":0,"gold_gain":0,"player_choice":"Entered Light","damage_taken":27,"max_hp_gain":0,"max_hp_loss":0,"event_name":"Shining Light","floor":3,"gold_loss":0,"cards_upgraded":["Spot Weakness","Strike_R"]},{"damage_healed":0,"gold_gain":0,"player_choice":"Ignored","damage_taken":0,"max_hp_gain":0,"max_hp_loss":0,"event_name":"Liars Game","floor":5,"gold_loss":0}],"is_beta":false,"boss_relics":[],"items_purged_floors":[11],"is_endless":false,"potions_floor_spawned":[1,2,13],"killed_by":"Hexaghost","ascension_level":20}