{"gold_per_floor":[116,130,130,147,322,348,110,143,143,155,155,166,166,191,191,289,289,299,299,314,314,274,308,308,0,0,34,51,77,77,94,94,199,199,216,234,234,244,254,285,285,304,304,304,320,336,38,55,55,55],"floor_reached":51,"playtime":5306,"items_purged":["Doubt","Strike_B"],"score":987,"play_id":"ec8df0fd-ca40-4bfa-b224-9b5b0cd873a8","local_time":"20181210233623","is_ascension_mode":true,"campfire_choices":[{"floor":13,"key":"REST"},{"data":"Darkness","floor":15,"key":"SMITH"},{"data":"Streamline","floor":24,"key":"SMITH"},{"data":"Buffer","floor":30,"key":"SMITH"},{"floor":32,"key":"REST"},{"data":"Loop","floor":41,"key":"SMITH"},{"data":"Rainbow","floor":49,"key":"SMITH"}],"neow_cost":"NONE","seed_source_timestamp":8543493179584,"circlet_count":0,"master_deck":["Strike_B+1","Strike_B+1","Defend_B","Defend_B","Defend_B","Defend_B","Zap","Dualcast","Streamline+1","Glacier","Rebound+1","Glacier+1","Panacea","Doom and Gloom","Darkness+1","Machine Learning","Conserve Battery+1","Turbo+1","Shame","Conserve Battery","Buffer+1","Creative AI","Loop+1","Hologram+1","Leap+1","Good Instincts","Turbo+1","Rainbow+1","Steam+1"],"relics":["Philosopher\u0027s Stone","Mercury Hourglass","Turnip","Du-Vu Doll","Letter Opener","White Beast Statue","Boot","Matryoshka","Happy Flower","Whetstone","Strawberry","Dodecahedron","Art of War","PreservedInsect","Snecko Eye","Nunchaku","Orichalcum","Pantograph"],"potions_floor_usage":[6,8,16,23,27,27,29,29,33,33,35,38,38,39,40,40,42,45,46,50,50,50],"damage_taken":[{"damage":0,"enemies":"2 Louse","floor":1,"turns":2},{"damage":0,"enemies":"Small Slimes","floor":2,"turns":2},{"damage":1,"enemies":"Jaw Worm","floor":4,"turns":4},{"damage":18,"enemies":"Gremlin Nob","floor":6,"turns":5},{"damage":2,"enemies":"3 Sentries","floor":8,"turns":7},{"damage":0,"enemies":"3 Louse","floor":10,"turns":3},{"damage":1,"enemies":"Looter","floor":12,"turns":4},{"damage":13,"enemies":"Gremlin Nob","floor":14,"turns":4},{"damage":22,"enemies":"Hexaghost","floor":16,"turns":8},{"damage":4,"enemies":"Chosen","floor":18,"turns":3},{"damage":0,"enemies":"Spheric Guardian","floor":20,"turns":4},{"damage":0,"enemies":"Gremlin Leader","floor":23,"turns":5},{"damage":28,"enemies":"Book of Stabbing","floor":27,"turns":5},{"damage":2,"enemies":"Snecko","floor":28,"turns":7},{"damage":15,"enemies":"Gremlin Leader","floor":29,"turns":5},{"damage":5,"enemies":"Shelled Parasite and Fungi","floor":31,"turns":6},{"damage":44,"enemies":"Collector","floor":33,"turns":11},{"damage":0,"enemies":"3 Darklings","floor":35,"turns":4},{"damage":0,"enemies":"Orb Walker","floor":36,"turns":4},{"damage":14,"enemies":"Writhing Mass","floor":38,"turns":6},{"damage":7,"enemies":"Maw","floor":39,"turns":8},{"damage":0,"enemies":"Nemesis","floor":40,"turns":5},{"damage":14,"enemies":"Transient","floor":42,"turns":5},{"damage":9,"enemies":"Spire Growth","floor":45,"turns":6},{"damage":0,"enemies":"Maw","floor":46,"turns":8},{"damage":0,"enemies":"Sphere and 2 Shapes","floor":48,"turns":6},{"damage":72,"enemies":"Donu and Deca","floor":50,"turns":12}],"seed_played":"2289397659433586532","potions_obtained":[{"floor":1,"key":"SneckoOil"},{"floor":2,"key":"Poison Potion"},{"floor":14,"key":"Dexterity Potion"},{"floor":16,"key":"SkillPotion"},{"floor":18,"key":"SpeedPotion"},{"floor":20,"key":"Swift Potion"},{"floor":23,"key":"Regen Potion"},{"floor":27,"key":"FearPotion"},{"floor":28,"key":"Weak Potion"},{"floor":29,"key":"Energy Potion"},{"floor":31,"key":"LiquidBronze"},{"floor":33,"key":"SpeedPotion"},{"floor":35,"key":"Regen Potion"},{"floor":36,"key":"Weak Potion"},{"floor":38,"key":"Strength Potion"},{"floor":39,"key":"Ancient Potion"},{"floor":40,"key":"EssenceOfSteel"},{"floor":42,"key":"Regen Potion"},{"floor":45,"key":"Regen Potion"},{"floor":46,"key":"SteroidPotion"},{"floor":48,"key":"PowerPotion"}],"is_trial":false,"path_per_floor":["M","M","?","M","?","E","$","E","T","M","?","M","R","E","R","B",null,"M","?","M","?","?","E","R","$","T","E","M","E","R","M","R","B",null,"M","M","?","M","M","E","R","M","T","?","M","M","$","M","R","B",null],"character_chosen":"DEFECT","items_purchased":["Glacier","Panacea","Happy Flower","Whetstone","Rainbow","PowerPotion","LiquidBronze"],"campfire_rested":2,"item_purchase_floors":[7,7,25,25,47,47,47],"current_hp_per_floor":[68,68,61,60,60,42,42,40,40,40,40,39,61,48,48,26,63,59,59,59,59,59,59,59,59,66,52,50,35,35,30,54,10,64,64,64,64,65,58,58,58,44,44,44,50,65,65,65,65,10],"gold":55,"neow_bonus":"BOSS_RELIC","is_prod":false,"is_daily":false,"chose_seed":false,"campfire_upgraded":5,"win_rate":0,"timestamp":1544513783,"path_taken":["M","M","?","M","?","E","$","E","T","M","?","M","R","E","R","BOSS","M","?","M","?","?","E","R","$","T","E","M","E","R","?","R","BOSS","M","M","?","?","M","E","R","M","T","?","M","M","$","M","R","BOSS"],"build_version":"2018-12-06","purchased_purges":2,"victory":true,"max_hp_per_floor":[75,75,75,75,75,75,75,75,75,75,75,75,75,75,75,75,75,75,75,75,75,75,75,75,75,82,82,82,82,82,82,82,82,82,82,82,82,82,82,82,82,82,82,82,82,82,82,82,82,82],"card_choices":[{"not_picked":["Aggregate","Tempest"],"picked":"Streamline","floor":1},{"not_picked":["Cold Snap","Streamline"],"picked":"Glacier","floor":2},{"not_picked":["Cold Snap","Storm"],"picked":"Rebound","floor":4},{"not_picked":["Fission","Gash","Beam Cell"],"picked":"SKIP","floor":6},{"not_picked":["Stack","Rebound","Beam Cell"],"picked":"SKIP","floor":8},{"not_picked":["Rebound","Melter","Steam"],"picked":"SKIP","floor":10},{"not_picked":["Barrage","Biased Cognition"],"picked":"Doom and Gloom","floor":12},{"not_picked":["Gash","Leap"],"picked":"Darkness","floor":14},{"not_picked":["All For One","Electrodynamics"],"picked":"Machine Learning","floor":16},{"not_picked":["Streamline+1","Genetic Algorithm"],"picked":"Conserve Battery+1","floor":18},{"not_picked":["FTL+1","Leap"],"picked":"Turbo+1","floor":20},{"not_picked":["Chill","Recycle","Core Surge"],"picked":"SKIP","floor":23},{"not_picked":["Coolheaded+1","Barrage"],"picked":"Conserve Battery","floor":27},{"not_picked":["Stack+1","Go for the Eyes+1"],"picked":"Buffer","floor":28},{"not_picked":["Static Discharge","Steam","Sunder"],"picked":"SKIP","floor":29},{"not_picked":["Melter","Streamline","Leap"],"picked":"SKIP","floor":31},{"not_picked":["Rainbow","Fission"],"picked":"Creative AI","floor":33},{"not_picked":["Go for the Eyes","Streamline","FTL"],"picked":"SKIP","floor":35},{"not_picked":["Scrape+1","Ball Lightning+1"],"picked":"Loop","floor":36},{"not_picked":["Rebound+1","Turbo","Stack"],"picked":"SKIP","floor":38},{"not_picked":["Blizzard","Streamline","Hyperbeam"],"picked":"SKIP","floor":39},{"not_picked":["Reprogram","Undo+1"],"picked":"Hologram+1","floor":40},{"not_picked":["Coolheaded","Chaos+1","Leap+1"],"picked":"SKIP","floor":42},{"not_picked":["Coolheaded","Chaos+1"],"picked":"Leap+1","floor":42},{"not_picked":["Panache","PanicButton"],"picked":"Good Instincts","floor":44},{"not_picked":["Conserve Battery+1","Tempest+1"],"picked":"Turbo+1","floor":45},{"not_picked":["Redo+1","Conserve Battery","Static Discharge+1"],"picked":"SKIP","floor":46},{"not_picked":["Rebound","Redo"],"picked":"Steam+1","floor":48}],"player_experience":216951,"relics_obtained":[{"floor":6,"key":"Mercury Hourglass"},{"floor":8,"key":"Turnip"},{"floor":9,"key":"Du-Vu Doll"},{"floor":14,"key":"Letter Opener"},{"floor":23,"key":"Matryoshka"},{"floor":26,"key":"Strawberry"},{"floor":26,"key":"Dodecahedron"},{"floor":27,"key":"Art of War"},{"floor":29,"key":"PreservedInsect"},{"floor":40,"key":"Nunchaku"},{"floor":43,"key":"Orichalcum"},{"floor":43,"key":"Pantograph"}],"event_choices":[{"cards_removed":["Strike_B"],"damage_healed":0,"gold_gain":0,"player_choice":"Card Removal","damage_taken":7,"max_hp_gain":0,"max_hp_loss":0,"event_name":"Golden Wing","floor":3,"gold_loss":0},{"damage_healed":0,"gold_gain":175,"player_choice":"AGREE","damage_taken":0,"max_hp_gain":0,"max_hp_loss":0,"event_name":"Liars Game","floor":5,"gold_loss":0,"cards_obtained":["Doubt"]},{"damage_healed":0,"gold_gain":0,"player_choice":"Ignored","damage_taken":0,"max_hp_gain":0,"max_hp_loss":0,"event_name":"Golden Idol","floor":11,"gold_loss":0},{"damage_healed":0,"gold_gain":0,"player_choice":"Ignored","damage_taken":0,"max_hp_gain":0,"max_hp_loss":0,"event_name":"Cursed Tome","floor":19,"gold_loss":0},{"damage_healed":0,"gold_gain":0,"player_choice":"Stole Relic","damage_taken":0,"relics_obtained":["Boot"],"max_hp_gain":0,"max_hp_loss":0,"event_name":"Addict","floor":21,"gold_loss":0,"cards_obtained":["Shame"]},{"damage_healed":0,"gold_gain":0,"player_choice":"Upgraded Two","damage_taken":0,"max_hp_gain":0,"max_hp_loss":0,"event_name":"Designer","floor":22,"gold_loss":40,"cards_upgraded":["Glacier","Rebound"]},{"damage_healed":0,"gold_gain":0,"player_choice":"Bought 0 Potions","damage_taken":0,"max_hp_gain":0,"max_hp_loss":0,"event_name":"The Woman in Blue","floor":37,"gold_loss":0},{"damage_healed":0,"gold_gain":0,"player_choice":"Memory 1","damage_taken":0,"max_hp_gain":0,"max_hp_loss":0,"event_name":"SensoryStone","floor":44,"gold_loss":0}],"is_beta":false,"boss_relics":[{"not_picked":["Coffee Dripper","Runic Dome"],"picked":"White Beast Statue"},{"not_picked":["Pandora\u0027s Box","Tiny House"],"picked":"Snecko Eye"}],"items_purged_floors":[7,47],"is_endless":false,"potions_floor_spawned":[1,2,14,16,18,20,23,27,28,29,31,33,35,36,38,39,40,42,45,46,48],"ascension_level":6}