{"gold_per_floor":[116,116,116,135,154,154,179,179,179,47,64,77,77,89,89,89],"floor_reached":16,"playtime":785,"items_purged":[],"score":204,"play_id":"00050d3b-8ef2-4b8b-860e-2eece1f333dc","local_time":"20190408124251","is_ascension_mode":true,"campfire_choices":[{"data":"Redo","floor":6,"key":"SMITH"},{"floor":8,"key":"REST"},{"data":"Defragment","floor":13,"key":"SMITH"},{"data":"Amplify","floor":15,"key":"SMITH"}],"neow_cost":"NONE","seed_source_timestamp":388782566946550,"circlet_count":0,"master_deck":["AscendersBane","Strike_B","Strike_B","Strike_B","Defend_B","Defend_B","Defend_B","Defend_B","Zap","Dualcast","Amplify+1","Redo+1","Coolheaded","Heatsinks","Leap","Self Repair","Static Discharge","Defragment+1","White Noise"],"relics":["Cracked Core","Mango","Mercury Hourglass"],"potions_floor_usage":[7,7,16,16],"damage_taken":[{"damage":0,"enemies":"2 Louse","floor":1,"turns":2},{"damage":7,"enemies":"Jaw Worm","floor":4,"turns":2},{"damage":4,"enemies":"Cultist","floor":5,"turns":4},{"damage":46,"enemies":"Lagavulin","floor":7,"turns":7},{"damage":7,"enemies":"Exordium Thugs","floor":11,"turns":4},{"damage":8,"enemies":"Exordium Wildlife","floor":12,"turns":3},{"damage":6,"enemies":"Lots of Slimes","floor":14,"turns":3},{"damage":32,"enemies":"The Guardian","floor":16,"turns":2}],"seed_played":"7224239949779817899","potions_obtained":[{"floor":4,"key":"LiquidBronze"},{"floor":5,"key":"GamblersBrew"},{"floor":12,"key":"PowerPotion"}],"is_trial":false,"path_per_floor":["M","?","?","M","M","R","E","R","T","$","M","M","R","M","R","B"],"character_chosen":"DEFECT","items_purchased":["Self Repair","PowerPotion"],"campfire_rested":1,"item_purchase_floors":[10,10],"current_hp_per_floor":[64,64,64,57,53,53,21,46,46,46,39,31,31,32,32,0],"gold":89,"neow_bonus":"ONE_RANDOM_RARE_CARD","is_prod":false,"is_daily":false,"chose_seed":false,"campfire_upgraded":3,"win_rate":0,"timestamp":1554752571,"path_taken":["M","?","?","?","M","R","E","R","T","?","M","M","R","M","R","BOSS"],"build_version":"2019-01-23","purchased_purges":0,"victory":false,"max_hp_per_floor":[71,71,71,71,71,71,85,85,85,85,85,85,85,85,85,85],"card_choices":[{"not_picked":["Steam","Hologram"],"picked":"Redo","floor":1},{"not_picked":["Redo","Undo"],"picked":"Coolheaded","floor":4},{"not_picked":["Sweeping Beam","Fusion"],"picked":"Heatsinks","floor":5},{"not_picked":["Gash","Barrage"],"picked":"Leap","floor":7},{"not_picked":["Glacier","Multi-Cast"],"picked":"Static Discharge","floor":11},{"not_picked":["Self Repair","Ball Lightning"],"picked":"Defragment","floor":12},{"not_picked":["Self Repair","Redo"],"picked":"White Noise","floor":14}],"player_experience":852657,"relics_obtained":[{"floor":7,"key":"Mango"},{"floor":9,"key":"Mercury Hourglass"}],"event_choices":[{"damage_healed":0,"gold_gain":0,"player_choice":"Ignored","damage_taken":0,"max_hp_gain":0,"max_hp_loss":0,"event_name":"Liars Game","floor":2,"gold_loss":0},{"cards_removed":["Strike_B"],"damage_healed":0,"gold_gain":0,"player_choice":"Purged","damage_taken":0,"max_hp_gain":0,"max_hp_loss":0,"event_name":"Purifier","floor":3,"gold_loss":0}],"is_beta":false,"boss_relics":[],"items_purged_floors":[],"is_endless":false,"potions_floor_spawned":[4,5,12],"killed_by":"The Guardian","ascension_level":20}