{"gold_per_floor":[113,126,51,51,66,94,112,112,112,112,132,132,132,132,132,132],"floor_reached":16,"playtime":332,"items_purged":[],"score":220,"play_id":"54ccc92a-6568-49c6-9a51-fb4fd13fb7d3","local_time":"20190916083849","is_ascension_mode":true,"campfire_choices":[{"floor":8,"key":"REST"},{"data":"Clothesline","floor":10,"key":"SMITH"},{"floor":15,"key":"REST"}],"neow_cost":"NONE","seed_source_timestamp":347928505544000,"circlet_count":0,"master_deck":["AscendersBane","Strike_R","Strike_R","Strike_R","Strike_R","Defend_R","Defend_R","Defend_R","Defend_R","Bash","Wild Strike","Headbutt","Sword Boomerang","Clothesline+1","Shockwave+1"],"relics":["Burning Blood","NeowsBlessing","Potion Belt","Question Card"],"potions_floor_usage":[7,12,12],"damage_taken":[{"damage":0,"enemies":"2 Louse","floor":1,"turns":1},{"damage":0,"enemies":"Small Slimes","floor":2,"turns":1},{"damage":0,"enemies":"Jaw Worm","floor":5,"turns":1},{"damage":55,"enemies":"Lagavulin","floor":6,"turns":6},{"damage":30,"enemies":"Large Slime","floor":7,"turns":6},{"damage":9,"enemies":"2 Fungi Beasts","floor":11,"turns":3},{"damage":20,"enemies":"3 Sentries","floor":12,"turns":4},{"damage":27,"enemies":"Slime Boss","floor":16,"turns":6}],"seed_played":"-4016453575673038429","potions_obtained":[{"floor":1,"key":"Swift Potion"},{"floor":6,"key":"EssenceOfSteel"},{"floor":11,"key":"SmokeBomb"}],"is_trial":false,"path_per_floor":["M","M","?","?","M","E","M","R","T","R","M","E","?","?","R","B"],"character_chosen":"IRONCLAD","items_purchased":[],"campfire_rested":2,"item_purchase_floors":[],"current_hp_per_floor":[74,75,75,80,80,31,7,31,31,31,28,14,14,14,38,11],"gold":132,"neow_bonus":"THREE_ENEMY_KILL","is_prod":false,"is_daily":false,"chose_seed":false,"campfire_upgraded":1,"win_rate":0,"timestamp":1568648329,"path_taken":["M","M","?","?","M","E","M","R","T","R","M","E","?","?","R","BOSS"],"build_version":"2019-07-17","purchased_purges":0,"victory":false,"max_hp_per_floor":[75,75,75,80,80,80,80,80,80,80,80,80,80,80,80,80],"card_choices":[{"not_picked":["Clash","Armaments"],"picked":"Wild Strike","floor":1},{"not_picked":["Fire Breathing","Perfected Strike"],"picked":"Headbutt","floor":2},{"not_picked":["Cleave","Dropkick"],"picked":"Sword Boomerang","floor":5},{"not_picked":["Pommel Strike","Iron Wave","Thunderclap"],"picked":"SKIP","floor":6},{"not_picked":["Anger","Combust"],"picked":"Clothesline","floor":7},{"not_picked":["Bloodletting","Body Slam","Twin Strike"],"picked":"Shockwave","floor":11}],"player_experience":761473,"relics_obtained":[{"floor":6,"key":"Potion Belt"},{"floor":9,"key":"Question Card"}],"event_choices":[{"cards_removed":["Strike_R"],"damage_healed":0,"gold_gain":0,"player_choice":"Card Removal","damage_taken":0,"max_hp_gain":0,"max_hp_loss":0,"event_name":"The Cleric","floor":3,"gold_loss":75},{"damage_healed":0,"gold_gain":0,"player_choice":"Donut","damage_taken":0,"max_hp_gain":5,"max_hp_loss":0,"event_name":"Big Fish","floor":4,"gold_loss":0},{"damage_healed":0,"gold_gain":0,"player_choice":"Ignored","damage_taken":0,"max_hp_gain":0,"max_hp_loss":0,"event_name":"Shining Light","floor":13,"gold_loss":0},{"damage_healed":0,"gold_gain":0,"player_choice":"Grow","damage_taken":0,"max_hp_gain":0,"max_hp_loss":0,"event_name":"Living Wall","floor":14,"gold_loss":0,"cards_upgraded":["Shockwave"]}],"is_beta":false,"boss_relics":[],"items_purged_floors":[],"is_endless":false,"potions_floor_spawned":[1,6,11],"killed_by":"Slime Boss","ascension_level":20}