{"gold_per_floor":[110,125,125,25,36,36,91,167,192,56,56],"floor_reached":11,"playtime":239,"items_purged":[],"score":142,"play_id":"f55ebf4e-5954-4214-8edb-8b9977523075","local_time":"20190916091952","is_ascension_mode":true,"campfire_choices":[{"floor":6,"key":"REST"}],"neow_cost":"PERCENT_DAMAGE","seed_source_timestamp":350485145827200,"circlet_count":0,"master_deck":["AscendersBane","Strike_R+1","Strike_R","Strike_R","Strike_R","Strike_R","Defend_R","Defend_R","Defend_R","Defend_R+1","Bash","Clothesline","Anger","Feel No Pain","True Grit","Armaments","Disarm","Body Slam"],"relics":["Burning Blood","Ice Cream","Tiny Chest","Oddly Smooth Stone"],"potions_floor_usage":[7,11],"damage_taken":[{"damage":11,"enemies":"Jaw Worm","floor":1,"turns":5},{"damage":4,"enemies":"2 Louse","floor":2,"turns":4},{"damage":0,"enemies":"Cultist","floor":5,"turns":4},{"damage":45,"enemies":"Gremlin Nob","floor":7,"turns":5},{"damage":4,"enemies":"Gremlin Gang","floor":11,"turns":2}],"seed_played":"-8013909236739902656","potions_obtained":[{"floor":5,"key":"GamblersBrew"}],"is_trial":false,"path_per_floor":["M","M","?","$","M","R","E","?","T","$","M"],"character_chosen":"IRONCLAD","items_purchased":["Feel No Pain","True Grit","Regen Potion","Body Slam"],"campfire_rested":1,"item_purchase_floors":[4,4,10,10],"current_hp_per_floor":[45,47,24,24,30,52,13,13,13,13,14],"gold":56,"neow_bonus":"ONE_RARE_RELIC","is_prod":false,"is_daily":false,"chose_seed":false,"campfire_upgraded":0,"win_rate":0,"timestamp":1568650792,"path_taken":["M","M","?","$","M","R","E","?","T","?","M"],"build_version":"2019-07-17","purchased_purges":0,"victory":false,"max_hp_per_floor":[75,75,75,75,75,75,75,75,75,75,75],"card_choices":[{"not_picked":["Havoc","True Grit"],"picked":"Clothesline","floor":1},{"not_picked":["Dropkick","Spot Weakness"],"picked":"Anger","floor":2},{"not_picked":["Wild Strike","Perfected Strike"],"picked":"Armaments","floor":5},{"not_picked":["Shockwave","Clash"],"picked":"Disarm","floor":7}],"player_experience":763735,"relics_obtained":[{"floor":7,"key":"Tiny Chest"},{"floor":9,"key":"Oddly Smooth Stone"}],"event_choices":[{"damage_healed":0,"gold_gain":0,"player_choice":"Entered Light","damage_taken":23,"max_hp_gain":0,"max_hp_loss":0,"event_name":"Shining Light","floor":3,"gold_loss":0,"cards_upgraded":["Defend_R","Strike_R"]},{"damage_healed":0,"gold_gain":76,"player_choice":"Gained Gold","damage_taken":0,"max_hp_gain":0,"max_hp_loss":0,"event_name":"Golden Wing","floor":8,"gold_loss":0}],"is_beta":false,"boss_relics":[],"items_purged_floors":[],"is_endless":false,"potions_floor_spawned":[5],"killed_by":"Gremlin Gang","ascension_level":20}