{"gold_per_floor":[112,122,122,135,135,135,157,184,264,414,414,431,17,52,52,130,130,143,157,157,175,175,208,208,218,218,218,84,95,95,126,126,200,200,211,224,31,31,41,59,71,91,91,91,91,91,91,122,122,122],"floor_reached":50,"playtime":3838,"items_purged":["Doubt"],"score":939,"play_id":"08d07c77-d165-42b8-a170-c0f0f94dab06","local_time":"20190120152504","is_ascension_mode":true,"campfire_choices":[{"data":"Flame Barrier","floor":6,"key":"SMITH"},{"data":"Bludgeon","floor":11,"key":"SMITH"},{"data":"Enlightenment","floor":15,"key":"SMITH"},{"data":"Double Tap","floor":24,"key":"SMITH"},{"data":"Demon Form","floor":27,"key":"SMITH"},{"data":"Metallicize","floor":30,"key":"SMITH"},{"data":"Havoc","floor":32,"key":"SMITH"},{"floor":44,"key":"REST"},{"floor":47,"key":"DIG"},{"floor":49,"key":"REST"}],"neow_cost":"NONE","seed_source_timestamp":194103595660004,"circlet_count":0,"master_deck":["AscendersBane","Strike_R+1","Strike_R+1","Strike_R+1","Strike_R+1","Strike_R+1","Defend_R+1","Defend_R+1","Defend_R+1","Defend_R+1","Bash","Bludgeon+1","Cleave","Flame Barrier+1","Shrug It Off","Clothesline","Headbutt","Reaper","Enlightenment+1","Havoc+1","Clothesline","Double Tap+1","Shrug It Off","Disarm+1","Metallicize+1","Demon Form+1","Flame Barrier","Twin Strike","Panacea","Flame Barrier","Juggernaut","Mayhem","Flex","Limit Break","Parasite","Bandage Up"],"relics":["Burning Blood","Odd Mushroom","Anchor","Pantograph","Strange Spoon","Ginger","Velvet Choker","Pear","Letter Opener","Smiling Mask","Runic Dome","Shovel","Peace Pipe","Art of War"],"potions_floor_usage":[8,16,18,19,23,31,33,38,38,42],"damage_taken":[{"damage":2,"enemies":"Jaw Worm","floor":1,"turns":3},{"damage":0,"enemies":"2 Louse","floor":2,"turns":3},{"damage":1,"enemies":"Small Slimes","floor":4,"turns":3},{"damage":18,"enemies":"The Mushroom Lair","floor":7,"turns":5},{"damage":12,"enemies":"Gremlin Nob","floor":8,"turns":4},{"damage":0,"enemies":"Blue Slaver","floor":12,"turns":2},{"damage":12,"enemies":"3 Sentries","floor":14,"turns":7},{"damage":15,"enemies":"The Guardian","floor":16,"turns":7},{"damage":22,"enemies":"3 Byrds","floor":18,"turns":5},{"damage":11,"enemies":"2 Thieves","floor":19,"turns":3},{"damage":11,"enemies":"Centurion and Healer","floor":21,"turns":7},{"damage":5,"enemies":"Slavers","floor":23,"turns":6},{"damage":3,"enemies":"Shelled Parasite and Fungi","floor":25,"turns":5},{"damage":12,"enemies":"Snake Plant","floor":29,"turns":3},{"damage":10,"enemies":"Book of Stabbing","floor":31,"turns":5},{"damage":88,"enemies":"Automaton","floor":33,"turns":11},{"damage":21,"enemies":"Orb Walker","floor":35,"turns":4},{"damage":38,"enemies":"3 Darklings","floor":36,"turns":5},{"damage":0,"enemies":"Transient","floor":38,"turns":2},{"damage":44,"enemies":"Jaw Worm Horde","floor":39,"turns":6},{"damage":17,"enemies":"3 Darklings","floor":40,"turns":5},{"damage":21,"enemies":"Sphere and 2 Shapes","floor":41,"turns":6},{"damage":4,"enemies":"Writhing Mass","floor":42,"turns":6},{"damage":45,"enemies":"Nemesis","floor":48,"turns":9},{"damage":78,"enemies":"Donu and Deca","floor":50,"turns":5}],"seed_played":"-6708970372305871824","potions_obtained":[{"floor":7,"key":"LiquidBronze"},{"floor":12,"key":"SpeedPotion"},{"floor":14,"key":"GamblersBrew"},{"floor":18,"key":"EntropicBrew"},{"floor":23,"key":"Block Potion"},{"floor":31,"key":"Block Potion"},{"floor":33,"key":"Fire Potion"},{"floor":36,"key":"SmokeBomb"},{"floor":41,"key":"FearPotion"}],"is_trial":false,"path_per_floor":["M","M","?","M","?","R","?","E","T","?","R","M","$","E","R","B",null,"M","M","?","M","?","E","R","M","T","R","$","M","R","E","R","B",null,"M","M","$","M","M","M","M","M","T","R","?","?","R","E","R","B"],"character_chosen":"IRONCLAD","items_purchased":["Enlightenment","Strange Spoon","Havoc","Twin Strike","Panacea","Mayhem"],"campfire_rested":2,"item_purchase_floors":[13,13,13,28,28,37],"current_hp_per_floor":[72,75,80,80,56,56,44,38,38,38,38,44,44,46,46,62,76,64,59,59,62,54,69,69,76,76,76,76,70,70,66,66,27,74,59,47,47,65,27,28,13,20,20,47,47,47,47,22,49,0],"gold":122,"neow_bonus":"ONE_RANDOM_RARE_CARD","is_prod":false,"is_daily":false,"chose_seed":false,"campfire_upgraded":7,"win_rate":0,"timestamp":1548026704,"path_taken":["M","M","?","M","?","R","?","E","T","?","R","?","$","E","R","BOSS","M","M","?","M","?","E","R","M","T","R","$","?","R","E","R","BOSS","M","M","$","M","?","?","M","M","T","R","?","?","R","E","R","BOSS"],"build_version":"2019-01-17v2","purchased_purges":1,"victory":false,"max_hp_per_floor":[75,75,80,80,80,80,80,80,80,80,80,80,80,80,80,80,80,80,80,80,80,80,90,90,90,90,90,90,90,90,90,90,90,90,90,90,90,90,90,90,90,90,90,90,90,90,90,90,90,90],"card_choices":[{"not_picked":["Iron Wave","Headbutt"],"picked":"Cleave","floor":1},{"not_picked":["Flex","True Grit"],"picked":"Flame Barrier","floor":2},{"not_picked":["True Grit","Inflame"],"picked":"Shrug It Off","floor":4},{"not_picked":["Armaments","Wild Strike"],"picked":"Clothesline","floor":7},{"not_picked":["Perfected Strike","Rupture"],"picked":"Headbutt","floor":8},{"not_picked":["Headbutt","Sword Boomerang"],"picked":"Reaper","floor":12},{"not_picked":["Body Slam","Havoc"],"picked":"Clothesline","floor":14},{"not_picked":["Immolate","Reaper"],"picked":"Double Tap","floor":16},{"not_picked":["Carnage","Combust+1"],"picked":"Shrug It Off","floor":18},{"not_picked":["Rampage","Warcry"],"picked":"Disarm+1","floor":19},{"not_picked":["Armaments","Power Through"],"picked":"Metallicize","floor":21},{"not_picked":["Second Wind","True Grit"],"picked":"Demon Form","floor":23},{"not_picked":["Twin Strike","Headbutt"],"picked":"Flame Barrier","floor":25},{"not_picked":["Wild Strike","Pommel Strike","Havoc"],"picked":"SKIP","floor":29},{"not_picked":["Ghostly Armor","Clash"],"picked":"Flame Barrier","floor":31},{"not_picked":["Offering","Brutality"],"picked":"Juggernaut","floor":33},{"not_picked":["Clothesline","Havoc","Anger+1"],"picked":"SKIP","floor":35},{"not_picked":["Armaments","Battle Trance"],"picked":"Metallicize","floor":36},{"not_picked":["Twin Strike+1","Heavy Blade"],"picked":"Flex","floor":39},{"not_picked":["Pommel Strike","Shrug It Off","Clash+1"],"picked":"SKIP","floor":40},{"not_picked":["Thunderclap","Perfected Strike+1"],"picked":"Limit Break","floor":41},{"not_picked":["Pommel Strike","Ghostly Armor","Flex"],"picked":"SKIP","floor":42},{"not_picked":["Mayhem","Jack Of All Trades"],"picked":"Bandage Up","floor":45},{"not_picked":["Searing Blow+1","Pommel Strike","Entrench"],"picked":"SKIP","floor":48}],"player_experience":490956,"relics_obtained":[{"floor":7,"key":"Odd Mushroom"},{"floor":8,"key":"Anchor"},{"floor":9,"key":"Pantograph"},{"floor":14,"key":"Ginger"},{"floor":23,"key":"Pear"},{"floor":26,"key":"Letter Opener"},{"floor":31,"key":"Smiling Mask"},{"floor":43,"key":"Shovel"},{"floor":47,"key":"Peace Pipe"},{"floor":48,"key":"Art of War"}],"event_choices":[{"damage_healed":0,"gold_gain":0,"player_choice":"Donut","damage_taken":0,"max_hp_gain":5,"max_hp_loss":0,"event_name":"Big Fish","floor":3,"gold_loss":0},{"damage_healed":0,"gold_gain":0,"player_choice":"Entered Light","damage_taken":24,"max_hp_gain":0,"max_hp_loss":0,"event_name":"Shining Light","floor":5,"gold_loss":0,"cards_upgraded":["Strike_R","Defend_R"]},{"damage_healed":0,"gold_gain":0,"player_choice":"Fought Mushrooms","damage_taken":0,"max_hp_gain":0,"max_hp_loss":0,"event_name":"Mushrooms","floor":7,"gold_loss":0},{"damage_healed":0,"gold_gain":150,"player_choice":"AGREE","damage_taken":0,"max_hp_gain":0,"max_hp_loss":0,"event_name":"Liars Game","floor":10,"gold_loss":0,"cards_obtained":["Doubt"]},{"damage_healed":0,"gold_gain":0,"player_choice":"Simplicity","damage_taken":0,"max_hp_gain":0,"max_hp_loss":0,"event_name":"Back to Basics","floor":20,"gold_loss":0,"cards_upgraded":["Strike_R","Strike_R","Strike_R","Strike_R","Defend_R","Defend_R","Defend_R"]},{"damage_healed":0,"gold_gain":0,"player_choice":"","damage_taken":8,"max_hp_gain":0,"max_hp_loss":0,"event_name":"Knowing Skull","floor":22,"potions_obtained":[],"gold_loss":0,"cards_obtained":[]},{"damage_healed":0,"gold_gain":0,"player_choice":"Memory 1","damage_taken":0,"max_hp_gain":0,"max_hp_loss":0,"event_name":"SensoryStone","floor":45,"gold_loss":0},{"cards_removed":["Metallicize"],"damage_healed":0,"gold_gain":0,"player_choice":"Removed Power","damage_taken":0,"max_hp_gain":0,"max_hp_loss":0,"event_name":"Falling","floor":46,"gold_loss":0}],"is_beta":false,"boss_relics":[{"not_picked":["Mark of Pain","Busted Crown"],"picked":"Velvet Choker"},{"not_picked":["Eternal Feather","Black Star"],"picked":"Runic Dome"}],"items_purged_floors":[13],"is_endless":false,"potions_floor_spawned":[7,12,14,18,23,31,33,36,41],"killed_by":"Donu and Deca","ascension_level":15}