{"gold_per_floor":[114,114,21,36,51,81,81,96,121,151,166,166,181,196,196,296,296,311,311,326,326,341,341,266,266,266,281,281,74,52,82,82,182,182,197,212,227,242,257,257,272,22,47,47,47,47,62,77,77,77],"floor_reached":51,"playtime":5356,"items_purged":["Underhanded Strike"],"score":783,"play_id":"8cea3d84-30e1-48ef-b3b1-28dc4d25cf23","local_time":"20181003134545","daily_mods":["Heirloom","Green Cards","Terminal"],"is_ascension_mode":false,"campfire_choices":[{"data":"Beam Cell","floor":7.0,"key":"SMITH"},{"data":"Genetic Algorithm","floor":12.0,"key":"SMITH"},{"data":"Defragment","floor":15.0,"key":"SMITH"},{"data":"Fission","floor":23.0,"key":"SMITH"},{"data":"Gash","floor":25,"key":"SMITH"},{"data":"Well Laid Plans","floor":32,"key":"SMITH"},{"floor":40,"key":"REST"},{"data":"Capacitor","floor":44,"key":"SMITH"},{"data":"Storm","floor":49,"key":"SMITH"}],"neow_cost":"","seed_source_timestamp":0,"circlet_count":0,"master_deck":["Zap","Dualcast","Beam Cell+1","Fission+1","Glacier","Leap","Hologram","Genetic Algorithm+1","Gash+1","Defragment+1","Capacitor+1","Skim","Conserve Battery","Self Repair","Electrodynamics","Outmaneuver","Loop","Stack","Leap","Predator+1","Gash+1","Gash+1","PiercingWail","Storm+1","Mayhem","Cold Snap","Well Laid Plans+1","Biased Cognition","Tempest","Hello World+1","Glacier+1","Defragment+1","Acrobatics","Beam Cell+1","Enlightenment","Storm+1","Gash"],"special_seed":17802,"relics":["Cracked Core","Nunchaku","Potion Belt","Lantern","Happy Flower","Pandora\u0027s Box","MutagenicStrength","Dream Catcher","Mercury Hourglass","Sozu","Bottled Tornado","Blood Vial"],"potions_floor_usage":[47,50,50,50],"damage_taken":[{"damage":0.0,"enemies":"Jaw Worm","floor":1.0,"turns":3.0},{"damage":0.0,"enemies":"Cultist","floor":4.0,"turns":4.0},{"damage":0.0,"enemies":"Small Slimes","floor":5.0,"turns":4.0},{"damage":0.0,"enemies":"Lagavulin","floor":6.0,"turns":11.0},{"damage":0.0,"enemies":"Exordium Wildlife","floor":8.0,"turns":4.0},{"damage":3.0,"enemies":"3 Sentries","floor":10.0,"turns":11.0},{"damage":13.0,"enemies":"2 Fungi Beasts","floor":11.0,"turns":4.0},{"damage":0.0,"enemies":"Red Slaver","floor":13.0,"turns":2.0},{"damage":0.0,"enemies":"Exordium Wildlife","floor":14.0,"turns":4.0},{"damage":3.0,"enemies":"The Guardian","floor":16.0,"turns":12.0},{"damage":0.0,"enemies":"Spheric Guardian","floor":18.0,"turns":7.0},{"damage":0.0,"enemies":"3 Byrds","floor":20.0,"turns":3.0},{"damage":9.0,"enemies":"Sentry and Sphere","floor":22.0,"turns":6.0},{"damage":0,"enemies":"Snecko","floor":27,"turns":5},{"damage":0,"enemies":"Gremlin Leader","floor":31,"turns":4},{"damage":0,"enemies":"Champ","floor":33,"turns":8},{"damage":7,"enemies":"Orb Walker","floor":35,"turns":2},{"damage":0,"enemies":"3 Shapes","floor":36,"turns":3},{"damage":9,"enemies":"Maw","floor":37,"turns":6},{"damage":11,"enemies":"Spire Growth","floor":38,"turns":4},{"damage":10,"enemies":"Sphere and 2 Shapes","floor":39,"turns":4},{"damage":7,"enemies":"4 Shapes","floor":41,"turns":4},{"damage":5,"enemies":"Transient","floor":47,"turns":5},{"damage":0,"enemies":"Sphere and 2 Shapes","floor":48,"turns":4},{"damage":10,"enemies":"Time Eater","floor":50,"turns":6}],"seed_played":"-59996080173849364","potions_obtained":[{"floor":1.0,"key":"Strength Potion"},{"floor":4.0,"key":"Energy Potion"},{"floor":8.0,"key":"FearPotion"},{"floor":13.0,"key":"LiquidBronze"},{"floor":14.0,"key":"FearPotion"},{"floor":18.0,"key":"SkillPotion"},{"floor":20.0,"key":"LiquidBronze"}],"is_trial":false,"path_per_floor":["M","?","$","M","M","E","R","M","T","E","M","R","M","M","R","B",null,"M","?","M","?","M","R","$","R","T","M","?","$","$","E","R","B",null,"M","M","M","M","M","R","M","$","T","R","?","?","M","M","R","B"],"character_chosen":"DEFECT","items_purchased":["Glacier","Leap","Mayhem","Cold Snap","Bottled Tornado"],"campfire_rested":1,"item_purchase_floors":[3,3,29,30,42],"current_hp_per_floor":[73,72,71,70,69,68,67,66,65,62,49,49,49,49,49,53,57,56,55,54,53,51,51,50,49,48,47,46,45,44,43,42,41,40,33,33,31,27,24,34,27,27,27,27,27,22,26,26,25,22],"gold":77,"neow_bonus":"","is_prod":false,"is_daily":true,"chose_seed":false,"campfire_upgraded":8,"win_rate":0,"timestamp":1538588745,"path_taken":["M","?","$","M","M","E","R","M","T","E","M","R","?","?","R","BOSS","M","?","M","?","M","R","?","R","T","M","?","?","$","E","R","BOSS","M","M","?","M","M","R","M","$","T","R","?","?","M","M","R","BOSS"],"build_version":"2018-09-27","purchased_purges":1,"victory":true,"max_hp_per_floor":[73,72,71,70,69,68,67,66,65,64,63,62,61,60,59,58,57,56,55,54,53,52,51,50,49,48,47,46,45,44,43,42,41,40,39,38,37,36,35,34,33,32,31,30,29,28,27,26,25,24],"card_choices":[{"not_picked":["Steam Power","Chaos"],"picked":"Beam Cell","floor":1.0},{"not_picked":["Leap","Stack"],"picked":"Hologram","floor":4.0},{"not_picked":["Melter","Darkness"],"picked":"Genetic Algorithm","floor":5.0},{"not_picked":["Static Discharge","Darkness"],"picked":"Gash","floor":6.0},{"not_picked":["Stack","Loop"],"picked":"Defragment","floor":8.0},{"not_picked":["Barrage","Auto Shields"],"picked":"Capacitor","floor":10.0},{"not_picked":["Redo","Stack"],"picked":"Skim","floor":11.0},{"not_picked":["Genetic Algorithm","Recycle"],"picked":"Conserve Battery","floor":13.0},{"not_picked":["Barrage","Sweeping Beam"],"picked":"Self Repair","floor":14.0},{"not_picked":["Echo Form","Amplify"],"picked":"Electrodynamics","floor":16.0},{"not_picked":["Deflect+1","Sucker Punch"],"picked":"Predator+1","floor":18.0},{"not_picked":["Outmaneuver+1","Storm"],"picked":"Gash+1","floor":20.0},{"not_picked":["Genetic Algorithm","Skim"],"picked":"PiercingWail","floor":22.0},{"not_picked":["Turbo","BootSequence"],"picked":"Storm+1","floor":27},{"not_picked":["Slice+1","Infinite Blades+1"],"picked":"Well Laid Plans","floor":31},{"not_picked":["Rainbow","Malaise"],"picked":"Biased Cognition","floor":33},{"not_picked":["PiercingWail","Deflect+1"],"picked":"Tempest","floor":35},{"not_picked":["Deflect+1","Flying Knee+1"],"picked":"Hello World+1","floor":36},{"not_picked":["Cloak And Dagger+1","Slice+1"],"picked":"Glacier+1","floor":37},{"not_picked":["PiercingWail","Lockon"],"picked":"Defragment+1","floor":38},{"not_picked":["Meteor Strike","Rebound+1"],"picked":"Acrobatics","floor":39},{"not_picked":["Poisoned Stab+1","Deflect"],"picked":"Beam Cell+1","floor":40},{"not_picked":["Conserve Battery","Poisoned Stab","Envenom"],"picked":"SKIP","floor":41},{"not_picked":["Discovery","Metamorphosis"],"picked":"Enlightenment","floor":46},{"not_picked":["Underhanded Strike+1","Barrage+1"],"picked":"Storm","floor":47},{"not_picked":["Deflect+1","Barrage+1"],"picked":"Gash","floor":48}],"player_experience":28436,"relics_obtained":[{"floor":6.0,"key":"Potion Belt"},{"floor":9.0,"key":"Lantern"},{"floor":10.0,"key":"Happy Flower"},{"floor":26,"key":"Dream Catcher"},{"floor":31,"key":"Mercury Hourglass"},{"floor":43,"key":"Blood Vial"}],"event_choices":[{"event_name":"Living Wall","player_choice":"Change","floor":2.0,"damage_taken":0.0},{"event_name":"Drug Dealer","player_choice":"Inject Mutagens","floor":19.0,"damage_taken":0.0},{"event_name":"Transmorgrifier","player_choice":"Transform","floor":21.0,"damage_taken":0.0},{"event_name":"Upgrade Shrine","player_choice":"Upgraded","floor":28,"damage_taken":0},{"event_name":"Falling","player_choice":"Removed Attack","floor":45,"damage_taken":0},{"event_name":"SensoryStone","player_choice":"Memory 2","floor":46,"damage_taken":0}],"is_beta":false,"boss_relics":[{"not_picked":["Orrery","Velvet Choker"],"picked":"Pandora\u0027s Box"},{"not_picked":["Runic Pyramid","Empty Cage"],"picked":"Sozu"}],"items_purged_floors":[24],"is_endless":false,"potions_floor_spawned":[1,4,8,13,14,18,20,31,36,37,41],"ascension_level":0}