{"gold_per_floor":[110,123,135,148,148,179,179,199,274,274,292,320,320,336,336,437,437,454,6,6,18,33,43,43,63,87,87,10,40,56,26,26,121,121,137,153,171,187,187,187,215,215,240,275,294,305,53,73,73,73],"floor_reached":51,"playtime":5425,"items_purged":["Strike_R","Defend_R"],"score":782,"play_id":"88a5c766-a835-4686-a412-8aa040344642","local_time":"20181119213224","is_ascension_mode":true,"campfire_choices":[{"data":"Flex","floor":7,"key":"SMITH"},{"data":"Anger","floor":10,"key":"SMITH"},{"data":"Infernal Blade","floor":15,"key":"SMITH"},{"data":"1","floor":24,"key":"LIFT"},{"data":"2","floor":27,"key":"LIFT"},{"data":"3","floor":32,"key":"LIFT"},{"data":"Strike_R","floor":40,"key":"PURGE"},{"data":"Iron Wave","floor":42,"key":"SMITH"},{"data":"Limit Break","floor":49,"key":"SMITH"}],"neow_cost":"PERCENT_DAMAGE","seed_source_timestamp":564212355767973,"circlet_count":0,"master_deck":["Strike_R","Strike_R","Strike_R","Defend_R","Defend_R","Defend_R","Bash","Clash+1","Flex+1","Heavy Blade","Anger+1","Limit Break+1","Headbutt","Clash","Infernal Blade+1","Iron Wave+1","Demon Form","Shrug It Off+1","Flash of Steel","Good Instincts","Body Slam+1","Clothesline","Ghostly Armor","Metallicize","Clash+1","Double Tap","Iron Wave","Sword Boomerang+1","Headbutt","Warcry+1","Iron Wave+1","Pommel Strike","Spot Weakness","Feed","Shrug It Off"],"relics":["Black Blood","Pen Nib","Peace Pipe","Coffee Dripper","Girya","Boot","Centennial Puzzle","Pocketwatch","Regal Pillow","Vajra"],"potions_floor_usage":[6,6,12,16,23,29,29,33,33,39,44,45,48,50],"damage_taken":[{"damage":1,"enemies":"Cultist","floor":1,"turns":4},{"damage":0,"enemies":"2 Louse","floor":2,"turns":2},{"damage":1,"enemies":"Jaw Worm","floor":3,"turns":3},{"damage":14,"enemies":"Blue Slaver","floor":4,"turns":3},{"damage":13,"enemies":"Lagavulin","floor":6,"turns":4},{"damage":4,"enemies":"2 Fungi Beasts","floor":8,"turns":2},{"damage":4,"enemies":"Gremlin Gang","floor":11,"turns":2},{"damage":3,"enemies":"Gremlin Nob","floor":12,"turns":3},{"damage":3,"enemies":"Red Slaver","floor":14,"turns":2},{"damage":59,"enemies":"The Guardian","floor":16,"turns":9},{"damage":10,"enemies":"Chosen","floor":18,"turns":4},{"damage":23,"enemies":"Shell Parasite","floor":21,"turns":3},{"damage":10,"enemies":"Cultist and Chosen","floor":22,"turns":4},{"damage":32,"enemies":"Snake Plant","floor":23,"turns":3},{"damage":13,"enemies":"Snecko","floor":25,"turns":5},{"damage":19,"enemies":"Slavers","floor":29,"turns":4},{"damage":0,"enemies":"3 Cultists","floor":30,"turns":5},{"damage":26,"enemies":"Champ","floor":33,"turns":8},{"damage":3,"enemies":"3 Darklings","floor":35,"turns":5},{"damage":11,"enemies":"3 Shapes","floor":36,"turns":4},{"damage":41,"enemies":"Maw","floor":37,"turns":6},{"damage":0,"enemies":"Jaw Worm Horde","floor":38,"turns":2},{"damage":0,"enemies":"Spire Growth","floor":39,"turns":2},{"damage":34,"enemies":"Reptomancer","floor":41,"turns":5},{"damage":22,"enemies":"Giant Head","floor":44,"turns":6},{"damage":4,"enemies":"Sphere and 2 Shapes","floor":45,"turns":3},{"damage":3,"enemies":"Maw","floor":46,"turns":5},{"damage":0,"enemies":"4 Shapes","floor":48,"turns":2},{"damage":48,"enemies":"Awakened One","floor":50,"turns":7}],"seed_played":"-9150708344799325718","potions_obtained":[{"floor":2,"key":"SpeedPotion"},{"floor":4,"key":"Fruit Juice"},{"floor":6,"key":"GamblersBrew"},{"floor":11,"key":"Explosive Potion"},{"floor":18,"key":"LiquidBronze"},{"floor":21,"key":"BloodPotion"},{"floor":29,"key":"Fire Potion"},{"floor":31,"key":"FearPotion"},{"floor":31,"key":"SmokeBomb"},{"floor":41,"key":"Swift Potion"},{"floor":44,"key":"Energy Potion"},{"floor":45,"key":"Explosive Potion"},{"floor":48,"key":"SteroidPotion"}],"is_trial":false,"path_per_floor":["M","M","M","M","?","E","R","M","T","R","M","E","?","M","R","B",null,"M","$","?","M","M","M","R","M","T","R","$","E","M","?","R","B",null,"M","M","M","M","M","R","E","R","T","E","M","M","$","M","R","B",null],"character_chosen":"IRONCLAD","items_purchased":["Girya","Flash of Steel","BloodPotion","Spot Weakness","Feed"],"campfire_rested":0,"item_purchase_floors":[19,19,28,47,47],"current_hp_per_floor":[77,83,88,80,80,78,78,80,80,80,82,85,101,101,101,48,101,97,97,77,60,56,40,40,33,33,33,33,30,36,36,36,16,101,101,100,69,79,89,89,65,65,65,53,59,66,66,76,76,38],"gold":73,"neow_bonus":"TWENTY_PERCENT_HP_BONUS","is_prod":false,"is_daily":false,"chose_seed":false,"campfire_upgraded":5,"win_rate":0,"timestamp":1542691944,"path_taken":["M","M","M","M","?","E","R","M","T","R","M","E","?","M","R","BOSS","M","$","?","M","M","M","R","M","T","R","?","E","M","?","R","BOSS","M","M","M","M","M","R","E","R","T","E","M","?","$","M","R","BOSS"],"build_version":"2018-11-15","purchased_purges":2,"victory":true,"max_hp_per_floor":[96,96,96,96,96,101,101,101,101,101,101,101,101,101,101,101,101,101,101,101,101,101,101,101,101,101,101,101,101,101,101,101,101,101,101,101,101,101,101,101,101,101,101,101,101,101,101,101,101,101],"card_choices":[{"not_picked":["Flame Barrier","Perfected Strike"],"picked":"Clash","floor":1},{"not_picked":["Intimidate","Whirlwind"],"picked":"Flex","floor":2},{"not_picked":["Infernal Blade","Iron Wave"],"picked":"Heavy Blade","floor":3},{"not_picked":["Power Through","Warcry"],"picked":"Anger","floor":4},{"not_picked":["Whirlwind","Thunderclap"],"picked":"Limit Break","floor":6},{"not_picked":["Reckless Charge","Heavy Blade"],"picked":"Headbutt","floor":8},{"not_picked":["Whirlwind","Cleave"],"picked":"Clash","floor":11},{"not_picked":["True Grit","Sword Boomerang"],"picked":"Infernal Blade","floor":12},{"not_picked":["Twin Strike","Uppercut"],"picked":"Iron Wave","floor":14},{"not_picked":["Brutality","Limit Break"],"picked":"Demon Form","floor":16},{"not_picked":["True Grit","Flame Barrier"],"picked":"Shrug It Off+1","floor":18},{"not_picked":["Bloodletting+1","Entrench"],"picked":"Body Slam+1","floor":21},{"not_picked":["Power Through+1","Sever Soul+1"],"picked":"Clothesline","floor":22},{"not_picked":["Sword Boomerang","Spot Weakness"],"picked":"Ghostly Armor","floor":23},{"not_picked":["Armaments","Perfected Strike+1","Sword Boomerang"],"picked":"SKIP","floor":25},{"not_picked":["Pommel Strike","Clash"],"picked":"Metallicize","floor":29},{"not_picked":["Twin Strike+1","Flex"],"picked":"Clash+1","floor":30},{"not_picked":["Impervious","Demon Form"],"picked":"Double Tap","floor":33},{"not_picked":["Shrug It Off+1","Anger+1"],"picked":"Iron Wave","floor":35},{"not_picked":["Rupture","Shockwave"],"picked":"Sword Boomerang+1","floor":36},{"not_picked":["Thunderclap+1","Clothesline+1","Flame Barrier+1"],"picked":"SKIP","floor":37},{"not_picked":["Entrench+1","Bloodletting","Sever Soul"],"picked":"SKIP","floor":38},{"not_picked":["Twin Strike","Reckless Charge"],"picked":"Headbutt","floor":41},{"not_picked":["Offering","Carnage+1"],"picked":"Warcry+1","floor":44},{"not_picked":["Warcry","Perfected Strike+1"],"picked":"Iron Wave+1","floor":45},{"not_picked":["Cleave+1","Anger"],"picked":"Pommel Strike","floor":46},{"not_picked":["Clothesline+1","Pommel Strike"],"picked":"Shrug It Off","floor":48}],"player_experience":53703,"relics_obtained":[{"floor":6,"key":"Pen Nib"},{"floor":12,"key":"Peace Pipe"},{"floor":26,"key":"Boot"},{"floor":29,"key":"Centennial Puzzle"},{"floor":41,"key":"Pocketwatch"},{"floor":43,"key":"Regal Pillow"},{"floor":44,"key":"Vajra"}],"event_choices":[{"damage_healed":0,"gold_gain":0,"player_choice":"Grow","damage_taken":0,"max_hp_gain":0,"max_hp_loss":0,"event_name":"Living Wall","floor":5,"gold_loss":0,"cards_upgraded":["Clash"]},{"damage_healed":16,"gold_gain":0,"player_choice":"Full Heal","damage_taken":0,"max_hp_gain":0,"max_hp_loss":0,"event_name":"Wheel of Change","floor":13,"gold_loss":0},{"damage_healed":0,"gold_gain":0,"player_choice":"CARD ","damage_taken":20,"max_hp_gain":0,"max_hp_loss":0,"event_name":"Knowing Skull","floor":20,"potions_obtained":[],"gold_loss":0,"cards_obtained":["Good Instincts"]},{"damage_healed":0,"gold_gain":0,"player_choice":"Bought 2 Potions","damage_taken":0,"max_hp_gain":0,"max_hp_loss":0,"event_name":"The Woman in Blue","floor":31,"gold_loss":0}],"is_beta":false,"boss_relics":[{"not_picked":["Snecko Eye","Lizard Tail"],"picked":"Coffee Dripper"},{"not_picked":["Astrolabe","Eternal Feather"],"picked":"Black Blood"}],"items_purged_floors":[19,47],"is_endless":false,"potions_floor_spawned":[2,4,6,11,18,21,29,39,41,44,45,48],"ascension_level":1}