{"gold_per_floor":[116,116,132,207,17,17,45,220,291,38,57,67,87,104,104,203,203,213,225,243,243,5,40,40,57,80,80,80],"floor_reached":28,"playtime":2003,"items_purged":["Regret","Doubt"],"score":384,"play_id":"7afa5fb4-b86d-4dc0-a295-55d543c31abe","local_time":"20190116214542","is_ascension_mode":true,"campfire_choices":[{"data":"Static Discharge","floor":6,"key":"SMITH"},{"floor":15,"key":"REST"},{"data":"Buffer","floor":24,"key":"SMITH"},{"data":"Defragment","floor":27,"key":"SMITH"}],"neow_cost":"NONE","seed_source_timestamp":84350700814585,"circlet_count":0,"master_deck":["Strike_B","Strike_B","Strike_B","Strike_B","Defend_B+1","Defend_B","Defend_B","Defend_B","Zap+1","Dualcast","Melter","Static Discharge+1","Apotheosis","Consume","Self Repair","White Noise","Ball Lightning","Coolheaded","Cold Snap","Defragment+1","Fusion","Redo","Amplify","Go for the Eyes","Leap","Gash","Buffer+1","Decay"],"relics":["Cracked Core","NeowsBlessing","The Courier","Bronze Scales","Shuriken","Cursed Key","Membership Card","Bag of Preparation","Meat on the Bone","War Paint"],"potions_floor_usage":[16,16,19,23,25],"damage_taken":[{"damage":0,"enemies":"Small Slimes","floor":1,"turns":1},{"damage":0,"enemies":"Jaw Worm","floor":3,"turns":1},{"damage":0,"enemies":"3 Sentries","floor":7,"turns":1},{"damage":2,"enemies":"2 Louse","floor":11,"turns":3},{"damage":31,"enemies":"Exordium Thugs","floor":12,"turns":5},{"damage":12,"enemies":"Gremlin Gang","floor":13,"turns":4},{"damage":12,"enemies":"2 Fungi Beasts","floor":14,"turns":2},{"damage":11,"enemies":"Hexaghost","floor":16,"turns":7},{"damage":0,"enemies":"Spheric Guardian","floor":18,"turns":3},{"damage":8,"enemies":"2 Thieves","floor":19,"turns":4},{"damage":21,"enemies":"Snake Plant","floor":20,"turns":3},{"damage":43,"enemies":"Gremlin Leader","floor":23,"turns":7},{"damage":18,"enemies":"Centurion and Healer","floor":25,"turns":3},{"damage":32,"enemies":"Shelled Parasite and Fungi","floor":28,"turns":2}],"seed_played":"4777158714554185281","potions_obtained":[{"floor":7,"key":"Strength Potion"},{"floor":14,"key":"EssenceOfSteel"},{"floor":18,"key":"Block Potion"},{"floor":20,"key":"FearPotion"},{"floor":23,"key":"PowerPotion"}],"is_trial":false,"path_per_floor":["M","?","M","?","$","R","E","?","T","$","M","M","M","M","R","B",null,"M","M","M","?","$","E","R","M","T","R","M"],"character_chosen":"DEFECT","items_purchased":["Apotheosis","Self Repair","White Noise","Ball Lightning","Coolheaded","Membership Card","Bag of Preparation","Gash"],"campfire_rested":1,"item_purchase_floors":[5,10,10,10,10,22,22,22],"current_hp_per_floor":[68,68,68,57,57,57,57,57,57,57,55,31,29,17,39,38,66,66,75,61,61,61,38,38,32,32,32,0],"gold":80,"neow_bonus":"THREE_ENEMY_KILL","is_prod":false,"is_daily":false,"chose_seed":false,"campfire_upgraded":3,"win_rate":0,"timestamp":1547703942,"path_taken":["M","?","M","?","$","R","E","?","T","$","M","M","M","M","R","BOSS","M","M","M","?","?","E","R","?","T","R","M"],"build_version":"2019-01-10","purchased_purges":2,"victory":false,"max_hp_per_floor":[75,75,75,75,75,75,75,75,75,75,75,75,75,75,75,75,75,75,75,75,75,75,75,75,75,75,75,75],"card_choices":[{"not_picked":["Go for the Eyes","Capacitor"],"picked":"Melter","floor":1},{"not_picked":["Reprogram","Sunder"],"picked":"Static Discharge","floor":3},{"not_picked":["Steam Power","Aggregate"],"picked":"Consume","floor":7},{"not_picked":["Scrape","Melter"],"picked":"Cold Snap","floor":11},{"not_picked":["Aggregate","Streamline"],"picked":"Defragment","floor":12},{"not_picked":["Compile Driver","Go for the Eyes"],"picked":"Fusion","floor":13},{"not_picked":["Ball Lightning","Barrage"],"picked":"Redo","floor":14},{"not_picked":["Reboot","Fission"],"picked":"Amplify","floor":16},{"not_picked":["Cold Snap","Redo"],"picked":"Go for the Eyes","floor":18},{"not_picked":["Conserve Battery","Beam Cell+1","Stack+1"],"picked":"SKIP","floor":19},{"not_picked":["Coolheaded","Sweeping Beam"],"picked":"Leap","floor":20},{"not_picked":["Melter","Compile Driver"],"picked":"Buffer","floor":23},{"not_picked":["Redo","Compile Driver","Barrage"],"picked":"SKIP","floor":25}],"player_experience":460101,"relics_obtained":[{"floor":7,"key":"Bronze Scales"},{"floor":9,"key":"Shuriken"},{"floor":23,"key":"Meat on the Bone"},{"floor":26,"key":"War Paint"}],"event_choices":[{"damage_healed":0,"gold_gain":0,"player_choice":"Box","damage_taken":0,"relics_obtained":["The Courier"],"max_hp_gain":0,"max_hp_loss":0,"event_name":"Big Fish","floor":2,"gold_loss":0,"cards_obtained":["Regret"]},{"damage_healed":0,"gold_gain":75,"player_choice":"Gather Gold","damage_taken":11,"max_hp_gain":0,"max_hp_loss":0,"event_name":"World of Goop","floor":4,"gold_loss":0},{"damage_healed":0,"gold_gain":175,"player_choice":"AGREE","damage_taken":0,"max_hp_gain":0,"max_hp_loss":0,"event_name":"Liars Game","floor":8,"gold_loss":0,"cards_obtained":["Doubt"]},{"damage_healed":0,"gold_gain":0,"player_choice":"Ignored","damage_taken":0,"max_hp_gain":0,"max_hp_loss":0,"event_name":"Ghosts","floor":21,"gold_loss":0}],"is_beta":false,"boss_relics":[{"not_picked":["Orrery","Sozu"],"picked":"Cursed Key"}],"items_purged_floors":[5,10],"is_endless":false,"potions_floor_spawned":[7,14,18,20,23],"killed_by":"Shelled Parasite and Fungi","ascension_level":9}