{"gold_per_floor":[117,117,135,155,175,175,203,203,228,263,47,47,80,80,80,203,203,221,245,170,19,38,73,73,73,73,114,130,59,59,77,77,200,200,225,225,17,350,350,350,377,57,57,6,39,39,51,68,68,68],"floor_reached":50,"playtime":6356,"items_purged":["Strike_R"],"score":624,"play_id":"8fd4b27d-e256-4b6b-a543-875b4b1c1f12","local_time":"20190810225527","is_ascension_mode":false,"campfire_choices":[{"data":"Armaments","floor":6,"key":"SMITH"},{"data":"Limit Break","floor":12,"key":"SMITH"},{"floor":15,"key":"REST"},{"data":"Limit Break","floor":24,"key":"SMITH"},{"data":"Whirlwind","floor":30,"key":"SMITH"},{"data":"Dual Wield","floor":32,"key":"SMITH"},{"data":"Blind","floor":40,"key":"SMITH"},{"data":"Battle Trance","floor":49,"key":"SMITH"}],"neow_cost":"PERCENT_DAMAGE","seed_source_timestamp":152745004605993,"circlet_count":0,"master_deck":["Defend_R","Defend_R","Defend_R","Defend_R","Bash","Sword Boomerang","Thunderclap","Armaments+1","Carnage","Flex","Limit Break+1","Iron Wave","Limit Break+1","Shrug It Off","Combust+1","Disarm","Heavy Blade","Limit Break","Bite","Bite","Bite","Bite","Bite","Pommel Strike+1","Dual Wield+1","Whirlwind+1","Reaper","Shrug It Off","Battle Trance+1","Flex","Flame Barrier","Inflame+1","Blind+1","The Bomb","Apotheosis","Shrug It Off","Flex+1","Limit Break+1","Headbutt+1"],"relics":["Burning Blood","Ice Cream","Ancient Tea Set","Potion Belt","Juzu Bracelet","Letter Opener","Sozu","Smiling Mask","Kunai","Bronze Scales","Orrery","Lee\u0027s Waffle","Happy Flower","Mango","Toxic Egg 2","Torii","NlothsMask"],"potions_floor_usage":[19],"damage_taken":[{"damage":4,"enemies":"Jaw Worm","floor":1,"turns":5},{"damage":1,"enemies":"Cultist","floor":3,"turns":3},{"damage":2,"enemies":"Small Slimes","floor":4,"turns":4},{"damage":1,"enemies":"2 Fungi Beasts","floor":5,"turns":3},{"damage":30,"enemies":"3 Sentries","floor":7,"turns":8},{"damage":19,"enemies":"Gremlin Nob","floor":10,"turns":4},{"damage":12,"enemies":"3 Sentries","floor":13,"turns":6},{"damage":30,"enemies":"The Guardian","floor":16,"turns":11},{"damage":5,"enemies":"Chosen","floor":18,"turns":3},{"damage":10,"enemies":"2 Thieves","floor":19,"turns":3},{"damage":20,"enemies":"Chosen and Byrds","floor":22,"turns":5},{"damage":34,"enemies":"Book of Stabbing","floor":23,"turns":7},{"damage":9,"enemies":"Gremlin Leader","floor":27,"turns":3},{"damage":14,"enemies":"3 Cultists","floor":28,"turns":5},{"damage":7,"enemies":"Centurion and Healer","floor":31,"turns":8},{"damage":54,"enemies":"Champ","floor":33,"turns":12},{"damage":16,"enemies":"3 Shapes","floor":35,"turns":6},{"damage":44,"enemies":"Giant Head","floor":45,"turns":7},{"damage":8,"enemies":"Orb Walker","floor":47,"turns":4},{"damage":40,"enemies":"Sphere and 2 Shapes","floor":48,"turns":4},{"damage":53,"enemies":"Time Eater","floor":50,"turns":3}],"seed_played":"5490107954988275094","potions_obtained":[{"floor":10,"key":"Fire Potion"},{"floor":13,"key":"SmokeBomb"}],"is_trial":false,"path_per_floor":["M","?","M","M","M","R","E","?","T","E","$","R","E","?","R","B",null,"M","M","?","$","M","E","R","?","T","E","M","$","R","M","R","B",null,"M","?","$","?","?","R","T","$","T","$","E","?","M","M","R","B"],"character_chosen":"IRONCLAD","items_purchased":["Flex","Limit Break","Disarm","Whirlwind","Lee\u0027s Waffle","Mango","Shrug It Off","Flex+1"],"campfire_rested":1,"item_purchase_floors":[11,11,21,29,37,42,42,44],"current_hp_per_floor":[58,50,55,59,64,64,40,40,40,27,27,27,21,14,38,14,80,80,76,76,76,62,34,34,34,34,35,40,40,40,56,56,25,56,53,43,63,63,63,63,63,77,77,77,44,44,46,41,41,0],"gold":68,"neow_bonus":"ONE_RARE_RELIC","is_prod":false,"is_daily":false,"chose_seed":false,"campfire_upgraded":7,"win_rate":0,"timestamp":1565492127,"path_taken":["M","?","M","?","M","R","E","?","T","E","$","R","E","?","R","BOSS","M","M","?","$","M","E","R","?","T","E","M","$","R","M","R","BOSS","M","?","$","?","?","R","?","$","T","$","E","?","M","M","R","BOSS"],"build_version":"2019-07-17","purchased_purges":1,"victory":false,"max_hp_per_floor":[80,80,80,80,80,80,80,80,80,80,80,80,80,80,80,80,80,80,80,80,80,80,80,80,56,56,56,56,56,56,56,56,56,56,56,56,63,63,63,63,63,77,77,77,77,77,77,77,77,77],"card_choices":[{"not_picked":["Perfected Strike","Cleave"],"picked":"Sword Boomerang","floor":1},{"not_picked":["Blood for Blood","Fire Breathing"],"picked":"Thunderclap","floor":3},{"not_picked":["Ghostly Armor","Clash"],"picked":"Armaments","floor":4},{"not_picked":["Clothesline","Metallicize"],"picked":"Carnage","floor":5},{"not_picked":["Ghostly Armor","Sword Boomerang","Anger"],"picked":"SKIP","floor":7},{"not_picked":["Perfected Strike","Power Through","Clothesline"],"picked":"SKIP","floor":10},{"not_picked":["Rupture","Clash"],"picked":"Iron Wave","floor":13},{"not_picked":["Reaper","Barricade"],"picked":"Limit Break","floor":16},{"not_picked":["Cleave","Warcry"],"picked":"Shrug It Off","floor":18},{"not_picked":["Clothesline","Iron Wave"],"picked":"Combust+1","floor":19},{"not_picked":["Carnage","Thunderclap"],"picked":"Heavy Blade","floor":22},{"not_picked":["Pommel Strike+1","Reckless Charge+1"],"picked":"Limit Break","floor":23},{"not_picked":["Iron Wave","Anger"],"picked":"Pommel Strike+1","floor":27},{"not_picked":["Pommel Strike","Twin Strike"],"picked":"Dual Wield","floor":28},{"not_picked":["Armaments","Clothesline","Clash"],"picked":"SKIP","floor":31},{"not_picked":["Juggernaut","Barricade"],"picked":"Reaper","floor":33},{"not_picked":["Body Slam","Rampage"],"picked":"Shrug It Off","floor":34},{"not_picked":["Reckless Charge","Whirlwind"],"picked":"Battle Trance","floor":34},{"not_picked":["Pummel","Body Slam+1"],"picked":"Flex","floor":34},{"not_picked":["Fire Breathing","Entrench"],"picked":"Flame Barrier","floor":34},{"not_picked":["Thunderclap+1","Rupture+1"],"picked":"Inflame+1","floor":35},{"not_picked":["Enlightenment","HandOfGreed"],"picked":"Blind","floor":36},{"not_picked":["Deep Breath","Flash of Steel"],"picked":"The Bomb","floor":36},{"not_picked":["Bandage Up","Deep Breath"],"picked":"Apotheosis","floor":36},{"not_picked":["Sword Boomerang+1","Clash"],"picked":"Limit Break+1","floor":45},{"not_picked":["Anger+1","Armaments+1"],"picked":"Headbutt+1","floor":47},{"not_picked":["Rampage","True Grit+1","Sword Boomerang+1"],"picked":"SKIP","floor":48}],"player_experience":50841,"relics_obtained":[{"floor":7,"key":"Ancient Tea Set"},{"floor":9,"key":"Potion Belt"},{"floor":10,"key":"Juzu Bracelet"},{"floor":13,"key":"Letter Opener"},{"floor":23,"key":"Smiling Mask"},{"floor":26,"key":"Kunai"},{"floor":27,"key":"Bronze Scales"},{"floor":41,"key":"Happy Flower"},{"floor":43,"key":"Toxic Egg 2"},{"floor":45,"key":"Torii"}],"event_choices":[{"damage_healed":0,"gold_gain":0,"player_choice":"Damaged","damage_taken":8,"max_hp_gain":0,"max_hp_loss":0,"event_name":"Wheel of Change","floor":2,"gold_loss":0},{"damage_healed":0,"gold_gain":0,"player_choice":"Take Wound","damage_taken":0,"relics_obtained":["Golden Idol"],"max_hp_gain":0,"max_hp_loss":0,"event_name":"Golden Idol","floor":8,"gold_loss":0,"cards_obtained":["Injury"]},{"cards_removed":["Injury"],"damage_healed":0,"gold_gain":0,"player_choice":"Card Removal","damage_taken":7,"max_hp_gain":0,"max_hp_loss":0,"event_name":"Golden Wing","floor":14,"gold_loss":0},{"cards_removed":["Strike_R"],"damage_healed":0,"gold_gain":0,"player_choice":"Gave Gold","damage_taken":0,"max_hp_gain":0,"max_hp_loss":0,"event_name":"Beggar","floor":20,"gold_loss":75},{"damage_healed":0,"gold_gain":0,"player_choice":"Became a vampire","damage_taken":0,"max_hp_gain":0,"max_hp_loss":24,"event_name":"Vampires","floor":25,"gold_loss":0,"cards_obtained":["Bite","Bite","Bite","Bite","Bite"]},{"damage_healed":0,"gold_gain":0,"player_choice":"Memory 3","damage_taken":10,"max_hp_gain":0,"max_hp_loss":0,"event_name":"SensoryStone","floor":36,"gold_loss":0},{"damage_healed":0,"gold_gain":333,"player_choice":"Gave Idol","damage_taken":0,"max_hp_gain":0,"max_hp_loss":0,"event_name":"The Moai Head","floor":38,"relics_lost":["Golden Idol"],"gold_loss":0},{"damage_healed":0,"gold_gain":0,"player_choice":"Ignored","damage_taken":0,"max_hp_gain":0,"max_hp_loss":0,"event_name":"Tomb of Lord Red Mask","floor":39,"gold_loss":0},{"damage_healed":0,"gold_gain":0,"player_choice":"Trade","damage_taken":0,"relics_obtained":["NlothsMask"],"max_hp_gain":0,"max_hp_loss":0,"event_name":"FaceTrader","floor":46,"gold_loss":0}],"is_beta":false,"boss_relics":[{"not_picked":["Astrolabe","Tiny House"],"picked":"Sozu"},{"not_picked":["Lizard Tail","Empty Cage"],"picked":"Orrery"}],"items_purged_floors":[21],"is_endless":false,"potions_floor_spawned":[10,13,18,19,27,47,48],"killed_by":"Time Eater","ascension_level":0}