{"gold_per_floor":[144,189,234,6,6,96,96,141,166,256,206,26,71,116,116,416,416,461,461,506,45,45,135,135,180,205,120,25,70,22,67,67,367,367,412,28,73,118,163,163,163,3,28,73,163,163,208,253,253,253],"floor_reached":51,"playtime":5500,"items_purged":["Evolve","Strike_R","Strike_R"],"score":861,"play_id":"2d7bacaa-af5e-4b63-9e94-283f831a14ff","local_time":"20190817121705","daily_mods":["Specialized","Vintage","Midas"],"is_ascension_mode":false,"campfire_choices":[{"floor":7,"key":"REST"},{"floor":15,"key":"REST"},{"floor":24,"key":"REST"},{"floor":32,"key":"REST"},{"floor":40,"key":"REST"},{"floor":49,"key":"REST"}],"neow_cost":"","seed_source_timestamp":0,"circlet_count":0,"master_deck":["Defend_R+1","Defend_R+1","Defend_R+1","Defend_R+1","Bash+1","Evolve+1","Evolve+1","The Bomb+1","Headbutt+1","Inflame+1","Combust+1","Limit Break+1","Berserk+1","Blood for Blood+1","Thunderclap+1","Necronomicurse","Whirlwind+1","Perfected Strike+1","Armaments+1","Flex+1","Shrug It Off+1","Cleave+1","Headbutt+1","Feed+1","Rage+1","Parasite","Heavy Blade+1"],"special_seed":18125,"relics":["Burning Blood","Strawberry","Regal Pillow","MawBank","Mercury Hourglass","Oddly Smooth Stone","Lantern","Orichalcum","Potion Belt","Mango","Astrolabe","Ornamental Fan","Necronomicon","Frozen Egg 2","Chemical X","Darkstone Periapt","Happy Flower","Bag of Marbles","Art of War","Sundial","Pen Nib","Runic Pyramid","Letter Opener","Charon\u0027s Ashes","War Paint","Self Forming Clay","Calipers","The Courier","Brimstone","Anchor","Toxic Egg 2","Blood Vial","Mark of the Bloom","PreservedInsect","Dodecahedron"],"potions_floor_usage":[6,8,16,18,23,29,31,44,45,50,50,50],"damage_taken":[{"damage":6,"enemies":"Jaw Worm","floor":1,"turns":4},{"damage":0,"enemies":"Small Slimes","floor":2,"turns":4},{"damage":6,"enemies":"2 Louse","floor":3,"turns":2},{"damage":6,"enemies":"Gremlin Nob","floor":6,"turns":3},{"damage":7,"enemies":"Blue Slaver","floor":8,"turns":4},{"damage":18,"enemies":"Lagavulin","floor":10,"turns":5},{"damage":8,"enemies":"Lots of Slimes","floor":13,"turns":2},{"damage":7,"enemies":"Red Slaver","floor":14,"turns":2},{"damage":2,"enemies":"Slime Boss","floor":16,"turns":5},{"damage":13,"enemies":"3 Byrds","floor":18,"turns":3},{"damage":4,"enemies":"Chosen","floor":20,"turns":3},{"damage":38,"enemies":"Book of Stabbing","floor":23,"turns":4},{"damage":15,"enemies":"Snake Plant","floor":25,"turns":2},{"damage":8,"enemies":"Cultist and Chosen","floor":29,"turns":4},{"damage":1,"enemies":"Shelled Parasite and Fungi","floor":31,"turns":2},{"damage":85,"enemies":"Champ","floor":33,"turns":9},{"damage":36,"enemies":"3 Shapes","floor":35,"turns":2},{"damage":0,"enemies":"3 Darklings","floor":37,"turns":2},{"damage":20,"enemies":"Spire Growth","floor":38,"turns":3},{"damage":15,"enemies":"Writhing Mass","floor":39,"turns":3},{"damage":0,"enemies":"Maw","floor":44,"turns":4},{"damage":21,"enemies":"Reptomancer","floor":45,"turns":3},{"damage":0,"enemies":"Spire Growth","floor":47,"turns":1},{"damage":0,"enemies":"Jaw Worm Horde","floor":48,"turns":2},{"damage":68,"enemies":"Awakened One","floor":50,"turns":6}],"seed_played":"7982343290599772324","potions_obtained":[{"floor":1,"key":"Strength Potion"},{"floor":2,"key":"Block Potion"},{"floor":3,"key":"AttackPotion"},{"floor":10,"key":"EssenceOfSteel"},{"floor":18,"key":"Explosive Potion"},{"floor":20,"key":"Strength Potion"},{"floor":23,"key":"Dexterity Potion"},{"floor":35,"key":"SkillPotion"},{"floor":39,"key":"AttackPotion"},{"floor":45,"key":"Fire Potion"},{"floor":47,"key":"Fire Potion"}],"is_trial":false,"path_per_floor":["M","M","M","$","?","E","R","M","T","E","?","$","M","M","R","B",null,"M","?","M","$","?","E","R","M","T","?","$","M","$","M","R","B",null,"M","$","M","M","M","R","T","$","T","M","E","?","M","M","R","B",null],"character_chosen":"IRONCLAD","items_purchased":["The Bomb","Combust","Whirlwind","Chemical X","Perfected Strike","Armaments","Shrug It Off","Cleave","Headbutt","Rage","Charon\u0027s Ashes","Strength Potion","Brimstone"],"campfire_rested":6,"item_purchase_floors":[4,12,21,21,21,21,28,28,30,36,36,36,42],"current_hp_per_floor":[87,87,87,87,80,80,87,86,86,74,74,74,72,85,101,101,101,94,78,80,80,60,28,74,65,65,65,65,63,63,68,106,27,106,76,76,82,68,65,112,112,112,112,112,97,97,97,97,97,29],"gold":253,"neow_bonus":"","is_prod":false,"is_daily":true,"chose_seed":false,"campfire_upgraded":0,"win_rate":0,"timestamp":1566058625,"path_taken":["M","M","M","$","?","E","R","M","T","E","?","$","M","M","R","BOSS","M","?","M","$","?","E","R","M","T","?","$","M","?","M","R","BOSS","M","$","?","M","M","R","?","$","T","M","E","?","M","M","R","BOSS"],"build_version":"2019-07-17","purchased_purges":3,"victory":true,"max_hp_per_floor":[87,87,87,87,87,87,87,87,87,87,87,87,87,101,101,101,101,101,101,101,101,106,106,106,106,106,106,106,106,106,106,106,106,106,106,106,106,106,112,112,112,112,112,112,112,112,112,116,116,120],"card_choices":[{"not_picked":["Clothesline","Wild Strike"],"picked":"Headbutt","floor":6},{"not_picked":["Searing Blow","Flex"],"picked":"Inflame","floor":10},{"not_picked":["Exhume","Brutality"],"picked":"Limit Break","floor":16},{"not_picked":["Pommel Strike+1","Sword Boomerang"],"picked":"Flex","floor":23},{"not_picked":["Juggernaut+1","Fiend Fire"],"picked":"Feed","floor":33},{"not_picked":["Twin Strike","Ghostly Armor+1"],"picked":"Heavy Blade","floor":45}],"player_experience":120284,"relics_obtained":[{"floor":1,"key":"Strawberry"},{"floor":2,"key":"Regal Pillow"},{"floor":3,"key":"MawBank"},{"floor":6,"key":"Mercury Hourglass"},{"floor":8,"key":"Oddly Smooth Stone"},{"floor":9,"key":"Lantern"},{"floor":10,"key":"Orichalcum"},{"floor":13,"key":"Potion Belt"},{"floor":14,"key":"Mango"},{"floor":18,"key":"Ornamental Fan"},{"floor":19,"key":"Necronomicon"},{"floor":20,"key":"Frozen Egg 2"},{"floor":23,"key":"Darkstone Periapt"},{"floor":25,"key":"Happy Flower"},{"floor":26,"key":"Bag of Marbles"},{"floor":29,"key":"Sundial"},{"floor":31,"key":"Pen Nib"},{"floor":35,"key":"Letter Opener"},{"floor":37,"key":"War Paint"},{"floor":38,"key":"Self Forming Clay"},{"floor":39,"key":"Calipers"},{"floor":41,"key":"The Courier"},{"floor":43,"key":"Anchor"},{"floor":44,"key":"Toxic Egg 2"},{"floor":45,"key":"Blood Vial"},{"floor":47,"key":"PreservedInsect"},{"floor":48,"key":"Dodecahedron"}],"event_choices":[{"cards_removed":["Evolve"],"damage_healed":0,"gold_gain":0,"player_choice":"Card Removal","damage_taken":7,"max_hp_gain":0,"max_hp_loss":0,"event_name":"Golden Wing","floor":5,"gold_loss":0},{"cards_removed":["Evolve"],"damage_healed":0,"gold_gain":0,"player_choice":"Card Removal","damage_taken":0,"max_hp_gain":0,"max_hp_loss":0,"event_name":"The Cleric","floor":11,"gold_loss":50},{"damage_healed":0,"gold_gain":0,"player_choice":"Obtained Book","damage_taken":16,"max_hp_gain":0,"max_hp_loss":0,"event_name":"Cursed Tome","floor":19,"gold_loss":0},{"damage_healed":0,"gold_gain":0,"player_choice":"Shed Blood","damage_taken":25,"max_hp_gain":5,"max_hp_loss":0,"event_name":"Forgotten Altar","floor":22,"gold_loss":0},{"damage_healed":0,"gold_gain":0,"player_choice":"Obtained Relic","damage_taken":0,"relics_obtained":["Art of War"],"max_hp_gain":0,"max_hp_loss":0,"event_name":"Addict","floor":27,"gold_loss":85},{"damage_healed":0,"gold_gain":0,"player_choice":"Upgrade","damage_taken":0,"relics_obtained":["Mark of the Bloom"],"max_hp_gain":0,"max_hp_loss":0,"event_name":"MindBloom","floor":46,"gold_loss":0,"cards_upgraded":["Defend_R","Defend_R","Defend_R","Defend_R","Bash","Evolve","Evolve","The Bomb","Headbutt","Inflame","Combust","Limit Break","Whirlwind","Perfected Strike","Armaments","Flex","Cleave","Headbutt","Feed","Heavy Blade"]}],"is_beta":false,"boss_relics":[{"not_picked":["Lizard Tail","Snecko Eye"],"picked":"Astrolabe"},{"not_picked":["Cursed Key","Eternal Feather"],"picked":"Runic Pyramid"}],"items_purged_floors":[4,12,21],"is_endless":false,"potions_floor_spawned":[1,2,3,10,18,20,23,35,39,45,47],"ascension_level":0}