{"gold_per_floor":[119,137,62,137,157,184,202,202,227,227,227],"floor_reached":11,"playtime":815,"items_purged":["Doubt"],"score":110,"play_id":"807e9b96-8ad1-4a00-ba3f-e7da276cf5e1","local_time":"20190915144659","is_ascension_mode":true,"campfire_choices":[{"floor":8,"key":"REST"},{"data":"Terror","floor":10,"key":"SMITH"}],"neow_cost":"CURSE","seed_source_timestamp":327118033348400,"circlet_count":0,"master_deck":["AscendersBane","Strike_G","Strike_G","Strike_G","Defend_G","Defend_G","Defend_G","Defend_G","Defend_G","Survivor","Neutralize","Eviscerate","Terror+1","Cloak And Dagger","Cloak And Dagger","Footwork","Sucker Punch"],"relics":["Ring of the Snake","Smiling Mask","Anchor"],"potions_floor_usage":[11],"damage_taken":[{"damage":0,"enemies":"Small Slimes","floor":1,"turns":8},{"damage":0,"enemies":"Jaw Worm","floor":2,"turns":5},{"damage":0,"enemies":"2 Louse","floor":5,"turns":3},{"damage":42,"enemies":"3 Sentries","floor":6,"turns":23},{"damage":0,"enemies":"2 Fungi Beasts","floor":7,"turns":5},{"damage":47,"enemies":"Gremlin Nob","floor":11,"turns":6}],"seed_played":"4153694887705807594","potions_obtained":[{"floor":2,"key":"SteroidPotion"},{"floor":6,"key":"EssenceOfSteel"}],"is_trial":false,"path_per_floor":["M","M","$","?","M","E","M","R","T","R","E"],"character_chosen":"THE_SILENT","items_purchased":[],"campfire_rested":1,"item_purchase_floors":[],"current_hp_per_floor":[63,63,63,52,52,10,10,31,31,31,0],"gold":227,"neow_bonus":"TRANSFORM_TWO_CARDS","is_prod":false,"is_daily":false,"chose_seed":false,"campfire_upgraded":1,"win_rate":0,"timestamp":1568548019,"path_taken":["M","M","$","?","M","E","M","R","T","R","E"],"build_version":"2019-07-17","purchased_purges":1,"victory":false,"max_hp_per_floor":[70,70,70,70,70,70,70,70,70,70,70],"card_choices":[{"not_picked":["Riddle With Holes","Setup"],"picked":"Cloak And Dagger","floor":1},{"not_picked":["Acrobatics","Bouncing Flask"],"picked":"Cloak And Dagger","floor":2},{"not_picked":["Reflex","Cloak And Dagger","Backflip"],"picked":"SKIP","floor":5},{"not_picked":["Blade Dance","Eviscerate"],"picked":"Footwork","floor":6},{"not_picked":["Quick Slash","Underhanded Strike"],"picked":"Sucker Punch","floor":7}],"player_experience":283873,"relics_obtained":[{"floor":6,"key":"Smiling Mask"},{"floor":9,"key":"Anchor"}],"event_choices":[{"damage_healed":0,"gold_gain":75,"player_choice":"Gather Gold","damage_taken":11,"max_hp_gain":0,"max_hp_loss":0,"event_name":"World of Goop","floor":4,"gold_loss":0}],"is_beta":false,"boss_relics":[],"items_purged_floors":[3],"is_endless":false,"potions_floor_spawned":[2,6],"killed_by":"Gremlin Nob","ascension_level":10}