{"gold_per_floor":[109,34,52,70,83,83,94,123,123,123,123,152,168,194,194,292,292,302,32,52,70,70,101,101,136,136,61,79,79,98,8,8,111,111,124,124,134,134,152,185,185,185,209,221,233,264,276,28,28,28],"floor_reached":50,"playtime":4309,"items_purged":["Decay","Defend_B"],"score":725,"play_id":"9050890f-0207-448a-a87b-a08e26edb3d8","local_time":"20181209202437","is_ascension_mode":true,"campfire_choices":[{"data":"Turbo","floor":6,"key":"SMITH"},{"data":"White Noise","floor":10,"key":"SMITH"},{"floor":15,"key":"REST"},{"data":"Loop","floor":24,"key":"SMITH"},{"floor":29,"key":"REST"},{"floor":32,"key":"REST"},{"data":"Forethought","floor":44,"key":"SMITH"},{"floor":47,"key":"RECALL"},{"data":"Loop","floor":49,"key":"SMITH"}],"neow_cost":"CURSE","seed_source_timestamp":38438737809725,"circlet_count":0,"master_deck":["Strike_B+1","Strike_B+1","Strike_B+1","Defend_B+1","Defend_B+1","Zap+1","Dualcast+1","Rebound+1","Reinforced Body+1","White Noise+1","Turbo+1","Leap+1","Machine Learning+1","Doom and Gloom+1","Core Surge+1","Hologram+1","Steam+1","Loop+1","Cold Snap+1","Conserve Battery+1","Turbo+1","Creative AI+1","Steam+1","Darkness+1","Forethought+1","Leap+1","Loop+1","Glacier"],"relics":["Cracked Core","Torii","Nunchaku","Thread and Needle","Pocketwatch","StoneCalendar","Nuclear Battery","DataDisk","PreservedInsect","Orichalcum","Omamori","Coffee Dripper","Mark of the Bloom","Vajra","MawBank","Bag of Marbles"],"potions_floor_usage":[8,12,14,16,21,25,25,33,39,50,50],"damage_taken":[{"damage":3,"enemies":"Jaw Worm","floor":1,"turns":3},{"damage":1,"enemies":"Cultist","floor":3,"turns":3},{"damage":0,"enemies":"2 Louse","floor":4,"turns":2},{"damage":8,"enemies":"2 Fungi Beasts","floor":5,"turns":3},{"damage":2,"enemies":"Red Slaver","floor":7,"turns":5},{"damage":16,"enemies":"Gremlin Nob","floor":8,"turns":5},{"damage":11,"enemies":"Lagavulin","floor":12,"turns":5},{"damage":1,"enemies":"Blue Slaver","floor":13,"turns":3},{"damage":0,"enemies":"3 Sentries","floor":14,"turns":4},{"damage":7,"enemies":"The Guardian","floor":16,"turns":12},{"damage":1,"enemies":"Chosen","floor":18,"turns":5},{"damage":1,"enemies":"Spheric Guardian","floor":20,"turns":4},{"damage":6,"enemies":"3 Cultists","floor":21,"turns":4},{"damage":8,"enemies":"Gremlin Leader","floor":23,"turns":7},{"damage":42,"enemies":"Book of Stabbing","floor":25,"turns":7},{"damage":0,"enemies":"Snecko","floor":28,"turns":4},{"damage":0,"enemies":"Sentry and Sphere","floor":30,"turns":4},{"damage":29,"enemies":"Collector","floor":33,"turns":9},{"damage":2,"enemies":"3 Darklings","floor":35,"turns":5},{"damage":0,"enemies":"3 Shapes","floor":37,"turns":5},{"damage":1,"enemies":"Spire Growth","floor":39,"turns":4},{"damage":33,"enemies":"Nemesis","floor":40,"turns":3},{"damage":1,"enemies":"Writhing Mass","floor":46,"turns":5},{"damage":42,"enemies":"Donu and Deca","floor":50,"turns":8}],"seed_played":"-8775427585028876262","potions_obtained":[{"floor":1,"key":"SteroidPotion"},{"floor":3,"key":"Ancient Potion"},{"floor":7,"key":"Explosive Potion"},{"floor":12,"key":"Poison Potion"},{"floor":13,"key":"GamblersBrew"},{"floor":16,"key":"FearPotion"},{"floor":21,"key":"GamblersBrew"},{"floor":30,"key":"EssenceOfSteel"},{"floor":33,"key":"Regen Potion"},{"floor":37,"key":"Fire Potion"},{"floor":39,"key":"Strength Potion"},{"floor":40,"key":"SpeedPotion"}],"is_trial":false,"path_per_floor":["M","$","M","M","M","R","M","E","T","R","?","E","M","E","R","B",null,"M","$","M","M","?","E","R","E","T","?","M","R","M","?","R","B",null,"M","?","M","?","M","E","?","?","T","R","?","M","R","$","R","B"],"character_chosen":"DEFECT","items_purchased":["DataDisk","Hologram","Loop","Glacier","Bag of Marbles"],"campfire_rested":3,"item_purchase_floors":[19,19,48,48,48],"current_hp_per_floor":[72,72,71,71,63,63,61,45,45,45,45,34,33,33,55,48,68,67,67,66,60,60,52,52,10,10,10,10,32,32,32,54,25,63,61,61,61,61,60,27,27,27,27,27,27,26,26,26,26,0],"gold":28,"neow_bonus":"ONE_RARE_RELIC","is_prod":false,"is_daily":false,"chose_seed":false,"campfire_upgraded":5,"win_rate":0,"timestamp":1544415877,"path_taken":["M","$","M","M","M","R","M","E","T","R","?","E","?","E","R","BOSS","M","$","M","M","?","E","R","E","T","?","M","R","M","?","R","BOSS","M","?","M","?","M","E","?","?","T","R","?","M","R","$","R","BOSS"],"build_version":"2018-12-06","purchased_purges":2,"victory":false,"max_hp_per_floor":[75,75,75,75,75,75,75,75,75,75,75,75,75,75,75,75,75,75,75,75,75,75,75,75,75,75,75,75,75,75,75,75,75,75,75,75,75,75,75,75,75,71,71,71,71,71,71,71,71,71],"card_choices":[{"not_picked":["Recycle","Gash"],"picked":"Rebound","floor":1},{"not_picked":["Ball Lightning","Rebound"],"picked":"Reinforced Body","floor":3},{"not_picked":["Force Field","Stack"],"picked":"White Noise","floor":4},{"not_picked":["Rainbow","Reprogram"],"picked":"Turbo","floor":5},{"not_picked":["Compile Driver","Stack","Coolheaded"],"picked":"SKIP","floor":7},{"not_picked":["Steam","Genetic Algorithm"],"picked":"Leap","floor":8},{"not_picked":["Auto Shields","Sweeping Beam"],"picked":"Machine Learning","floor":12},{"not_picked":["Gash","Hologram"],"picked":"Doom and Gloom","floor":13},{"not_picked":["Hyperbeam","Ball Lightning","Aggregate"],"picked":"SKIP","floor":14},{"not_picked":["Electrodynamics","Echo Form"],"picked":"Core Surge","floor":16},{"not_picked":["Ball Lightning","Heatsinks","Beam Cell"],"picked":"SKIP","floor":18},{"not_picked":["Rebound","Beam Cell"],"picked":"Steam+1","floor":20},{"not_picked":["Storm","Sweeping Beam"],"picked":"Loop","floor":21},{"not_picked":["Ball Lightning+1","Redo","Rebound"],"picked":"SKIP","floor":23},{"not_picked":["Redo","Sweeping Beam"],"picked":"Cold Snap+1","floor":25},{"not_picked":["Auto Shields","Cold Snap+1"],"picked":"Conserve Battery+1","floor":28},{"not_picked":["Electrodynamics","Cold Snap"],"picked":"Turbo","floor":30},{"not_picked":["Hyperbeam","Biased Cognition"],"picked":"Creative AI","floor":33},{"not_picked":["Static Discharge+1","Force Field"],"picked":"Steam+1","floor":35},{"not_picked":["Leap","Cold Snap","Chaos"],"picked":"SKIP","floor":37},{"not_picked":["Coolheaded+1","BootSequence+1"],"picked":"Darkness+1","floor":39},{"not_picked":["Coolheaded","Stack","Steam"],"picked":"SKIP","floor":40},{"not_picked":["Discovery","Bandage Up"],"picked":"Forethought","floor":41},{"not_picked":["White Noise+1","Compile Driver"],"picked":"Leap+1","floor":46}],"player_experience":190508,"relics_obtained":[{"floor":8,"key":"Nunchaku"},{"floor":9,"key":"Thread and Needle"},{"floor":12,"key":"Pocketwatch"},{"floor":14,"key":"StoneCalendar"},{"floor":23,"key":"PreservedInsect"},{"floor":25,"key":"Orichalcum"},{"floor":26,"key":"Omamori"},{"floor":40,"key":"Vajra"},{"floor":43,"key":"MawBank"}],"event_choices":[{"damage_healed":0,"gold_gain":0,"player_choice":"Forge","damage_taken":0,"max_hp_gain":0,"max_hp_loss":0,"event_name":"Accursed Blacksmith","floor":11,"gold_loss":0,"cards_upgraded":["Reinforced Body"]},{"damage_healed":0,"gold_gain":0,"player_choice":"Ignored","damage_taken":0,"max_hp_gain":0,"max_hp_loss":0,"event_name":"The Mausoleum","floor":22,"gold_loss":0},{"cards_removed":["Defend_B"],"damage_healed":0,"gold_gain":0,"player_choice":"Gave Gold","damage_taken":0,"max_hp_gain":0,"max_hp_loss":0,"event_name":"Beggar","floor":27,"gold_loss":75},{"cards_removed":["Strike_B"],"damage_healed":0,"gold_gain":0,"player_choice":"Upgrade and Remove","damage_taken":0,"max_hp_gain":0,"max_hp_loss":0,"event_name":"Designer","floor":31,"gold_loss":90,"cards_upgraded":["Strike_B"]},{"damage_healed":0,"gold_gain":0,"player_choice":"Ignored","damage_taken":0,"max_hp_gain":0,"max_hp_loss":0,"event_name":"Mysterious Sphere","floor":36,"gold_loss":0},{"damage_healed":0,"gold_gain":0,"player_choice":"Upgrade","damage_taken":0,"relics_obtained":["Mark of the Bloom"],"max_hp_gain":0,"max_hp_loss":0,"event_name":"MindBloom","floor":38,"gold_loss":0,"cards_upgraded":["Strike_B","Strike_B","Defend_B","Defend_B","Zap","Dualcast","Rebound","Leap","Machine Learning","Doom and Gloom","Core Surge","Hologram","Turbo","Creative AI"]},{"damage_healed":0,"gold_gain":0,"player_choice":"Memory 1","damage_taken":0,"max_hp_gain":0,"max_hp_loss":0,"event_name":"SensoryStone","floor":41,"gold_loss":0},{"damage_healed":0,"gold_gain":0,"player_choice":"Max HP","damage_taken":0,"max_hp_gain":0,"max_hp_loss":4,"event_name":"Winding Halls","floor":42,"gold_loss":0},{"damage_healed":0,"gold_gain":0,"player_choice":"Ignored","damage_taken":0,"max_hp_gain":0,"max_hp_loss":0,"event_name":"Tomb of Lord Red Mask","floor":45,"gold_loss":0}],"is_beta":false,"boss_relics":[{"not_picked":["Cursed Key","Empty Cage"],"picked":"Nuclear Battery"},{"not_picked":["Velvet Choker","Snecko Eye"],"picked":"Coffee Dripper"}],"items_purged_floors":[2,19],"is_endless":false,"potions_floor_spawned":[1,3,7,12,13,16,21,30,33,37,39,40],"killed_by":"Donu and Deca","ascension_level":5}