{"gold_per_floor":[119,119,44,60,30,30,60,60,113,123,143,218,235,245,245,344,344,356,455,25,40,40,50,67,67,114,89,89,102,131,144,144,247,247,264,275,1,12,30,30,30,0,0,19,33,33,33,58,58,58],"floor_reached":51,"playtime":6272,"items_purged":["Strike_B","Strike_B","Defend_B"],"score":801,"play_id":"17e41893-aac9-4619-ba7e-1255b08d0605","local_time":"20190823162103","is_ascension_mode":false,"campfire_choices":[{"data":"Turbo","floor":6.0,"key":"SMITH"},{"data":"Loop","floor":8.0,"key":"SMITH"},{"data":"Reinforced Body","floor":15.0,"key":"SMITH"},{"data":"Echo Form","floor":25.0,"key":"SMITH"},{"data":"Defragment","floor":32.0,"key":"SMITH"},{"floor":41.0,"key":"RECALL"},{"floor":46.0,"key":"REST"},{"data":"Streamline","floor":49,"key":"SMITH"}],"neow_cost":"NONE","seed_source_timestamp":0,"circlet_count":0,"master_deck":["Strike_B","Strike_B","Defend_B","Defend_B+1","Defend_B+1","Zap+1","Dualcast","Reinforced Body+1","Turbo+1","Loop+1","Beam Cell","Doom and Gloom","Static Discharge","Coolheaded","Echo Form+1","Skim","Coolheaded+1","Leap+1","Ghostly+1","Ghostly+1","Ghostly+1","Ghostly+1","Ghostly+1","Rebound","Conserve Battery+1","Zap+1","Conserve Battery+1","Defragment+1","Streamline+1","Creative AI","Turbo+1","Reprogram+1","Apotheosis+1","Panacea+1","The Bomb+1","Storm+1","Force Field+1","Aggregate+1"],"special_seed":0,"relics":["Cracked Core","Pear","Anchor","Velvet Choker","Toxic Egg 2","Strawberry","Orichalcum","Runic Pyramid","Centennial Puzzle","Red Mask","FaceOfCleric","Boot"],"potions_floor_usage":[50],"damage_taken":[{"damage":0.0,"enemies":"Small Slimes","floor":1.0,"turns":2.0},{"damage":0.0,"enemies":"2 Louse","floor":4.0,"turns":2.0},{"damage":12.0,"enemies":"3 Sentries","floor":7.0,"turns":5.0},{"damage":0.0,"enemies":"Cultist","floor":10.0,"turns":3.0},{"damage":0.0,"enemies":"Looter","floor":11.0,"turns":3.0},{"damage":2.0,"enemies":"Large Slime","floor":13.0,"turns":5.0},{"damage":0.0,"enemies":"3 Louse","floor":14.0,"turns":3.0},{"damage":25.0,"enemies":"Hexaghost","floor":16.0,"turns":10.0},{"damage":19.0,"enemies":"Shell Parasite","floor":18.0,"turns":5.0},{"damage":0.0,"enemies":"3 Byrds","floor":21.0,"turns":5.0},{"damage":2.0,"enemies":"Snake Plant","floor":23.0,"turns":4.0},{"damage":0.0,"enemies":"3 Cultists","floor":24.0,"turns":7.0},{"damage":0.0,"enemies":"Snecko","floor":29.0,"turns":7.0},{"damage":2.0,"enemies":"Gremlin Leader","floor":30.0,"turns":9.0},{"damage":11.0,"enemies":"Snake Plant","floor":31.0,"turns":4.0},{"damage":0.0,"enemies":"Collector","floor":33.0,"turns":9.0},{"damage":0.0,"enemies":"Orb Walker","floor":35.0,"turns":4.0},{"damage":1.0,"enemies":"3 Darklings","floor":36.0,"turns":8.0},{"damage":8.0,"enemies":"Jaw Worm Horde","floor":38.0,"turns":7.0},{"damage":0.0,"enemies":"Sphere and 2 Shapes","floor":39.0,"turns":8.0},{"damage":1.0,"enemies":"Maw","floor":44.0,"turns":8.0},{"damage":0.0,"enemies":"Jaw Worm Horde","floor":45.0,"turns":6.0},{"damage":0,"enemies":"Giant Head","floor":48,"turns":8},{"damage":6,"enemies":"Time Eater","floor":50,"turns":9}],"seed_played":"6979003139969574723","potions_obtained":[{"floor":1.0,"key":"Regen Potion"},{"floor":5.0,"key":"SneckoOil"},{"floor":5.0,"key":"PowerPotion"},{"floor":11.0,"key":"FocusPotion"},{"floor":14.0,"key":"PowerPotion"},{"floor":21.0,"key":"Swift Potion"},{"floor":24.0,"key":"Explosive Potion"},{"floor":33.0,"key":"GamblersBrew"},{"floor":35.0,"key":"GamblersBrew"},{"floor":36.0,"key":"SpeedPotion"},{"floor":38.0,"key":"LiquidBronze"},{"floor":48,"key":"Energy Potion"}],"is_trial":false,"path_per_floor":["M","?","$","M","?","R","E","R","T","M","M","?","M","M","R","B",null,"M","?","$","M","?","M","M","R","T","$","?","M","E","M","R","B",null,"M","M","$","M","M","?","R","?","T","M","M","R","?","E","R","B",null],"character_chosen":"DEFECT","items_purchased":["Toxic Egg 2","Block Potion","Coolheaded+1","Conserve Battery+1","Centennial Puzzle"],"campfire_rested":1,"item_purchase_floors":[20,20,20,27,37],"current_hp_per_floor":[75,60,60,60,60,60,63,63,63,63,63,52,50,50,50,25,85,66,66,66,66,42,40,40,40,47,47,47,47,45,34,34,34,49,49,48,48,40,40,30,30,30,30,29,29,43,43,44,44,39],"gold":58,"neow_bonus":"UPGRADE_CARD","is_prod":false,"is_daily":false,"chose_seed":false,"campfire_upgraded":6,"win_rate":0,"timestamp":1566591663,"path_taken":["M","?","$","M","?","R","E","R","T","?","M","?","M","M","R","BOSS","M","?","$","M","?","M","M","R","T","$","?","?","E","M","R","BOSS","M","M","$","M","M","?","R","?","T","?","M","R","?","E","R","BOSS"],"build_version":"2019-07-17","purchased_purges":3,"victory":true,"max_hp_per_floor":[75,75,75,75,75,75,85,85,85,85,85,85,85,85,85,85,85,85,85,85,85,42,42,42,42,49,49,49,49,49,49,49,49,49,49,49,49,49,49,49,49,49,49,49,49,49,49,50,50,51],"card_choices":[{"not_picked":["Aggregate","Darkness"],"picked":"Reinforced Body","floor":1.0},{"not_picked":["Chaos","Stack"],"picked":"Turbo","floor":4.0},{"not_picked":["Chill","Conserve Battery"],"picked":"Loop","floor":7.0},{"not_picked":["Stack","Scrape"],"picked":"Beam Cell","floor":10.0},{"not_picked":["Leap","Stack"],"picked":"Doom and Gloom","floor":11.0},{"not_picked":["Consume","Barrage"],"picked":"Static Discharge","floor":13.0},{"not_picked":["Recycle","Compile Driver"],"picked":"Coolheaded","floor":14.0},{"not_picked":["Seek","Creative AI"],"picked":"Echo Form","floor":16.0},{"not_picked":["Tempest","Glacier"],"picked":"Skim","floor":18.0},{"not_picked":["Sweeping Beam","Glacier+1"],"picked":"Leap+1","floor":21.0},{"not_picked":["Genetic Algorithm+1","Beam Cell"],"picked":"Rebound","floor":23.0},{"not_picked":["Steam Power+1","Skim+1","Auto Shields+1"],"picked":"SKIP","floor":24.0},{"not_picked":["Gash","Rebound+1"],"picked":"Conserve Battery+1","floor":29.0},{"not_picked":["White Noise+1","Steam+1"],"picked":"Defragment","floor":30.0},{"not_picked":["Coolheaded+1","Barrage"],"picked":"Streamline","floor":31.0},{"not_picked":["Buffer","Reboot+1"],"picked":"Creative AI","floor":33.0},{"not_picked":["Compile Driver+1","Scrape","Coolheaded+1"],"picked":"SKIP","floor":35.0},{"not_picked":["Genetic Algorithm+1","Rebound+1","Steam+1"],"picked":"SKIP","floor":36.0},{"not_picked":["Gash+1","Stack+1"],"picked":"Turbo+1","floor":38.0},{"not_picked":["BootSequence+1","Conserve Battery+1"],"picked":"Reprogram+1","floor":39.0},{"not_picked":["Trip+1","Metamorphosis+1"],"picked":"Apotheosis+1","floor":40.0},{"not_picked":["The Bomb+1","Impatience+1"],"picked":"Panacea+1","floor":40.0},{"not_picked":["Magnetism","Violence+1"],"picked":"The Bomb+1","floor":40.0},{"not_picked":["Steam+1","Cold Snap"],"picked":"Storm+1","floor":44.0},{"not_picked":["Blizzard","Beam Cell"],"picked":"Force Field+1","floor":45.0},{"not_picked":["FTL","Go for the Eyes+1"],"picked":"Aggregate+1","floor":48}],"player_experience":153075,"relics_obtained":[{"floor":7.0,"key":"Pear"},{"floor":9.0,"key":"Anchor"},{"floor":26.0,"key":"Strawberry"},{"floor":30.0,"key":"Orichalcum"},{"floor":48,"key":"Boot"}],"event_choices":[{"damage_healed":0.0,"max_hp_gain":0.0,"max_hp_loss":0.0,"gold_gain":0.0,"event_name":"Shining Light","player_choice":"Entered Light","floor":2.0,"gold_loss":0.0,"damage_taken":15.0,"cards_upgraded":["Defend_B","Defend_B"]},{"damage_healed":0.0,"max_hp_gain":0.0,"max_hp_loss":0.0,"gold_gain":0.0,"event_name":"The Woman in Blue","player_choice":"Bought 2 Potions","floor":5.0,"gold_loss":0.0,"damage_taken":0.0},{"damage_healed":0.0,"max_hp_gain":0.0,"max_hp_loss":0.0,"gold_gain":75.0,"event_name":"World of Goop","player_choice":"Gather Gold","floor":12.0,"gold_loss":0.0,"damage_taken":11.0},{"damage_healed":0.0,"max_hp_gain":0.0,"max_hp_loss":0.0,"gold_gain":99.0,"event_name":"Nest","player_choice":"Stole From Cult","floor":19.0,"gold_loss":0.0,"damage_taken":0.0},{"damage_healed":0.0,"max_hp_gain":0.0,"max_hp_loss":43.0,"gold_gain":0.0,"event_name":"Ghosts","player_choice":"Became a Ghost","floor":22.0,"gold_loss":0.0,"damage_taken":0.0,"cards_obtained":["Ghostly","Ghostly","Ghostly","Ghostly","Ghostly"]},{"damage_healed":0.0,"max_hp_gain":0.0,"max_hp_loss":0.0,"gold_gain":0.0,"event_name":"Match and Keep!","player_choice":"1 cards matched","floor":28.0,"gold_loss":0.0,"damage_taken":0.0,"cards_obtained":["Zap"]},{"damage_healed":0.0,"max_hp_gain":0.0,"max_hp_loss":0.0,"gold_gain":0.0,"event_name":"SensoryStone","player_choice":"Memory 3","floor":40.0,"gold_loss":0.0,"damage_taken":10.0},{"damage_healed":0.0,"max_hp_gain":0.0,"max_hp_loss":0.0,"gold_gain":0.0,"event_name":"Tomb of Lord Red Mask","player_choice":"Paid","floor":42.0,"gold_loss":30.0,"damage_taken":0.0,"relics_obtained":["Red Mask"]},{"damage_healed":0.0,"max_hp_gain":0.0,"max_hp_loss":0.0,"gold_gain":0.0,"event_name":"FaceTrader","player_choice":"Trade","floor":47.0,"gold_loss":0.0,"damage_taken":0.0,"relics_obtained":["FaceOfCleric"]}],"is_beta":false,"boss_relics":[{"not_picked":["Calling Bell","Snecko Eye"],"picked":"Velvet Choker"},{"not_picked":["Empty Cage","Orrery"],"picked":"Runic Pyramid"}],"items_purged_floors":[3,20,37],"is_endless":false,"potions_floor_spawned":[1,11,14,21,24,29,33,35,36,38,48],"ascension_level":0}