{"gold_per_floor":[114,129,129,129,129,159,174,174,199,214,229,244,66,96,96,196,196,211,211,211,89,89,119,119,149,149,179,179,194,209,79,79,179,179,194,209,61,76,91,121,121],"floor_reached":41,"playtime":4638,"items_purged":["Defend_R","Regret","Strike_R"],"score":516,"play_id":"d21b1ecb-81b2-40f3-a267-af086561f527","local_time":"20181108155241","daily_mods":["Heirloom","Green Cards","Elite Swarm"],"is_ascension_mode":false,"campfire_choices":[{"floor":8,"key":"REST"},{"floor":15,"key":"REST"},{"floor":24,"key":"REST"},{"data":"Demon Form","floor":28,"key":"SMITH"},{"floor":32,"key":"REST"}],"neow_cost":"","seed_source_timestamp":0,"circlet_count":0,"master_deck":["Strike_R","Strike_R","Strike_R","Strike_R","Defend_R","Defend_R","Defend_R","Bash+1","Fire Breathing+1","PiercingWail","Glass Knife","Outmaneuver","Seeing Red","Pummel","Cloak And Dagger","Caltrops","Adrenaline+1","Demon Form+1","Disarm+1","J.A.X.+1","Cloak And Dagger+1","Necronomicurse","Offering+1","Bullet Time+1","Storm of Steel+1","Expertise+1","Purity+1","Inflame","Distraction+1","Disarm+1","True Grit+1","Backstab+1","Exhume+1"],"special_seed":17843,"relics":["Burning Blood","Charon\u0027s Ashes","Anchor","Question Card","Art of War","Toxic Egg 2","Snecko Eye","Necronomicon","Happy Flower","Juzu Bracelet","Bottled Flame","Dead Branch","Philosopher\u0027s Stone","Shuriken"],"potions_floor_usage":[6,14,23,29,40,40],"damage_taken":[{"damage":0,"enemies":"Small Slimes","floor":1,"turns":3},{"damage":1,"enemies":"2 Louse","floor":2,"turns":4},{"damage":37,"enemies":"Gremlin Nob","floor":6,"turns":5},{"damage":3,"enemies":"Jaw Worm","floor":7,"turns":3},{"damage":4,"enemies":"Blue Slaver","floor":10,"turns":2},{"damage":2,"enemies":"Exordium Wildlife","floor":11,"turns":5},{"damage":2,"enemies":"Lots of Slimes","floor":12,"turns":3},{"damage":29,"enemies":"Lagavulin","floor":14,"turns":7},{"damage":55,"enemies":"Hexaghost","floor":16,"turns":11},{"damage":4,"enemies":"Chosen","floor":18,"turns":4},{"damage":25,"enemies":"Colosseum Slavers","floor":19,"turns":4},{"damage":13,"enemies":"Slavers","floor":23,"turns":5},{"damage":22,"enemies":"Book of Stabbing","floor":25,"turns":5},{"damage":40,"enemies":"Gremlin Leader","floor":27,"turns":5},{"damage":0,"enemies":"Shell Parasite","floor":29,"turns":2},{"damage":6,"enemies":"Centurion and Healer","floor":30,"turns":2},{"damage":20,"enemies":"Automaton","floor":33,"turns":4},{"damage":5,"enemies":"Orb Walker","floor":35,"turns":2},{"damage":21,"enemies":"3 Darklings","floor":36,"turns":3},{"damage":6,"enemies":"4 Shapes","floor":38,"turns":2},{"damage":5,"enemies":"Sphere and 2 Shapes","floor":39,"turns":3},{"damage":54,"enemies":"Nemesis","floor":40,"turns":4},{"damage":24,"enemies":"3 Darklings","floor":41,"turns":1}],"seed_played":"-8528799045221006880","potions_obtained":[{"floor":1,"key":"Poison Potion"},{"floor":6,"key":"AttackPotion"},{"floor":7,"key":"SpeedPotion"},{"floor":16,"key":"GamblersBrew"},{"floor":18,"key":"AttackPotion"},{"floor":29,"key":"Swift Potion"},{"floor":33,"key":"GamblersBrew"}],"is_trial":false,"path_per_floor":["M","M","?","?","?","E","M","R","T","M","M","M","$","E","R","B",null,"M","?","?","$","?","E","R","E","T","E","R","M","M","$","R","B",null,"M","M","$","M","M","E","M"],"character_chosen":"IRONCLAD","items_purchased":["Cloak And Dagger","Caltrops","Cloak And Dagger+1","Purity+1","Inflame","True Grit+1"],"campfire_rested":4,"item_purchase_floors":[13,13,21,31,31,37],"current_hp_per_floor":[80,80,64,64,64,33,36,60,60,62,66,70,70,47,71,22,80,80,61,61,61,45,38,62,46,46,12,12,18,18,18,42,28,80,80,65,65,65,66,18,0],"gold":121,"neow_bonus":"","is_prod":false,"is_daily":true,"chose_seed":false,"campfire_upgraded":1,"win_rate":0,"timestamp":1541710361,"path_taken":["M","M","?","?","?","E","M","R","T","M","M","M","$","E","R","BOSS","M","?","?","$","?","E","R","E","T","E","R","M","M","?","R","BOSS","M","M","$","M","M","E","M"],"build_version":"2018-11-01","purchased_purges":3,"victory":false,"max_hp_per_floor":[80,80,80,80,80,80,80,80,80,80,80,80,80,80,80,80,80,80,80,80,80,80,80,80,80,80,80,80,80,80,80,80,80,80,80,80,80,80,80,80,80],"card_choices":[{"not_picked":["Underhanded Strike","Sentinel"],"picked":"Fire Breathing","floor":1},{"not_picked":["Disarm","Dagger Throw"],"picked":"PiercingWail","floor":2},{"not_picked":["Envenom","Limit Break"],"picked":"Glass Knife","floor":6},{"not_picked":["Tactician","Sentinel","Dash"],"picked":"Outmaneuver","floor":7},{"not_picked":["Rupture","Deflect","Warcry"],"picked":"Seeing Red","floor":10},{"not_picked":["Skewer","Dagger Spray","Twin Strike"],"picked":"Pummel","floor":11},{"not_picked":["Deadly Poison","Combust","Hemokinesis","Underhanded Strike"],"picked":"SKIP","floor":12},{"not_picked":["Glass Knife","Venomology","A Thousand Cuts"],"picked":"Adrenaline","floor":14},{"not_picked":["Offering+1","Double Tap+1","Immolate"],"picked":"Demon Form","floor":16},{"not_picked":["Flying Knee","Headbutt","Hemokinesis"],"picked":"Disarm+1","floor":18},{"not_picked":["Limit Break+1","After Image","Venomology+1"],"picked":"Offering+1","floor":23},{"not_picked":["Adrenaline+1","A Thousand Cuts","Wraith Form v2"],"picked":"Bullet Time+1","floor":25},{"not_picked":["Fiend Fire","Bullet Time+1","Corpse Explosion+1"],"picked":"Storm of Steel+1","floor":27},{"not_picked":["Underhanded Strike","Dagger Throw","Sever Soul"],"picked":"Expertise+1","floor":29},{"not_picked":["Perfected Strike","Spot Weakness+1","Slice+1","Deadly Poison+1"],"picked":"SKIP","floor":30},{"not_picked":["Rage+1","Flex+1","Seeing Red+1"],"picked":"Distraction+1","floor":35},{"not_picked":["Headbutt","Deflect+1","Sucker Punch+1"],"picked":"Disarm+1","floor":36},{"not_picked":["Headbutt+1","Rampage","Slice+1"],"picked":"Backstab+1","floor":38},{"not_picked":["Battle Trance+1","Perfected Strike+1","Underhanded Strike","Flex+1"],"picked":"SKIP","floor":39},{"not_picked":["Reaper","Storm of Steel+1","Berserk"],"picked":"Exhume+1","floor":40}],"player_experience":93219,"relics_obtained":[{"floor":6,"key":"Question Card"},{"floor":9,"key":"Art of War"},{"floor":14,"key":"Toxic Egg 2"},{"floor":22,"key":"Necronomicon"},{"floor":23,"key":"Happy Flower"},{"floor":25,"key":"Juzu Bracelet"},{"floor":26,"key":"Bottled Flame"},{"floor":27,"key":"Dead Branch"},{"floor":40,"key":"Shuriken"}],"event_choices":[{"damage_healed":0,"gold_gain":0,"player_choice":"Entered Light","damage_taken":16,"max_hp_gain":0,"max_hp_loss":0,"event_name":"Shining Light","floor":3,"gold_loss":0,"cards_upgraded":["Bash","Fire Breathing"]},{"damage_healed":0,"gold_gain":0,"player_choice":"Box","damage_taken":0,"relics_obtained":["Anchor"],"max_hp_gain":0,"max_hp_loss":0,"event_name":"Big Fish","floor":4,"gold_loss":0,"cards_obtained":["Regret"]},{"damage_healed":0,"gold_gain":0,"player_choice":"Ignored","damage_taken":0,"max_hp_gain":0,"max_hp_loss":0,"event_name":"Liars Game","floor":5,"gold_loss":0},{"damage_healed":0,"gold_gain":0,"player_choice":"Fight","damage_taken":0,"max_hp_gain":0,"max_hp_loss":0,"event_name":"Colosseum","floor":19,"gold_loss":0},{"damage_healed":0,"gold_gain":0,"player_choice":"Fled From Nobs","damage_taken":0,"max_hp_gain":0,"max_hp_loss":0,"event_name":"Colosseum","floor":19,"gold_loss":0},{"damage_healed":0,"gold_gain":0,"player_choice":"Obtain J.A.X.","damage_taken":0,"max_hp_gain":0,"max_hp_loss":0,"event_name":"Drug Dealer","floor":20,"gold_loss":0,"cards_obtained":["J.A.X."]},{"damage_healed":0,"gold_gain":0,"player_choice":"Obtained Book","damage_taken":16,"max_hp_gain":0,"max_hp_loss":0,"event_name":"Cursed Tome","floor":22,"gold_loss":0}],"is_beta":false,"boss_relics":[{"not_picked":["Mark of Pain","Astrolabe"],"picked":"Snecko Eye"},{"not_picked":["Calling Bell","Tiny House"],"picked":"Philosopher\u0027s Stone"}],"items_purged_floors":[13,21,37],"is_endless":false,"potions_floor_spawned":[1,6,7,16,18,29,33,35,38],"killed_by":"3 Darklings","ascension_level":0}