{"gold_per_floor":[109,109,109,127,77,77,106,106,106,31,59,59,59,76,76,176,176,189,208,208,208],"floor_reached":21,"playtime":714,"items_purged":["Defend_G"],"score":277,"play_id":"964d4553-071c-4a2b-8fb2-0db10c0a421d","local_time":"20190916202005","is_ascension_mode":true,"campfire_choices":[{"data":"Setup","floor":6,"key":"SMITH"},{"data":"Choke","floor":8,"key":"SMITH"},{"floor":12,"key":"REST"},{"data":"Bullet Time","floor":15,"key":"SMITH"}],"neow_cost":"NONE","seed_source_timestamp":434905616568600,"circlet_count":0,"master_deck":["Strike_G","Strike_G","Strike_G","Strike_G","Defend_G","Defend_G","Defend_G","Defend_G","Survivor","Neutralize","Setup+1","Choke+1","Bullet Time+1","Storm of Steel","Underhanded Strike"],"relics":["Ring of the Snake","NeowsBlessing","Vajra","Singing Bowl","Potion Belt","Pantograph","Gambling Chip","Busted Crown"],"potions_floor_usage":[11,16,19],"damage_taken":[{"damage":0,"enemies":"Small Slimes","floor":1,"turns":1},{"damage":0,"enemies":"Jaw Worm","floor":4,"turns":1},{"damage":0,"enemies":"Lagavulin","floor":7,"turns":1},{"damage":42,"enemies":"3 Sentries","floor":11,"turns":10},{"damage":0,"enemies":"Cultist","floor":14,"turns":2},{"damage":58,"enemies":"Slime Boss","floor":16,"turns":12},{"damage":19,"enemies":"Spheric Guardian","floor":18,"turns":5},{"damage":12,"enemies":"Shell Parasite","floor":19,"turns":3},{"damage":40,"enemies":"Snake Plant","floor":21,"turns":5}],"seed_played":"-5609548602589585344","potions_obtained":[{"floor":1,"key":"Ancient Potion"},{"floor":7,"key":"Fruit Juice"},{"floor":14,"key":"Energy Potion"},{"floor":18,"key":"PowerPotion"}],"is_trial":false,"path_per_floor":["M","?","?","M","?","R","E","R","T","$","E","R","?","M","R","B",null,"M","M","?","M"],"character_chosen":"THE_SILENT","items_purchased":[],"campfire_rested":1,"item_purchase_floors":[],"current_hp_per_floor":[70,63,63,65,65,65,65,65,65,65,30,53,53,53,53,20,79,60,50,35,0],"gold":208,"neow_bonus":"THREE_ENEMY_KILL","is_prod":false,"is_daily":false,"chose_seed":false,"campfire_upgraded":3,"win_rate":0,"timestamp":1568676005,"path_taken":["M","?","?","?","?","R","E","R","T","$","E","R","?","M","R","BOSS","M","M","?","M"],"build_version":"2019-07-17","purchased_purges":1,"victory":false,"max_hp_per_floor":[70,70,70,72,72,72,72,72,72,72,79,79,79,79,79,79,79,79,81,86,86],"card_choices":[{"not_picked":["Slice","Sucker Punch"],"picked":"Setup","floor":1},{"not_picked":["Escape Plan","Blur","Setup"],"picked":"Singing Bowl","floor":4},{"not_picked":["Escape Plan","Caltrops"],"picked":"Choke","floor":7},{"not_picked":["Expertise","Acrobatics","Backflip"],"picked":"Singing Bowl","floor":11},{"not_picked":["Cloak And Dagger","Poisoned Stab"],"picked":"Bullet Time","floor":14},{"not_picked":["Tools of the Trade","Malaise"],"picked":"Storm of Steel","floor":16},{"not_picked":[],"picked":"Underhanded Strike","floor":18},{"not_picked":["All Out Attack+1"],"picked":"Singing Bowl","floor":19}],"player_experience":561557,"relics_obtained":[{"floor":7,"key":"Potion Belt"},{"floor":9,"key":"Pantograph"},{"floor":11,"key":"Gambling Chip"}],"event_choices":[{"damage_healed":0,"gold_gain":0,"player_choice":"Success","damage_taken":7,"relics_obtained":["Vajra"],"max_hp_gain":0,"max_hp_loss":0,"event_name":"Scrap Ooze","floor":2,"gold_loss":0},{"damage_healed":0,"gold_gain":0,"player_choice":"Gave Potion","damage_taken":0,"relics_obtained":["Singing Bowl"],"max_hp_gain":0,"max_hp_loss":0,"event_name":"WeMeetAgain","floor":3,"gold_loss":0},{"cards_removed":["Strike_G"],"damage_healed":0,"gold_gain":0,"player_choice":"Card Removal","damage_taken":0,"max_hp_gain":0,"max_hp_loss":0,"event_name":"The Cleric","floor":5,"gold_loss":50},{"damage_healed":0,"gold_gain":0,"player_choice":"Ignored","damage_taken":0,"max_hp_gain":0,"max_hp_loss":0,"event_name":"Liars Game","floor":13,"gold_loss":0},{"damage_healed":0,"gold_gain":0,"player_choice":"Shed Blood","damage_taken":20,"max_hp_gain":5,"max_hp_loss":0,"event_name":"Forgotten Altar","floor":20,"gold_loss":0}],"is_beta":false,"boss_relics":[{"not_picked":["Pandora\u0027s Box","Ectoplasm"],"picked":"Busted Crown"}],"items_purged_floors":[10],"is_endless":false,"potions_floor_spawned":[1,7,14,18],"killed_by":"Snake Plant","ascension_level":4}