{"gold_per_floor":[114,114,114,130,142,173,173,198,233,265,277],"floor_reached":11,"playtime":757,"items_purged":[],"score":166,"play_id":"25140cc5-27da-4aaf-8d74-25d1269077b8","local_time":"20190803145326","is_ascension_mode":true,"campfire_choices":[{"floor":7,"key":"REST"}],"neow_cost":"NONE","seed_source_timestamp":70736866775445,"circlet_count":0,"master_deck":["AscendersBane","Strike_R","Strike_R","Strike_R","Defend_R","Defend_R","Defend_R","Defend_R","Bash","Double Tap","Cleave","Feel No Pain","Dropkick","Iron Wave","Impervious","Shrug It Off"],"relics":["Burning Blood","Art of War","MawBank","Strawberry"],"potions_floor_usage":[6,10],"damage_taken":[{"damage":11,"enemies":"Small Slimes","floor":1,"turns":5},{"damage":2,"enemies":"Cultist","floor":4,"turns":4},{"damage":4,"enemies":"Jaw Worm","floor":5,"turns":4},{"damage":39,"enemies":"Gremlin Nob","floor":6,"turns":4},{"damage":30,"enemies":"Lagavulin","floor":8,"turns":6},{"damage":18,"enemies":"Exordium Thugs","floor":10,"turns":5},{"damage":30,"enemies":"3 Sentries","floor":11,"turns":4}],"seed_played":"-8790873721513348195","potions_obtained":[{"floor":4,"key":"Strength Potion"},{"floor":5,"key":"Explosive Potion"},{"floor":8,"key":"SpeedPotion"}],"is_trial":false,"path_per_floor":["M","?","?","M","M","E","R","E","T","M","E"],"character_chosen":"IRONCLAD","items_purchased":[],"campfire_rested":1,"item_purchase_floors":[],"current_hp_per_floor":[63,56,56,60,62,29,51,27,34,22,0],"gold":277,"neow_bonus":"ONE_RANDOM_RARE_CARD","is_prod":false,"is_daily":false,"chose_seed":false,"campfire_upgraded":0,"win_rate":0,"timestamp":1564869206,"path_taken":["M","?","?","?","M","E","R","E","T","?","E"],"build_version":"2019-07-17","purchased_purges":0,"victory":false,"max_hp_per_floor":[75,75,75,75,75,75,75,75,82,82,82],"card_choices":[{"not_picked":["Warcry","Twin Strike"],"picked":"Cleave","floor":1},{"not_picked":["Wild Strike","Pommel Strike"],"picked":"Dropkick","floor":4},{"not_picked":["Sentinel","Spot Weakness","Havoc"],"picked":"SKIP","floor":5},{"not_picked":["Bloodletting","Dropkick"],"picked":"Iron Wave","floor":6},{"not_picked":["Disarm","Anger"],"picked":"Impervious","floor":8},{"not_picked":["Armaments","Inflame"],"picked":"Shrug It Off","floor":10}],"player_experience":1092599,"relics_obtained":[{"floor":6,"key":"Art of War"},{"floor":8,"key":"MawBank"},{"floor":9,"key":"Strawberry"}],"event_choices":[{"cards_removed":["Strike_R"],"damage_healed":0,"gold_gain":0,"player_choice":"Card Removal","damage_taken":7,"max_hp_gain":0,"max_hp_loss":0,"event_name":"Golden Wing","floor":2,"gold_loss":0},{"damage_healed":0,"gold_gain":0,"cards_transformed":["Strike_R"],"player_choice":"Transformed","damage_taken":0,"max_hp_gain":0,"max_hp_loss":0,"event_name":"Transmorgrifier","floor":3,"gold_loss":0,"cards_obtained":["Feel No Pain"]}],"is_beta":false,"boss_relics":[],"items_purged_floors":[],"is_endless":false,"potions_floor_spawned":[4,5,8],"killed_by":"3 Sentries","ascension_level":20}