{"gold_per_floor":[12,12,12,31,48,81,81,106,106,124,139,150,150,169,169,270,270,290,308,324,14,14,14,26,42,68,94,94,116,141,164,176,188],"floor_reached":33,"playtime":3436,"items_purged":["Strike_B"],"score":324,"play_id":"18ad1277-710e-4944-8d19-122a6fa4ada0","local_time":"20190716225741","is_ascension_mode":true,"campfire_choices":[{"floor":7,"key":"REST"},{"floor":13,"key":"REST"},{"data":"Redo","floor":15,"key":"SMITH"},{"floor":23,"key":"REST"},{"floor":32,"key":"REST"}],"neow_cost":"NO_GOLD","seed_source_timestamp":48089083401322,"circlet_count":0,"master_deck":["Strike_B","Strike_B","Strike_B","Defend_B","Defend_B","Defend_B","Zap","Dualcast","BootSequence","Redo+1","Melter","Genetic Algorithm","Lockon","Capacitor","Leap","Reinforced Body","Ball Lightning","Rainbow","Darkness+1","Blind","Shame","Ball Lightning+1","White Noise","Fission","Aggregate+1","Turbo+1"],"relics":["Cracked Core","Torii","Mercury Hourglass","Meat on the Bone","Philosopher\u0027s Stone","Centennial Puzzle","Oddly Smooth Stone","Vajra","Matryoshka","MawBank","Omamori"],"potions_floor_usage":[8,19,28,29,29,29],"damage_taken":[{"damage":1,"enemies":"2 Louse","floor":1,"turns":3},{"damage":1,"enemies":"Cultist","floor":4,"turns":3},{"damage":0,"enemies":"Jaw Worm","floor":5,"turns":3},{"damage":36,"enemies":"Lagavulin","floor":6,"turns":7},{"damage":32,"enemies":"Gremlin Nob","floor":8,"turns":5},{"damage":1,"enemies":"Exordium Wildlife","floor":10,"turns":4},{"damage":6,"enemies":"Large Slime","floor":11,"turns":3},{"damage":0,"enemies":"2 Fungi Beasts","floor":12,"turns":3},{"damage":0,"enemies":"3 Louse","floor":14,"turns":2},{"damage":4,"enemies":"Slime Boss","floor":16,"turns":10},{"damage":9,"enemies":"Chosen","floor":18,"turns":4},{"damage":6,"enemies":"3 Byrds","floor":19,"turns":4},{"damage":28,"enemies":"Shelled Parasite and Fungi","floor":20,"turns":5},{"damage":16,"enemies":"Snecko","floor":24,"turns":5},{"damage":6,"enemies":"Chosen and Byrds","floor":25,"turns":5},{"damage":33,"enemies":"Gremlin Leader","floor":27,"turns":6},{"damage":9,"enemies":"Snake Plant","floor":29,"turns":3},{"damage":17,"enemies":"Centurion and Healer","floor":30,"turns":5},{"damage":2,"enemies":"Sentry and Sphere","floor":31,"turns":4},{"damage":93,"enemies":"Collector","floor":33,"turns":8}],"seed_played":"-6783444288652093739","potions_obtained":[{"floor":1,"key":"Regen Potion"},{"floor":5,"key":"FairyPotion"},{"floor":8,"key":"EntropicBrew"},{"floor":12,"key":"Dexterity Potion"},{"floor":14,"key":"SkillPotion"},{"floor":20,"key":"AttackPotion"},{"floor":24,"key":"Regen Potion"},{"floor":27,"key":"Fruit Juice"}],"is_trial":false,"path_per_floor":["M","?","$","M","M","E","R","E","T","M","M","M","R","M","R","B",null,"M","M","M","$","?","R","M","M","T","E","T","M","M","M","R","B"],"character_chosen":"DEFECT","items_purchased":["Centennial Puzzle","Blind"],"campfire_rested":4,"item_purchase_floors":[21,21],"current_hp_per_floor":[88,88,88,87,87,51,77,50,50,49,55,55,81,81,81,77,89,80,74,46,46,46,72,56,50,50,29,34,37,32,42,70,0],"gold":188,"neow_bonus":"TWENTY_PERCENT_HP_BONUS","is_prod":false,"is_daily":false,"chose_seed":false,"campfire_upgraded":1,"win_rate":0,"timestamp":1563332261,"path_taken":["M","?","$","M","?","E","R","E","T","M","M","M","R","M","R","BOSS","M","M","M","$","?","R","M","M","T","E","?","M","M","M","R","BOSS"],"build_version":"2019-07-05","purchased_purges":1,"victory":false,"max_hp_per_floor":[89,89,89,89,89,89,89,89,89,89,89,89,89,89,89,89,89,89,89,89,89,89,89,89,89,89,89,94,94,94,94,94,94],"card_choices":[{"not_picked":["Loop","Defragment"],"picked":"BootSequence","floor":1},{"not_picked":["Sweeping Beam","Ball Lightning"],"picked":"Redo","floor":4},{"not_picked":["Consume","Sweeping Beam"],"picked":"Melter","floor":5},{"not_picked":["FTL","Barrage"],"picked":"Genetic Algorithm","floor":6},{"not_picked":["Auto Shields","Gash"],"picked":"Lockon","floor":8},{"not_picked":["Beam Cell","Cold Snap"],"picked":"Capacitor","floor":10},{"not_picked":["Turbo","Steam"],"picked":"Leap","floor":11},{"not_picked":["Compile Driver","Streamline"],"picked":"Reinforced Body","floor":12},{"not_picked":["Go for the Eyes","Gash"],"picked":"Ball Lightning","floor":14},{"not_picked":["All For One","Thunder Strike"],"picked":"Rainbow","floor":16},{"not_picked":["Ball Lightning","Stack+1","Redo"],"picked":"SKIP","floor":18},{"not_picked":["Coolheaded","Hologram","Steam"],"picked":"SKIP","floor":19},{"not_picked":["BootSequence","Skim"],"picked":"Darkness+1","floor":20},{"not_picked":["Leap","Stack"],"picked":"Ball Lightning+1","floor":24},{"not_picked":["Go for the Eyes","Rebound"],"picked":"White Noise","floor":25},{"not_picked":["Consume","Chill+1"],"picked":"Fission","floor":27},{"not_picked":["Ball Lightning","Cold Snap+1","Rip and Tear"],"picked":"SKIP","floor":29},{"not_picked":["Beam Cell","Steam"],"picked":"Aggregate+1","floor":30},{"not_picked":["Skim","Barrage+1"],"picked":"Turbo+1","floor":31}],"player_experience":84098,"relics_obtained":[{"floor":6,"key":"Torii"},{"floor":8,"key":"Mercury Hourglass"},{"floor":9,"key":"Meat on the Bone"},{"floor":26,"key":"Vajra"},{"floor":27,"key":"Matryoshka"},{"floor":28,"key":"MawBank"},{"floor":28,"key":"Omamori"}],"event_choices":[{"cards_removed":["Defend_B"],"damage_healed":0,"gold_gain":0,"player_choice":"Offered Basic","damage_taken":0,"max_hp_gain":0,"max_hp_loss":0,"event_name":"Bonfire Elementals","floor":2,"gold_loss":0},{"damage_healed":0,"gold_gain":0,"player_choice":"Stole Relic","damage_taken":0,"relics_obtained":["Oddly Smooth Stone"],"max_hp_gain":0,"max_hp_loss":0,"event_name":"Addict","floor":22,"gold_loss":0,"cards_obtained":["Shame"]}],"is_beta":false,"boss_relics":[{"not_picked":["Snecko Eye","Runic Pyramid"],"picked":"Philosopher\u0027s Stone"}],"items_purged_floors":[21],"is_endless":false,"potions_floor_spawned":[1,5,8,12,14,16,20,24,25,27],"killed_by":"Collector","ascension_level":1}