{"gold_per_floor":[119,138,13,13,27,62,62,62,62,62,95,126,155,166,166,264,264,274,54,154,154,164,195,210,244,244,261,273,273,284,199,199,295,295,314,314,314,330,330,28,63,78,147,159,175,188,188,200,200,200],"floor_reached":51,"playtime":4025,"items_purged":["Strike_R"],"score":910,"play_id":"2e59a37e-0cfa-4473-9509-bf5882047e27","local_time":"20181107165610","is_ascension_mode":true,"campfire_choices":[{"data":"Shockwave","floor":8,"key":"SMITH"},{"data":"Inflame","floor":10,"key":"SMITH"},{"data":"Feed","floor":15,"key":"SMITH"},{"data":"Dropkick","floor":32,"key":"SMITH"},{"data":"Fire Breathing","floor":49,"key":"SMITH"}],"neow_cost":"NONE","seed_source_timestamp":707197745950067,"circlet_count":0,"master_deck":["Strike_R","Strike_R","Strike_R","Defend_R","Defend_R","Defend_R","Bash+1","Shockwave+1","Inflame+1","Metallicize","Shrug It Off","Intimidate","Flex","Flame Barrier","Feed+1","Demon Form","Heavy Blade+1","Dropkick","Battle Trance","Ghostly Armor","Heavy Blade+1","Flex+1","Whirlwind+1","Dropkick+1","Reaper","Fire Breathing+1","Flex+1","Secret Weapon+1","Dramatic Entrance","Apotheosis+1","Hemokinesis+1","Parasite","Anger+1","Flex+1","Dropkick","Whirlwind+1","Double Tap+1"],"relics":["Black Blood","NeowsBlessing","Meat on the Bone","Shuriken","Bottled Lightning","Nunchaku","Oddly Smooth Stone","Empty Cage","Vajra","Magic Flower","Darkstone Periapt","Bag of Preparation","Prayer Wheel","Toxic Egg 2","Centennial Puzzle","Self Forming Clay","MawBank","Gremlin Horn","Pantograph","Pear"],"potions_floor_usage":[16,20,20,25,28,33,50,50,50],"damage_taken":[{"damage":0,"enemies":"Small Slimes","floor":1,"turns":1},{"damage":0,"enemies":"Cultist","floor":2,"turns":1},{"damage":0,"enemies":"Jaw Worm","floor":5,"turns":1},{"damage":20,"enemies":"Lagavulin","floor":6,"turns":8},{"damage":31,"enemies":"Gremlin Nob","floor":11,"turns":6},{"damage":17,"enemies":"Gremlin Nob","floor":12,"turns":5},{"damage":32,"enemies":"3 Sentries","floor":13,"turns":10},{"damage":2,"enemies":"3 Louse","floor":14,"turns":5},{"damage":42,"enemies":"The Guardian","floor":16,"turns":15},{"damage":16,"enemies":"Chosen","floor":18,"turns":6},{"damage":22,"enemies":"Colosseum Slavers","floor":20,"turns":5},{"damage":19,"enemies":"Colosseum Nobs","floor":20,"turns":4},{"damage":26,"enemies":"2 Thieves","floor":22,"turns":4},{"damage":33,"enemies":"Book of Stabbing","floor":23,"turns":5},{"damage":15,"enemies":"Cultist and Chosen","floor":24,"turns":6},{"damage":33,"enemies":"Slavers","floor":25,"turns":6},{"damage":24,"enemies":"Snake Plant","floor":27,"turns":3},{"damage":17,"enemies":"Chosen and Byrds","floor":28,"turns":8},{"damage":12,"enemies":"Cultist and Chosen","floor":30,"turns":4},{"damage":63,"enemies":"Collector","floor":33,"turns":8},{"damage":23,"enemies":"Orb Walker","floor":35,"turns":4},{"damage":0,"enemies":"3 Shapes","floor":38,"turns":1},{"damage":38,"enemies":"Reptomancer","floor":41,"turns":5},{"damage":23,"enemies":"Writhing Mass","floor":42,"turns":5},{"damage":44,"enemies":"Sphere and 2 Shapes","floor":44,"turns":5},{"damage":29,"enemies":"Jaw Worm Horde","floor":45,"turns":3},{"damage":24,"enemies":"Transient","floor":46,"turns":5},{"damage":2,"enemies":"4 Shapes","floor":48,"turns":2},{"damage":90,"enemies":"Awakened One","floor":50,"turns":13}],"seed_played":"636204499156473705","potions_obtained":[{"floor":5,"key":"LiquidBronze"},{"floor":13,"key":"Swift Potion"},{"floor":14,"key":"LiquidBronze"},{"floor":16,"key":"Fire Potion"},{"floor":22,"key":"SteroidPotion"},{"floor":24,"key":"SpeedPotion"},{"floor":25,"key":"Dexterity Potion"},{"floor":28,"key":"PowerPotion"},{"floor":35,"key":"Explosive Potion"},{"floor":41,"key":"FearPotion"},{"floor":48,"key":"LiquidBronze"}],"is_trial":false,"path_per_floor":["M","M","$","?","M","E","$","R","T","R","E","?","E","M","R","B",null,"M","$","?","?","M","E","M","E","T","M","M","?","M","?","R","B",null,"M","?","?","M","T","$","E","M","T","M","M","M","?","M","R","B",null],"character_chosen":"IRONCLAD","items_purchased":["Metallicize","Shrug It Off","Vajra","Dropkick","Gremlin Horn"],"campfire_rested":0,"item_purchase_floors":[3,3,19,19,40],"current_hp_per_floor":[80,80,80,80,80,66,66,66,66,66,53,54,40,56,56,36,84,74,74,57,57,64,58,58,52,52,61,77,77,80,80,80,44,104,96,86,104,104,104,104,104,110,120,115,124,115,115,118,118,61],"gold":200,"neow_bonus":"THREE_ENEMY_KILL","is_prod":false,"is_daily":false,"chose_seed":false,"campfire_upgraded":5,"win_rate":0,"timestamp":1541627770,"path_taken":["M","M","$","?","?","E","?","R","T","R","E","?","E","M","R","BOSS","M","$","?","?","M","E","M","E","T","M","M","?","?","?","R","BOSS","M","?","?","?","?","?","E","M","T","M","M","M","?","M","R","BOSS"],"build_version":"2018-11-01","purchased_purges":1,"victory":true,"max_hp_per_floor":[80,80,80,80,80,80,80,80,80,80,80,80,80,80,80,84,84,84,84,84,84,88,88,92,92,92,96,100,100,104,104,104,104,104,104,104,104,104,104,104,104,110,120,120,124,124,118,118,118,118],"card_choices":[{"not_picked":["Pommel Strike","True Grit"],"picked":"Shockwave","floor":1},{"not_picked":["Dropkick","True Grit"],"picked":"Inflame","floor":2},{"not_picked":["Combust","Body Slam"],"picked":"Intimidate","floor":5},{"not_picked":["Shrug It Off","Brutality"],"picked":"Flex","floor":6},{"not_picked":["Perfected Strike","Pummel","Twin Strike"],"picked":"SKIP","floor":11},{"not_picked":["Clash","Thunderclap"],"picked":"Flame Barrier","floor":12},{"not_picked":["Clash","Twin Strike","Thunderclap"],"picked":"SKIP","floor":13},{"not_picked":["Rampage","Headbutt"],"picked":"Feed","floor":14},{"not_picked":["Brutality","Offering"],"picked":"Demon Form","floor":16},{"not_picked":["Disarm+1","True Grit"],"picked":"Heavy Blade+1","floor":18},{"not_picked":["Burning Pact","Perfected Strike+1","Wild Strike"],"picked":"SKIP","floor":22},{"not_picked":["Flex","Perfected Strike"],"picked":"Ghostly Armor","floor":23},{"not_picked":["Cleave","Iron Wave+1"],"picked":"Heavy Blade+1","floor":24},{"not_picked":["Wild Strike+1","Intimidate","Sword Boomerang"],"picked":"SKIP","floor":25},{"not_picked":["Anger","Pummel"],"picked":"Flex+1","floor":27},{"not_picked":["Rampage","Searing Blow"],"picked":"Whirlwind+1","floor":27},{"not_picked":["Warcry+1","Whirlwind+1","Searing Blow+1"],"picked":"SKIP","floor":28},{"not_picked":["Headbutt","Bludgeon","Cleave"],"picked":"SKIP","floor":28},{"not_picked":["Corruption+1","Wild Strike+1"],"picked":"Dropkick","floor":30},{"not_picked":["Flame Barrier+1","Heavy Blade","Perfected Strike"],"picked":"SKIP","floor":30},{"not_picked":["Brutality","Demon Form"],"picked":"Reaper","floor":33},{"not_picked":["Combust","Perfected Strike+1"],"picked":"Fire Breathing","floor":35},{"not_picked":["Warcry+1","Burning Pact+1"],"picked":"Flex+1","floor":35},{"not_picked":["Bandage Up+1","Flash of Steel"],"picked":"Secret Weapon+1","floor":36},{"not_picked":["Violence+1","Dark Shackles+1"],"picked":"Dramatic Entrance","floor":36},{"not_picked":["Master of Strategy+1","Purity+1"],"picked":"Apotheosis+1","floor":36},{"not_picked":["Burning Pact+1","Sword Boomerang+1","Warcry+1"],"picked":"SKIP","floor":38},{"not_picked":["Warcry+1","Wild Strike+1","Sever Soul+1"],"picked":"SKIP","floor":38},{"not_picked":["Armaments+1","Pommel Strike+1"],"picked":"Hemokinesis+1","floor":41},{"not_picked":["Sword Boomerang","Armaments+1"],"picked":"Anger+1","floor":42},{"not_picked":["Corruption","Twin Strike","Spot Weakness+1"],"picked":"SKIP","floor":42},{"not_picked":["Cleave","Uppercut+1","Flex+1"],"picked":"SKIP","floor":44},{"not_picked":["True Grit+1","Shrug It Off+1","Anger"],"picked":"SKIP","floor":44},{"not_picked":["Pommel Strike+1","Heavy Blade"],"picked":"Flex+1","floor":45},{"not_picked":["Inflame+1","Flex+1"],"picked":"Dropkick","floor":45},{"not_picked":["Sever Soul","Intimidate+1"],"picked":"Whirlwind+1","floor":46},{"not_picked":["Hemokinesis","Headbutt+1","Reckless Charge"],"picked":"SKIP","floor":46},{"not_picked":["Warcry+1","Rage+1"],"picked":"Double Tap+1","floor":48},{"not_picked":["Shrug It Off+1","Whirlwind+1","Iron Wave"],"picked":"SKIP","floor":48}],"player_experience":82500,"relics_obtained":[{"floor":6,"key":"Meat on the Bone"},{"floor":9,"key":"Shuriken"},{"floor":11,"key":"Bottled Lightning"},{"floor":12,"key":"Nunchaku"},{"floor":13,"key":"Oddly Smooth Stone"},{"floor":20,"key":"Magic Flower"},{"floor":20,"key":"Darkstone Periapt"},{"floor":23,"key":"Bag of Preparation"},{"floor":25,"key":"Prayer Wheel"},{"floor":26,"key":"Toxic Egg 2"},{"floor":39,"key":"MawBank"},{"floor":41,"key":"Pantograph"},{"floor":43,"key":"Pear"}],"event_choices":[{"damage_healed":0,"gold_gain":0,"player_choice":"Upgraded","damage_taken":0,"max_hp_gain":0,"max_hp_loss":0,"event_name":"Upgrade Shrine","floor":4,"gold_loss":0,"cards_upgraded":["Bash"]},{"damage_healed":0,"gold_gain":30,"player_choice":"Searched \u00272\u0027 times","damage_taken":0,"max_hp_gain":0,"max_hp_loss":0,"event_name":"Dead Adventurer","floor":12,"gold_loss":0},{"damage_healed":0,"gold_gain":0,"player_choice":"Fight","damage_taken":0,"max_hp_gain":0,"max_hp_loss":0,"event_name":"Colosseum","floor":20,"gold_loss":0},{"damage_healed":0,"gold_gain":0,"player_choice":"Fought Nobs","damage_taken":0,"max_hp_gain":0,"max_hp_loss":0,"event_name":"Colosseum","floor":20,"gold_loss":0},{"damage_healed":0,"gold_gain":0,"player_choice":"Read","damage_taken":0,"max_hp_gain":0,"max_hp_loss":0,"event_name":"The Library","floor":21,"gold_loss":0,"cards_obtained":["Battle Trance"]},{"damage_healed":0,"gold_gain":0,"player_choice":"Gave Potion","damage_taken":0,"relics_obtained":["Centennial Puzzle"],"max_hp_gain":0,"max_hp_loss":0,"event_name":"WeMeetAgain","floor":29,"gold_loss":0},{"damage_healed":0,"gold_gain":0,"player_choice":"Obtained Relic","damage_taken":0,"relics_obtained":["Self Forming Clay"],"max_hp_gain":0,"max_hp_loss":0,"event_name":"Addict","floor":31,"gold_loss":85},{"damage_healed":0,"gold_gain":0,"player_choice":"Memory 3","damage_taken":10,"max_hp_gain":0,"max_hp_loss":0,"event_name":"SensoryStone","floor":36,"gold_loss":0},{"damage_healed":18,"gold_gain":0,"player_choice":"Full Heal","damage_taken":0,"max_hp_gain":0,"max_hp_loss":0,"event_name":"Wheel of Change","floor":37,"gold_loss":0},{"damage_healed":0,"gold_gain":0,"player_choice":"Max HP","damage_taken":0,"max_hp_gain":0,"max_hp_loss":6,"event_name":"Winding Halls","floor":47,"gold_loss":0}],"is_beta":false,"boss_relics":[{"not_picked":["Orrery","Runic Pyramid"],"picked":"Empty Cage"},{"not_picked":["White Beast Statue","Runic Cube"],"picked":"Black Blood"}],"items_purged_floors":[40],"is_endless":false,"potions_floor_spawned":[5,13,14,16,20,22,24,25,28,35,41,46,48],"ascension_level":2}