{"gold_per_floor":[109,31,45,64,64,64,77,77,126,141,141,152,168,199,199,304,304,322,338,350,350,58,58,6,16,42,42,59,70,70,84,84,179,179,193,206,206,35,35,35,35,35,35,35],"floor_reached":44,"playtime":5142,"items_purged":["Strike_B"],"score":458,"play_id":"ee54c163-2af3-4265-a32a-f22425fd19f5","local_time":"20181120235821","is_ascension_mode":true,"campfire_choices":[{"data":"Consume","floor":6.0,"key":"SMITH"},{"data":"Leap","floor":8.0,"key":"SMITH"},{"data":"Electrodynamics","floor":11.0,"key":"SMITH"},{"data":"Capacitor","floor":15.0,"key":"SMITH"},{"data":"Defragment","floor":23.0,"key":"SMITH"},{"floor":27.0,"key":"REST"},{"floor":30.0,"key":"REST"},{"floor":32.0,"key":"REST"},{"floor":40,"key":"REST"},{"floor":42,"key":"REST"}],"neow_cost":"NONE","seed_source_timestamp":0,"circlet_count":0,"master_deck":["Strike_B","Strike_B","Defend_B","Defend_B","Defend_B","Zap","Dualcast","Coolheaded","Electrodynamics+1","Consume+1","Leap+1","Conserve Battery","Go for the Eyes","Capacitor+1","Ball Lightning","Reprogram","Amplify","Defragment+1","Consume","Redo","Double Energy","Compile Driver","Barrage","Loop","Machine Learning","Steam+1","Rebound","Lockon","Chaos+1","Leap","Redo","Amplify","Undo","Rebound","Capacitor","Steam","Ball Lightning"],"special_seed":0,"relics":["Cracked Core","Dream Catcher","Orrery","Boot","Ancient Tea Set","Blood Vial","Velvet Choker","Sundial"],"potions_floor_usage":[41,44],"damage_taken":[{"damage":1.0,"enemies":"Cultist","floor":1.0,"turns":4.0},{"damage":0.0,"enemies":"Jaw Worm","floor":3.0,"turns":5.0},{"damage":2.0,"enemies":"2 Louse","floor":4.0,"turns":3.0},{"damage":8.0,"enemies":"Large Slime","floor":7.0,"turns":5.0},{"damage":0.0,"enemies":"3 Louse","floor":10.0,"turns":2.0},{"damage":0.0,"enemies":"Exordium Wildlife","floor":12.0,"turns":2.0},{"damage":0.0,"enemies":"Looter","floor":13.0,"turns":4.0},{"damage":2.0,"enemies":"3 Sentries","floor":14.0,"turns":2.0},{"damage":2.0,"enemies":"The Guardian","floor":16.0,"turns":10.0},{"damage":5.0,"enemies":"Chosen","floor":18.0,"turns":4.0},{"damage":10.0,"enemies":"2 Thieves","floor":19.0,"turns":4.0},{"damage":26.0,"enemies":"Centurion and Healer","floor":20.0,"turns":9.0},{"damage":10.0,"enemies":"Cultist and Chosen","floor":25.0,"turns":6.0},{"damage":25.0,"enemies":"Snake Plant","floor":28.0,"turns":4.0},{"damage":22.0,"enemies":"Shelled Parasite and Fungi","floor":29.0,"turns":4.0},{"damage":23.0,"enemies":"Centurion and Healer","floor":31.0,"turns":9.0},{"damage":30.0,"enemies":"Champ","floor":33.0,"turns":16.0},{"damage":11,"enemies":"Orb Walker","floor":35,"turns":3},{"damage":52,"enemies":"3 Darklings","floor":36,"turns":5},{"damage":73,"enemies":"Nemesis","floor":44,"turns":4}],"seed_played":"-3073544688348509346","potions_obtained":[{"floor":1.0,"key":"Fire Potion"},{"floor":7.0,"key":"Weak Potion"},{"floor":10.0,"key":"Fire Potion"},{"floor":16.0,"key":"FearPotion"},{"floor":19.0,"key":"Weak Potion"},{"floor":25.0,"key":"Explosive Potion"},{"floor":28.0,"key":"Energy Potion"},{"floor":31.0,"key":"SkillPotion"},{"floor":36,"key":"AttackPotion"}],"is_trial":false,"path_per_floor":["M","$","M","M","?","R","M","R","T","M","R","M","M","E","R","B",null,"M","M","M","?","$","R","$","M","T","R","M","M","R","M","R","B",null,"M","M","?","$","?","R","$","R","T","E"],"character_chosen":"DEFECT","items_purchased":["Electrodynamics","Loop","Ancient Tea Set","Block Potion","Capacitor","Fruit Juice"],"campfire_rested":5,"item_purchase_floors":[2,22,22,24,38,38],"current_hp_per_floor":[74,74,74,72,72,72,64,64,64,64,64,64,64,62,62,60,75,75,65,46,46,46,46,46,43,43,65,49,36,58,51,73,52,75,64,14,14,14,14,36,41,65,65,0],"gold":35,"neow_bonus":"REMOVE_CARD","is_prod":false,"is_daily":false,"chose_seed":false,"campfire_upgraded":5,"win_rate":0,"timestamp":1542787101,"path_taken":["M","$","?","M","?","R","M","R","T","M","R","?","M","E","R","BOSS","M","M","M","?","$","R","$","M","T","R","M","M","R","M","R","BOSS","M","M","?","$","?","R","$","R","T","E"],"build_version":"2018-11-15","purchased_purges":1,"victory":false,"max_hp_per_floor":[75,75,75,75,75,75,75,75,75,75,75,75,75,75,75,75,75,75,75,75,75,75,75,75,75,75,75,75,75,75,75,75,75,75,75,75,75,75,75,75,80,80,80,80],"card_choices":[{"not_picked":["Skim","Sweeping Beam"],"picked":"Coolheaded","floor":1.0},{"not_picked":["Sweeping Beam","Cold Snap"],"picked":"Consume","floor":3.0},{"not_picked":["Chill","Steam"],"picked":"Leap","floor":4.0},{"not_picked":["Hologram","Gash"],"picked":"Conserve Battery","floor":7.0},{"not_picked":["Hologram","Undo"],"picked":"Go for the Eyes","floor":10.0},{"not_picked":["Static Discharge","Conserve Battery"],"picked":"Capacitor","floor":12.0},{"not_picked":["Coolheaded","Gash"],"picked":"Ball Lightning","floor":13.0},{"not_picked":["Auto Shields","Reboot"],"picked":"Reprogram","floor":14.0},{"not_picked":["Fission","Echo Form"],"picked":"Amplify","floor":16.0},{"not_picked":["Hologram","Static Discharge"],"picked":"Defragment","floor":17.0},{"not_picked":["Cold Snap","Leap"],"picked":"Self Repair","floor":17.0},{"not_picked":["Turbo","Gash"],"picked":"Consume","floor":17.0},{"not_picked":["Cold Snap","Reinforced Body"],"picked":"Redo","floor":17.0},{"not_picked":["Streamline","Conserve Battery"],"picked":"Double Energy","floor":18.0},{"not_picked":["Undo","Rip and Tear"],"picked":"Compile Driver","floor":19.0},{"not_picked":["Ball Lightning","Stack"],"picked":"Barrage","floor":20.0},{"not_picked":["Sweeping Beam+1","Hologram"],"picked":"Machine Learning","floor":25.0},{"not_picked":["Sweeping Beam","Compile Driver"],"picked":"Steam+1","floor":27.0},{"not_picked":["Undo+1","Turbo"],"picked":"Rebound","floor":28.0},{"not_picked":["Streamline+1","Gash"],"picked":"Lockon","floor":29.0},{"not_picked":["Stack","Ball Lightning"],"picked":"Chaos+1","floor":30.0},{"not_picked":["Redo","Stack"],"picked":"Leap","floor":31.0},{"not_picked":["Turbo","Barrage"],"picked":"Redo","floor":32.0},{"not_picked":["Fission","Creative AI"],"picked":"Amplify","floor":33.0},{"not_picked":["Sunder","Streamline"],"picked":"Undo","floor":35},{"not_picked":["Redo+1","Turbo+1"],"picked":"Rebound","floor":36},{"not_picked":["Sweeping Beam","Turbo"],"picked":"Steam","floor":40},{"not_picked":["Skim","Leap"],"picked":"Ball Lightning","floor":42}],"player_experience":67148,"relics_obtained":[{"floor":14.0,"key":"Dream Catcher"},{"floor":26.0,"key":"Blood Vial"},{"floor":43,"key":"Sundial"}],"event_choices":[{"cards_removed":["Defend_B"],"damage_healed":0.0,"max_hp_gain":0.0,"max_hp_loss":0.0,"gold_gain":0.0,"event_name":"Purifier","player_choice":"Purged","floor":5.0,"gold_loss":0.0,"damage_taken":0.0},{"damage_healed":0.0,"max_hp_gain":0.0,"max_hp_loss":0.0,"gold_gain":0.0,"event_name":"The Mausoleum","player_choice":"Opened","floor":21.0,"gold_loss":0.0,"damage_taken":0.0,"relics_obtained":["Boot"]},{"damage_healed":0,"gold_gain":0,"player_choice":"Ignored","damage_taken":0,"max_hp_gain":0,"max_hp_loss":0,"event_name":"Mysterious Sphere","floor":37,"gold_loss":0},{"cards_removed":["Self Repair"],"damage_healed":0,"gold_gain":0,"player_choice":"Removed Power","damage_taken":0,"max_hp_gain":0,"max_hp_loss":0,"event_name":"Falling","floor":39,"gold_loss":0}],"is_beta":false,"boss_relics":[{"not_picked":["Tiny House","FrozenCore"],"picked":"Orrery"},{"not_picked":["Runic Pyramid","Snecko Eye"],"picked":"Velvet Choker"}],"items_purged_floors":[22],"is_endless":false,"potions_floor_spawned":[1,7,10,16,18,19,25,28,31,36],"killed_by":"Nemesis","ascension_level":1}