{"gold_per_floor":[114,131,147,26,45,45,64,91,138,158,158,187,217,228,228,302,302,313,313,313,74,94,94,121,121,192,207,236,247,274,292,292,292],"floor_reached":33,"playtime":1354,"items_purged":["Pain"],"score":623,"play_id":"9a1d18ab-1e53-4c45-b097-bee29b5d448e","local_time":"20190911215020","is_ascension_mode":true,"campfire_choices":[{"data":"Armaments","floor":6,"key":"SMITH"},{"data":"Bash","floor":11,"key":"SMITH"},{"data":"Evolve","floor":15,"key":"SMITH"},{"data":"Bludgeon","floor":23,"key":"SMITH"},{"floor":25,"key":"REST"},{"floor":32,"key":"REST"}],"neow_cost":"NONE","seed_source_timestamp":193683481281500,"circlet_count":0,"master_deck":["AscendersBane","Strike_R","Strike_R","Strike_R","Strike_R","Strike_R","Defend_R","Defend_R","Defend_R","Defend_R","Bash+1","Wild Strike","Armaments+1","Evolve+1","Reckless Charge","Anger","Battle Trance","Anger","Wild Strike","Battle Trance","Bludgeon+1","Wild Strike","Warcry+1","Wild Strike+1","Immolate+1","Disarm","Power Through"],"relics":["Burning Blood","Art of War","Dodecahedron","Bag of Preparation","Pear","Tiny Chest","Cursed Key","Question Card","Omamori","Molten Egg 2","Meat on the Bone","Red Mask","Kunai"],"potions_floor_usage":[8,24,27,30,33,33],"damage_taken":[{"damage":13,"enemies":"Cultist","floor":1,"turns":5},{"damage":7,"enemies":"Jaw Worm","floor":2,"turns":3},{"damage":5,"enemies":"Small Slimes","floor":3,"turns":3},{"damage":13,"enemies":"Exordium Wildlife","floor":5,"turns":5},{"damage":6,"enemies":"Looter","floor":7,"turns":3},{"damage":25,"enemies":"Gremlin Nob","floor":8,"turns":4},{"damage":1,"enemies":"2 Fungi Beasts","floor":10,"turns":3},{"damage":10,"enemies":"3 Sentries","floor":12,"turns":6},{"damage":1,"enemies":"Red Slaver","floor":14,"turns":2},{"damage":9,"enemies":"Slime Boss","floor":16,"turns":7},{"damage":20,"enemies":"Spheric Guardian","floor":18,"turns":4},{"damage":11,"enemies":"3 Byrds","floor":22,"turns":5},{"damage":21,"enemies":"Gremlin Leader","floor":24,"turns":7},{"damage":21,"enemies":"Centurion and Healer","floor":27,"turns":4},{"damage":12,"enemies":"Masked Bandits","floor":28,"turns":3},{"damage":13,"enemies":"3 Cultists","floor":29,"turns":4},{"damage":42,"enemies":"Book of Stabbing","floor":30,"turns":4},{"damage":14,"enemies":"Snecko","floor":31,"turns":4},{"damage":64,"enemies":"Automaton","floor":33,"turns":8}],"seed_played":"3339194550353346964","potions_obtained":[{"floor":2,"key":"EssenceOfSteel"},{"floor":3,"key":"SpeedPotion"},{"floor":12,"key":"SpeedPotion"},{"floor":16,"key":"PowerPotion"},{"floor":28,"key":"Fire Potion"},{"floor":29,"key":"Block Potion"},{"floor":30,"key":"GamblersBrew"}],"is_trial":false,"path_per_floor":["M","M","M","$","M","R","M","E","T","M","R","E","?","M","R","B",null,"M","?","T","$","M","R","E","R","T","M","?","M","E","M","R","B"],"character_chosen":"IRONCLAD","items_purchased":["Evolve","Reckless Charge","Omamori"],"campfire_rested":2,"item_purchase_floors":[4,4,21],"current_hp_per_floor":[61,60,61,61,54,54,54,35,35,40,40,46,28,33,33,30,71,57,57,57,57,52,52,37,62,62,59,53,58,34,38,63,0],"gold":292,"neow_bonus":"RANDOM_COMMON_RELIC","is_prod":false,"is_daily":false,"chose_seed":false,"campfire_upgraded":4,"win_rate":0,"timestamp":1568263820,"path_taken":["M","M","M","$","M","R","M","E","T","?","R","E","?","M","R","BOSS","M","?","?","$","M","R","E","R","T","M","?","M","E","M","R","BOSS"],"build_version":"2019-07-17","purchased_purges":1,"victory":false,"max_hp_per_floor":[75,75,75,75,75,75,75,75,75,75,75,85,85,85,85,85,85,85,85,85,85,85,85,85,85,85,85,85,85,85,85,85,85],"card_choices":[{"not_picked":["Cleave","Hemokinesis"],"picked":"Wild Strike","floor":1},{"not_picked":["Havoc","Second Wind","True Grit"],"picked":"SKIP","floor":2},{"not_picked":["Dual Wield","Dark Embrace"],"picked":"Armaments","floor":3},{"not_picked":["Dual Wield","Hemokinesis"],"picked":"Anger","floor":5},{"not_picked":["Flex","Uppercut"],"picked":"Battle Trance","floor":7},{"not_picked":["Heavy Blade","Clothesline"],"picked":"Anger","floor":8},{"not_picked":["Intimidate","Corruption","Combust"],"picked":"SKIP","floor":10},{"not_picked":["Cleave","Corruption"],"picked":"Wild Strike","floor":12},{"not_picked":["Rupture","Pummel"],"picked":"Battle Trance","floor":14},{"not_picked":["Juggernaut","Dark Embrace"],"picked":"Bludgeon","floor":16},{"not_picked":["Anger+1","Iron Wave"],"picked":"Wild Strike","floor":18},{"not_picked":["Perfected Strike","Body Slam","Intimidate"],"picked":"Warcry+1","floor":22},{"not_picked":["Cleave","Combust","Twin Strike","Heavy Blade"],"picked":"SKIP","floor":24},{"not_picked":["Searing Blow+1","True Grit","Thunderclap+1"],"picked":"Wild Strike+1","floor":27},{"not_picked":["Perfected Strike+1","Twin Strike+1","Uppercut+1"],"picked":"Immolate+1","floor":28},{"not_picked":["Pommel Strike+1","Iron Wave+1","Thunderclap+1","Flex"],"picked":"SKIP","floor":29},{"not_picked":["Fire Breathing","Havoc","Corruption"],"picked":"Disarm","floor":30},{"not_picked":["Rupture","Cleave+1","Thunderclap+1"],"picked":"Power Through","floor":31}],"player_experience":682443,"relics_obtained":[{"floor":8,"key":"Dodecahedron"},{"floor":9,"key":"Bag of Preparation"},{"floor":12,"key":"Pear"},{"floor":20,"key":"Question Card"},{"floor":24,"key":"Molten Egg 2"},{"floor":26,"key":"Meat on the Bone"},{"floor":28,"key":"Red Mask"},{"floor":30,"key":"Kunai"}],"event_choices":[{"damage_healed":0,"gold_gain":0,"player_choice":"Success","damage_taken":18,"relics_obtained":["Tiny Chest"],"max_hp_gain":0,"max_hp_loss":0,"event_name":"Scrap Ooze","floor":13,"gold_loss":0},{"damage_healed":0,"gold_gain":0,"player_choice":"Ignored","damage_taken":0,"max_hp_gain":0,"max_hp_loss":0,"event_name":"Vampires","floor":19,"gold_loss":0},{"damage_healed":0,"gold_gain":0,"player_choice":"Fought Bandits","damage_taken":0,"max_hp_gain":0,"max_hp_loss":0,"event_name":"Masked Bandits","floor":28,"gold_loss":0}],"is_beta":false,"boss_relics":[{"not_picked":["Velvet Choker","Calling Bell"],"picked":"Cursed Key"}],"items_purged_floors":[21],"is_endless":false,"potions_floor_spawned":[2,3,5,12,16,28,29,30],"killed_by":"Automaton","ascension_level":20}