{"gold_per_floor":[112,131,131,146,162,189,189,23,94,106,133,133,133,108,108,108],"floor_reached":16,"playtime":468,"items_purged":["Strike_R"],"score":224,"play_id":"7325e9e5-16aa-4c5d-89f7-e31f8d99a24f","local_time":"20190916175028","is_ascension_mode":true,"campfire_choices":[{"floor":7,"key":"REST"},{"data":"Panacea","floor":12,"key":"SMITH"},{"data":"Bash","floor":15,"key":"SMITH"}],"neow_cost":"NONE","seed_source_timestamp":380892159312400,"circlet_count":0,"master_deck":["AscendersBane","Strike_R","Strike_R","Strike_R","Strike_R","Defend_R","Defend_R","Defend_R","Defend_R","Bash+1","Wild Strike","Clothesline+1","Evolve","Panacea+1","Reaper","Power Through","Metallicize"],"relics":["Burning Blood","Turnip","Gremlin Horn","Ancient Tea Set"],"potions_floor_usage":[11,11],"damage_taken":[{"damage":4,"enemies":"Small Slimes","floor":1,"turns":4},{"damage":1,"enemies":"Cultist","floor":2,"turns":3},{"damage":4,"enemies":"Jaw Worm","floor":4,"turns":3},{"damage":28,"enemies":"Large Slime","floor":5,"turns":7},{"damage":48,"enemies":"Gremlin Nob","floor":6,"turns":5},{"damage":15,"enemies":"Red Slaver","floor":10,"turns":3},{"damage":7,"enemies":"Lagavulin","floor":11,"turns":8},{"damage":1,"enemies":"Exordium Thugs","floor":14,"turns":4},{"damage":42,"enemies":"Hexaghost","floor":16,"turns":10}],"seed_played":"4477042404753295880","potions_obtained":[{"floor":2,"key":"EssenceOfSteel"},{"floor":6,"key":"SteroidPotion"},{"floor":10,"key":"PowerPotion"}],"is_trial":false,"path_per_floor":["M","M","?","M","M","E","R","$","T","M","E","R","?","M","R","B"],"character_chosen":"IRONCLAD","items_purchased":["Panacea"],"campfire_rested":1,"item_purchase_floors":[8],"current_hp_per_floor":[77,82,82,82,60,18,42,42,42,33,32,32,32,41,41,0],"gold":108,"neow_bonus":"TEN_PERCENT_HP_BONUS","is_prod":false,"is_daily":false,"chose_seed":false,"campfire_upgraded":2,"win_rate":0,"timestamp":1568681428,"path_taken":["M","M","?","M","M","E","R","?","T","?","E","R","?","M","R","BOSS"],"build_version":"2019-07-17","purchased_purges":1,"victory":false,"max_hp_per_floor":[82,82,82,82,82,82,82,82,82,82,82,82,82,82,82,82],"card_choices":[{"not_picked":["Clash","Pommel Strike"],"picked":"Wild Strike","floor":1},{"not_picked":["Cleave","Pummel"],"picked":"Clothesline","floor":2},{"not_picked":["Havoc","Second Wind","True Grit"],"picked":"SKIP","floor":4},{"not_picked":["Body Slam","Clash"],"picked":"Evolve","floor":5},{"not_picked":["Corruption","Heavy Blade","Burning Pact"],"picked":"SKIP","floor":6},{"not_picked":["Headbutt","Clash"],"picked":"Reaper","floor":10},{"not_picked":["Spot Weakness","Perfected Strike"],"picked":"Power Through","floor":11},{"not_picked":["Cleave","Evolve"],"picked":"Metallicize","floor":14}],"player_experience":790979,"relics_obtained":[{"floor":6,"key":"Turnip"},{"floor":9,"key":"Gremlin Horn"},{"floor":11,"key":"Ancient Tea Set"}],"event_choices":[{"damage_healed":0,"gold_gain":0,"player_choice":"Upgraded","damage_taken":0,"max_hp_gain":0,"max_hp_loss":0,"event_name":"Upgrade Shrine","floor":3,"gold_loss":0,"cards_upgraded":["Clothesline"]},{"damage_healed":0,"gold_gain":0,"player_choice":"Ignored","damage_taken":0,"max_hp_gain":0,"max_hp_loss":0,"event_name":"Liars Game","floor":13,"gold_loss":0}],"is_beta":false,"boss_relics":[],"items_purged_floors":[8],"is_endless":false,"potions_floor_spawned":[2,6,10],"killed_by":"Hexaghost","ascension_level":20}