{"gold_per_floor":[119,119,135,135,135,166,166,184,184,236,236,250,250,285,285,389,389,405,424,444,128,146,146,173,98,144,161,191,221,221,244,244,339,389,399,399,414,428,428,455,475,475,475,493,33,66,66,84,84,84],"floor_reached":51,"playtime":4367,"items_purged":["Defend_B"],"score":981,"play_id":"a7c0adc0-cf96-4936-8823-4d452ddbd368","local_time":"20190908141858","is_ascension_mode":true,"campfire_choices":[{"data":"Sweeping Beam","floor":7,"key":"SMITH"},{"floor":11,"key":"DIG"},{"floor":13,"key":"DIG"},{"floor":15,"key":"DIG"},{"floor":23,"key":"REST"},{"floor":28,"key":"DIG"},{"floor":30,"key":"DIG"},{"floor":32,"key":"DIG"},{"floor":42,"key":"REST"},{"floor":47,"key":"RECALL"},{"floor":49,"key":"DIG"}],"neow_cost":"NONE","seed_source_timestamp":173480678632959,"circlet_count":0,"master_deck":["Strike_B","Strike_B","Defend_B+1","Defend_B+1","Defend_B","Zap","Dualcast","Sweeping Beam+1","Tempest","Genetic Algorithm","Sunder","Lockon+1","Reinforced Body","BootSequence","Electrodynamics+1","Static Discharge+1","Chill+1","Go for the Eyes","Electrodynamics+1","Conserve Battery","Conserve Battery+1","Buffer+1","FTL+1","Biased Cognition+1","Hologram+1","Consume+1","Buffer+1","Chrysalis"],"relics":["Cracked Core","NeowsBlessing","Matryoshka","Mercury Hourglass","Shovel","PreservedInsect","Art of War","Pocketwatch","Frozen Egg 2","Pantograph","Potion Belt","Fusion Hammer","Pear","Boot","Centennial Puzzle","Tiny Chest","Omamori","Regal Pillow","Bronze Scales","Letter Opener","Tiny House","FaceOfCleric","Pen Nib","Bottled Flame","War Paint","Orichalcum"],"potions_floor_usage":[16,16,27,40,40,40,46,48,50,50],"damage_taken":[{"damage":0,"enemies":"Cultist","floor":1,"turns":1},{"damage":0,"enemies":"2 Louse","floor":3,"turns":1},{"damage":0,"enemies":"3 Sentries","floor":6,"turns":1},{"damage":0,"enemies":"Small Slimes","floor":8,"turns":2},{"damage":0,"enemies":"Exordium Thugs","floor":12,"turns":3},{"damage":18,"enemies":"Gremlin Nob","floor":14,"turns":3},{"damage":24,"enemies":"The Guardian","floor":16,"turns":10},{"damage":31,"enemies":"3 Byrds","floor":18,"turns":3},{"damage":6,"enemies":"Spheric Guardian","floor":19,"turns":3},{"damage":9,"enemies":"Snake Plant","floor":20,"turns":3},{"damage":3,"enemies":"Cultist and Chosen","floor":22,"turns":4},{"damage":0,"enemies":"Gremlin Leader","floor":24,"turns":4},{"damage":0,"enemies":"Chosen and Byrds","floor":27,"turns":4},{"damage":2,"enemies":"Book of Stabbing","floor":29,"turns":4},{"damage":13,"enemies":"Collector","floor":33,"turns":6},{"damage":5,"enemies":"Orb Walker","floor":35,"turns":2},{"damage":0,"enemies":"3 Shapes","floor":37,"turns":3},{"damage":6,"enemies":"Jaw Worm Horde","floor":38,"turns":2},{"damage":11,"enemies":"Giant Head","floor":40,"turns":8},{"damage":14,"enemies":"Maw","floor":41,"turns":6},{"damage":3,"enemies":"4 Shapes","floor":44,"turns":2},{"damage":9,"enemies":"Nemesis","floor":46,"turns":7},{"damage":9,"enemies":"Transient","floor":48,"turns":5},{"damage":39,"enemies":"Donu and Deca","floor":50,"turns":6}],"seed_played":"-8417000092610090844","potions_obtained":[{"floor":6,"key":"Weak Potion"},{"floor":8,"key":"Energy Potion"},{"floor":20,"key":"EssenceOfSteel"},{"floor":22,"key":"Block Potion"},{"floor":27,"key":"SkillPotion"},{"floor":34,"key":"GamblersBrew"},{"floor":35,"key":"SteroidPotion"},{"floor":41,"key":"SteroidPotion"},{"floor":46,"key":"SkillPotion"},{"floor":48,"key":"Strength Potion"}],"is_trial":false,"path_per_floor":["M","$","M","?","$","E","R","M","T","T","R","M","R","E","R","B",null,"M","M","M","$","M","R","E","?","T","M","R","E","R","T","R","B",null,"M","?","M","M","?","E","M","R","T","M","$","E","R","M","R","B",null],"character_chosen":"DEFECT","items_purchased":["Pear","FocusPotion","Buffer+1","Chrysalis","Energy Potion"],"campfire_rested":2,"item_purchase_floors":[21,21,45,45,45],"current_hp_per_floor":[75,75,75,75,75,75,75,75,75,75,75,75,75,57,57,51,75,44,38,29,39,36,61,61,61,61,61,61,59,59,59,59,71,90,85,85,86,81,81,71,58,94,94,92,92,84,84,76,76,59],"gold":84,"neow_bonus":"THREE_ENEMY_KILL","is_prod":false,"is_daily":false,"chose_seed":false,"campfire_upgraded":1,"win_rate":0,"timestamp":1567966738,"path_taken":["M","$","?","?","$","E","R","?","T","?","R","M","R","E","R","BOSS","M","M","M","$","M","R","E","?","T","M","R","E","R","?","R","BOSS","M","?","M","?","?","E","M","R","T","?","$","E","R","M","R","BOSS"],"build_version":"2019-07-17","purchased_purges":1,"victory":true,"max_hp_per_floor":[75,75,75,75,75,75,75,75,75,75,75,75,75,75,75,75,75,75,75,75,85,85,85,85,85,85,85,85,85,85,85,85,85,90,90,90,91,92,92,93,94,94,94,95,95,96,96,97,97,98],"card_choices":[{"not_picked":["Gash","Leap"],"picked":"Sweeping Beam","floor":1},{"not_picked":["Ball Lightning","Rebound"],"picked":"Tempest","floor":3},{"not_picked":["Cold Snap","Sweeping Beam"],"picked":"Sunder","floor":6},{"not_picked":["Sweeping Beam","Doom and Gloom"],"picked":"Lockon","floor":8},{"not_picked":["Amplify","Streamline"],"picked":"Reinforced Body","floor":12},{"not_picked":["Coolheaded","Steam"],"picked":"BootSequence","floor":14},{"not_picked":["Reboot","Machine Learning+1"],"picked":"Electrodynamics+1","floor":16},{"not_picked":["Sweeping Beam+1","Gash"],"picked":"Static Discharge+1","floor":18},{"not_picked":["Redo","Conserve Battery+1"],"picked":"Chill+1","floor":19},{"not_picked":["Glacier","Stack"],"picked":"Go for the Eyes","floor":20},{"not_picked":["Turbo","Hologram","Force Field+1"],"picked":"SKIP","floor":22},{"not_picked":["Ball Lightning","Hologram"],"picked":"Electrodynamics+1","floor":24},{"not_picked":["Ball Lightning+1","Go for the Eyes"],"picked":"Conserve Battery","floor":27},{"not_picked":["FTL","Turbo+1"],"picked":"Conserve Battery+1","floor":29},{"not_picked":["Meteor Strike","Hyperbeam"],"picked":"Buffer+1","floor":33},{"not_picked":["Chaos","Redo"],"picked":"FTL+1","floor":34},{"not_picked":["Stack+1","Conserve Battery+1","Leap+1"],"picked":"SKIP","floor":35},{"not_picked":["Reinforced Body","Rip and Tear","Stack"],"picked":"SKIP","floor":37},{"not_picked":["Steam","Sunder","Turbo"],"picked":"SKIP","floor":38},{"not_picked":["Redo","Tempest"],"picked":"Biased Cognition+1","floor":40},{"not_picked":["Barrage","Compile Driver+1"],"picked":"Hologram+1","floor":41},{"not_picked":["Rebound+1","Double Energy+1"],"picked":"Consume","floor":44},{"not_picked":["Ball Lightning+1","Leap","Skim+1"],"picked":"SKIP","floor":46},{"not_picked":["Cold Snap","Coolheaded+1","Force Field+1"],"picked":"SKIP","floor":48}],"player_experience":327927,"relics_obtained":[{"floor":6,"key":"Matryoshka"},{"floor":9,"key":"Mercury Hourglass"},{"floor":9,"key":"Shovel"},{"floor":10,"key":"PreservedInsect"},{"floor":10,"key":"Art of War"},{"floor":11,"key":"Pocketwatch"},{"floor":13,"key":"Frozen Egg 2"},{"floor":14,"key":"Pantograph"},{"floor":15,"key":"Potion Belt"},{"floor":24,"key":"Boot"},{"floor":26,"key":"Centennial Puzzle"},{"floor":28,"key":"Tiny Chest"},{"floor":29,"key":"Omamori"},{"floor":30,"key":"Regal Pillow"},{"floor":31,"key":"Bronze Scales"},{"floor":32,"key":"Letter Opener"},{"floor":40,"key":"Pen Nib"},{"floor":43,"key":"Bottled Flame"},{"floor":46,"key":"War Paint"},{"floor":49,"key":"Orichalcum"}],"event_choices":[{"damage_healed":0,"gold_gain":0,"cards_transformed":["Strike_B"],"player_choice":"Transformed","damage_taken":0,"max_hp_gain":0,"max_hp_loss":0,"event_name":"Transmorgrifier","floor":4,"gold_loss":0,"cards_obtained":["Genetic Algorithm"]},{"cards_removed":["Strike_B"],"damage_healed":0,"gold_gain":0,"player_choice":"Gave Gold","damage_taken":0,"max_hp_gain":0,"max_hp_loss":0,"event_name":"Beggar","floor":25,"gold_loss":75},{"damage_healed":0,"gold_gain":0,"player_choice":"Trade","damage_taken":0,"relics_obtained":["FaceOfCleric"],"max_hp_gain":0,"max_hp_loss":0,"event_name":"FaceTrader","floor":36,"gold_loss":0},{"damage_healed":0,"gold_gain":0,"player_choice":"Upgraded","damage_taken":0,"max_hp_gain":0,"max_hp_loss":0,"event_name":"Upgrade Shrine","floor":39,"gold_loss":0,"cards_upgraded":["Lockon"]}],"is_beta":false,"boss_relics":[{"not_picked":["Calling Bell","Runic Pyramid"],"picked":"Fusion Hammer"},{"not_picked":["Velvet Choker","Coffee Dripper"],"picked":"Tiny House"}],"items_purged_floors":[45],"is_endless":false,"potions_floor_spawned":[6,8,20,22,27,35,41,46,48],"ascension_level":4}