{"gold_per_floor":[111,261,186,186,203,203,237,248,248,266,293,293,19,54,54,133,133,151,169,169,169,188,188,201,218,296,311,311,326,326,41,41,41],"floor_reached":33,"playtime":2049,"items_purged":["Writhe"],"score":555,"play_id":"7498120d-2c04-44fc-9abb-7ea2aeee6d82","local_time":"20190329191537","is_ascension_mode":true,"campfire_choices":[{"data":"Chaos","floor":6,"key":"SMITH"},{"data":"Redo","floor":12,"key":"SMITH"},{"floor":15,"key":"REST"},{"floor":23,"key":"REST"},{"floor":28,"key":"REST"},{"floor":32,"key":"REST"}],"neow_cost":"NONE","seed_source_timestamp":275145879980984,"circlet_count":0,"master_deck":["AscendersBane","Strike_B","Strike_B","Strike_B","Strike_B","Defend_B","Defend_B","Defend_B","Defend_B","Zap","Dualcast","Redo+1","Chaos+1","Sunder","Core Surge","Cold Snap","Ball Lightning","Seek","Buffer","Undo","Core Surge+1","Doom and Gloom+1","Cold Snap+1","Glacier","Clothesline+1"],"relics":["Cracked Core","NeowsBlessing","NlothsMask","Cables","Pantograph","Molten Egg 2","Dream Catcher","Sozu","Tiny Chest","Toxic Egg 2","PrismaticShard"],"potions_floor_usage":[11,16,16,19],"damage_taken":[{"damage":0,"enemies":"2 Louse","floor":1,"turns":1},{"damage":0,"enemies":"Small Slimes","floor":5,"turns":1},{"damage":0,"enemies":"Gremlin Nob","floor":7,"turns":1},{"damage":12,"enemies":"Jaw Worm","floor":8,"turns":2},{"damage":2,"enemies":"Lots of Slimes","floor":10,"turns":3},{"damage":13,"enemies":"Lagavulin","floor":11,"turns":5},{"damage":29,"enemies":"Gremlin Nob","floor":14,"turns":4},{"damage":13,"enemies":"The Guardian","floor":16,"turns":9},{"damage":1,"enemies":"Spheric Guardian","floor":18,"turns":3},{"damage":20,"enemies":"2 Thieves","floor":19,"turns":3},{"damage":34,"enemies":"Shelled Parasite and Fungi","floor":22,"turns":6},{"damage":24,"enemies":"Cultist and Chosen","floor":24,"turns":5},{"damage":6,"enemies":"3 Cultists","floor":25,"turns":3},{"damage":0,"enemies":"Sentry and Sphere","floor":27,"turns":5},{"damage":27,"enemies":"Snake Plant","floor":29,"turns":5},{"damage":55,"enemies":"Automaton","floor":33,"turns":8}],"seed_played":"2095092865109364444","potions_obtained":[{"floor":8,"key":"Swift Potion"},{"floor":10,"key":"LiquidBronze"},{"floor":14,"key":"EssenceOfSteel"},{"floor":16,"key":"AttackPotion"}],"is_trial":false,"path_per_floor":["M","?","?","?","M","R","E","M","T","M","E","R","$","E","R","B",null,"M","M","?","?","M","R","M","M","T","M","R","M","?","$","R","B"],"character_chosen":"DEFECT","items_purchased":["Molten Egg 2","PrismaticShard"],"campfire_rested":4,"item_purchase_floors":[13,31],"current_hp_per_floor":[64,64,64,64,64,64,64,52,52,50,37,37,37,8,29,41,64,63,43,57,57,23,44,20,14,14,14,35,8,8,8,29,0],"gold":41,"neow_bonus":"THREE_ENEMY_KILL","is_prod":false,"is_daily":false,"chose_seed":false,"campfire_upgraded":2,"win_rate":0,"timestamp":1553912137,"path_taken":["M","?","?","?","M","R","E","?","T","M","E","R","$","E","R","BOSS","M","?","?","?","M","R","M","M","T","?","R","M","?","$","R","BOSS"],"build_version":"2019-01-23","purchased_purges":1,"victory":false,"max_hp_per_floor":[71,71,71,71,71,71,71,71,71,71,71,71,71,71,71,71,71,71,71,71,71,71,71,71,71,71,71,71,71,71,71,71,71],"card_choices":[{"not_picked":["Stack","Recycle"],"picked":"Redo","floor":1},{"not_picked":["Compile Driver","Fusion"],"picked":"Chaos","floor":5},{"not_picked":["Lockon","Turbo"],"picked":"Sunder","floor":7},{"not_picked":["Fusion","Barrage"],"picked":"Core Surge","floor":8},{"not_picked":["Redo","Beam Cell"],"picked":"Cold Snap","floor":10},{"not_picked":["Hologram","Sweeping Beam"],"picked":"Ball Lightning","floor":11},{"not_picked":["Capacitor","Turbo"],"picked":"Seek","floor":14},{"not_picked":["Rainbow","Fission"],"picked":"Buffer","floor":16},{"not_picked":["Go for the Eyes+1","Skim","Turbo"],"picked":"SKIP","floor":18},{"not_picked":["Turbo","Rebound+1"],"picked":"Undo","floor":19},{"not_picked":["Hologram","Undo"],"picked":"Doom and Gloom+1","floor":22},{"not_picked":["Go for the Eyes+1","Compile Driver+1"],"picked":"Cold Snap+1","floor":24},{"not_picked":["Consume","Coolheaded","Recycle"],"picked":"SKIP","floor":25},{"not_picked":["Coolheaded","Beam Cell+1","Streamline+1"],"picked":"SKIP","floor":27},{"not_picked":["Doom and Gloom+1","Barrage+1"],"picked":"Glacier","floor":28},{"not_picked":["Redo","Rip and Tear+1","Consume"],"picked":"SKIP","floor":29},{"not_picked":["Anger+1","Choke+1"],"picked":"Clothesline+1","floor":32}],"player_experience":813818,"relics_obtained":[{"floor":7,"key":"Cables"},{"floor":11,"key":"Pantograph"},{"floor":14,"key":"Dream Catcher"},{"floor":26,"key":"Tiny Chest"}],"event_choices":[{"damage_healed":0,"gold_gain":150,"player_choice":"AGREE","damage_taken":0,"max_hp_gain":0,"max_hp_loss":0,"event_name":"Liars Game","floor":2,"gold_loss":0,"cards_obtained":["Doubt"]},{"cards_removed":["Doubt"],"damage_healed":0,"gold_gain":0,"player_choice":"Card Removal","damage_taken":0,"max_hp_gain":0,"max_hp_loss":0,"event_name":"The Cleric","floor":3,"gold_loss":75},{"damage_healed":0,"gold_gain":0,"player_choice":"Trade","damage_taken":0,"relics_obtained":["NlothsMask"],"max_hp_gain":0,"max_hp_loss":0,"event_name":"FaceTrader","floor":4,"gold_loss":0},{"damage_healed":14,"gold_gain":0,"player_choice":"Heal","damage_taken":0,"max_hp_gain":0,"max_hp_loss":0,"event_name":"The Library","floor":20,"gold_loss":0},{"damage_healed":0,"gold_gain":0,"player_choice":"Copied","damage_taken":0,"max_hp_gain":0,"max_hp_loss":0,"event_name":"Duplicator","floor":21,"gold_loss":0,"cards_obtained":["Core Surge"]},{"damage_healed":0,"gold_gain":0,"player_choice":"Opened","damage_taken":0,"relics_obtained":["Toxic Egg 2"],"max_hp_gain":0,"max_hp_loss":0,"event_name":"The Mausoleum","floor":30,"gold_loss":0,"cards_obtained":["Writhe"]}],"is_beta":false,"boss_relics":[{"not_picked":["Eternal Feather","Coffee Dripper"],"picked":"Sozu"}],"items_purged_floors":[31],"is_endless":false,"potions_floor_spawned":[8,10,14,16,18,29],"killed_by":"Automaton","ascension_level":18}