{"gold_per_floor":[112,126,140,3,3,3,29,29,52,52],"floor_reached":10,"playtime":625,"items_purged":[],"score":132,"play_id":"1ba282b4-0ca4-452f-8830-a50570b492c8","local_time":"20190619082700","is_ascension_mode":true,"campfire_choices":[{"data":"Bash","floor":6,"key":"SMITH"},{"floor":8,"key":"REST"}],"neow_cost":"PERCENT_DAMAGE","seed_source_timestamp":798701229442059,"circlet_count":0,"master_deck":["AscendersBane","Strike_R","Strike_R","Strike_R","Strike_R","Strike_R","Defend_R","Defend_R","Defend_R","Defend_R","Bash+1","Barricade+1","Iron Wave","True Grit","True Grit","Sentinel","Flame Barrier"],"relics":["Burning Blood","Bag of Marbles","Juzu Bracelet"],"potions_floor_usage":[7,7],"damage_taken":[{"damage":12,"enemies":"Small Slimes","floor":1,"turns":5},{"damage":9,"enemies":"Jaw Worm","floor":2,"turns":4},{"damage":0,"enemies":"2 Louse","floor":3,"turns":4},{"damage":38,"enemies":"Lagavulin","floor":7,"turns":6},{"damage":39,"enemies":"3 Sentries","floor":10,"turns":6}],"seed_played":"4909907596757695303","potions_obtained":[{"floor":3,"key":"Fire Potion"}],"is_trial":false,"path_per_floor":["M","M","M","$","?","R","E","R","T","E"],"character_chosen":"IRONCLAD","items_purchased":["Sentinel","PowerPotion"],"campfire_rested":1,"item_purchase_floors":[4,4],"current_hp_per_floor":[44,41,47,47,47,47,15,37,37,0],"gold":52,"neow_bonus":"THREE_RARE_CARDS","is_prod":false,"is_daily":false,"chose_seed":false,"campfire_upgraded":1,"win_rate":0,"timestamp":1560958020,"path_taken":["M","M","M","$","?","R","E","R","T","E"],"build_version":"2019-01-23","purchased_purges":0,"victory":false,"max_hp_per_floor":[75,75,75,75,75,75,75,75,75,75],"card_choices":[{"not_picked":["Berserk","Double Tap"],"picked":"Barricade","floor":0},{"not_picked":["Battle Trance","Twin Strike"],"picked":"Iron Wave","floor":1},{"not_picked":["Headbutt","Sword Boomerang"],"picked":"True Grit","floor":2},{"not_picked":["Perfected Strike","Anger"],"picked":"True Grit","floor":3},{"not_picked":["Entrench","Carnage"],"picked":"Flame Barrier","floor":7}],"player_experience":1044721,"relics_obtained":[{"floor":7,"key":"Bag of Marbles"},{"floor":9,"key":"Juzu Bracelet"}],"event_choices":[{"damage_healed":0,"gold_gain":0,"player_choice":"Grow","damage_taken":0,"max_hp_gain":0,"max_hp_loss":0,"event_name":"Living Wall","floor":5,"gold_loss":0,"cards_upgraded":["Barricade"]}],"is_beta":false,"boss_relics":[],"items_purged_floors":[],"is_endless":false,"potions_floor_spawned":[3],"killed_by":"3 Sentries","ascension_level":20}