{"gold_per_floor":[118,145,145,220,220,255,274,274,346,369,385,423,28,28],"floor_reached":14,"playtime":929,"items_purged":[],"score":246,"play_id":"659d496d-e65b-4f3f-a60d-4552b7503fcf","local_time":"20190505181628","is_ascension_mode":true,"campfire_choices":[],"neow_cost":"NONE","seed_source_timestamp":177951404798950,"circlet_count":0,"master_deck":["AscendersBane","Strike_R","Strike_R","Strike_R","Strike_R","Strike_R","Defend_R","Defend_R","Defend_R","Defend_R","Bash","Thunderclap","Sword Boomerang","Anger","Disarm","Ghostly Armor","Shrug It Off"],"relics":["Burning Blood","NeowsBlessing","Bag of Preparation","Golden Idol","Paper Frog","Bird Faced Urn","Sundial","Smiling Mask","Champion Belt"],"potions_floor_usage":[11,12,14],"damage_taken":[{"damage":0,"enemies":"Cultist","floor":1,"turns":1},{"damage":0,"enemies":"Lagavulin","floor":6,"turns":1},{"damage":0,"enemies":"2 Louse","floor":7,"turns":1},{"damage":0,"enemies":"Small Slimes","floor":10,"turns":2},{"damage":1,"enemies":"3 Louse","floor":11,"turns":3},{"damage":26,"enemies":"Gremlin Nob","floor":12,"turns":4},{"damage":35,"enemies":"3 Sentries","floor":14,"turns":13}],"seed_played":"-7074871384853943562","potions_obtained":[{"floor":6,"key":"Dexterity Potion"},{"floor":10,"key":"Block Potion"},{"floor":11,"key":"GamblersBrew"}],"is_trial":false,"path_per_floor":["M","T","?","?","?","E","M","?","T","M","M","E","$","E"],"character_chosen":"IRONCLAD","items_purchased":["Champion Belt","Shrug It Off"],"campfire_rested":0,"item_purchase_floors":[13,13],"current_hp_per_floor":[74,74,48,37,32,38,44,44,44,50,55,35,35,0],"gold":28,"neow_bonus":"THREE_ENEMY_KILL","is_prod":false,"is_daily":false,"chose_seed":false,"campfire_upgraded":0,"win_rate":0,"timestamp":1557105388,"path_taken":["M","?","?","?","?","E","M","?","T","M","M","E","$","E"],"build_version":"2019-01-23","purchased_purges":0,"victory":false,"max_hp_per_floor":[75,75,75,75,75,75,75,75,75,75,75,75,75,75],"card_choices":[{"not_picked":["Power Through","Pommel Strike"],"picked":"Thunderclap","floor":1},{"not_picked":["Wild Strike","Power Through"],"picked":"Sword Boomerang","floor":6},{"not_picked":["Clash","Sever Soul"],"picked":"Anger","floor":7},{"not_picked":["Berserk","Thunderclap"],"picked":"Disarm","floor":10},{"not_picked":["Clash","Cleave","Corruption"],"picked":"SKIP","floor":11},{"not_picked":["Body Slam","Rage"],"picked":"Ghostly Armor","floor":12}],"player_experience":926420,"relics_obtained":[{"floor":2,"key":"Bag of Preparation"},{"floor":6,"key":"Bird Faced Urn"},{"floor":9,"key":"Sundial"},{"floor":12,"key":"Smiling Mask"}],"event_choices":[{"damage_healed":0,"gold_gain":0,"player_choice":"Take Damage","damage_taken":26,"relics_obtained":["Golden Idol"],"max_hp_gain":0,"max_hp_loss":0,"event_name":"Golden Idol","floor":3,"gold_loss":0},{"damage_healed":0,"gold_gain":75,"player_choice":"Gather Gold","damage_taken":11,"max_hp_gain":0,"max_hp_loss":0,"event_name":"World of Goop","floor":4,"gold_loss":0},{"damage_healed":0,"gold_gain":0,"player_choice":"Success","damage_taken":5,"relics_obtained":["Paper Frog"],"max_hp_gain":0,"max_hp_loss":0,"event_name":"Scrap Ooze","floor":5,"gold_loss":0},{"damage_healed":0,"gold_gain":0,"player_choice":"Ignored","damage_taken":0,"max_hp_gain":0,"max_hp_loss":0,"event_name":"Golden Wing","floor":8,"gold_loss":0}],"is_beta":false,"boss_relics":[],"items_purged_floors":[],"is_endless":false,"potions_floor_spawned":[6,10,11],"killed_by":"3 Sentries","ascension_level":20}