{"gold_per_floor":[111,124,124,143,162,162,197,207,264,264,278,42,62,62,62,166,166,177,177,92,107,119,119,144,154,207,207,207],"floor_reached":28,"playtime":2375,"items_purged":["Strike_B"],"score":278,"play_id":"d3c27e4f-1a8d-4dee-9694-243bd1d1df5e","local_time":"20181127223236","is_ascension_mode":true,"campfire_choices":[{"data":"Go for the Eyes","floor":6,"key":"SMITH"},{"data":"Conserve Battery","floor":10,"key":"SMITH"},{"floor":15,"key":"REST"},{"floor":23,"key":"REST"},{"floor":27,"key":"REST"}],"neow_cost":"NONE","seed_source_timestamp":225557860608584,"circlet_count":0,"master_deck":["Strike_B+1","Strike_B+1","Strike_B","Defend_B","Defend_B","Defend_B","Defend_B+1","Zap","Dualcast","Go for the Eyes+1","Conserve Battery+1","Cold Snap+1","Electrodynamics","Rebound+1","Doom and Gloom+1","Hologram","Capacitor","Fusion","Rebound+1","Capacitor","Seek+1","Redo+1","Necronomicurse","Storm+1","Force Field+1","Compile Driver+1","Barrage+1","Genetic Algorithm+1","Writhe","Lockon+1"],"relics":["Cracked Core","Dream Catcher","Molten Egg 2","Bag of Marbles","Tiny Chest","Cursed Key","Necronomicon","War Paint","Whetstone","Vajra"],"potions_floor_usage":[5,7,16,16,24,28,28,28,28,28],"damage_taken":[{"damage":3,"enemies":"Small Slimes","floor":1,"turns":2},{"damage":2,"enemies":"Jaw Worm","floor":2,"turns":3},{"damage":0,"enemies":"2 Louse","floor":4,"turns":2},{"damage":0,"enemies":"2 Fungi Beasts","floor":5,"turns":3},{"damage":6,"enemies":"Lagavulin","floor":7,"turns":5},{"damage":1,"enemies":"3 Louse","floor":8,"turns":2},{"damage":4,"enemies":"Looter","floor":11,"turns":3},{"damage":9,"enemies":"Exordium Wildlife","floor":13,"turns":2},{"damage":11,"enemies":"The Guardian","floor":16,"turns":6},{"damage":17,"enemies":"Spheric Guardian","floor":18,"turns":4},{"damage":4,"enemies":"Chosen","floor":21,"turns":4},{"damage":0,"enemies":"Sentry and Sphere","floor":22,"turns":2},{"damage":12,"enemies":"Gremlin Leader","floor":24,"turns":4},{"damage":7,"enemies":"Snecko","floor":25,"turns":3},{"damage":23,"enemies":"Colosseum Slavers","floor":28,"turns":4},{"damage":86,"enemies":"Colosseum Nobs","floor":28,"turns":4}],"seed_played":"7581479099683875915","potions_obtained":[{"floor":1,"key":"Explosive Potion"},{"floor":4,"key":"SteroidPotion"},{"floor":5,"key":"Weak Potion"},{"floor":8,"key":"FearPotion"},{"floor":11,"key":"FocusPotion"},{"floor":22,"key":"Poison Potion"},{"floor":25,"key":"EntropicBrew"}],"is_trial":false,"path_per_floor":["M","M","?","M","M","R","E","M","T","R","M","$","M","$","R","B",null,"M","?","?","M","M","R","E","M","T","R","?"],"character_chosen":"DEFECT","items_purchased":["Capacitor","Fusion"],"campfire_rested":3,"item_purchase_floors":[12,12],"current_hp_per_floor":[72,70,58,58,58,58,52,51,51,51,47,47,38,38,60,49,75,58,42,42,38,38,60,48,41,41,63,0],"gold":207,"neow_bonus":"RANDOM_COMMON_RELIC","is_prod":false,"is_daily":false,"chose_seed":false,"campfire_upgraded":2,"win_rate":0,"timestamp":1543386756,"path_taken":["M","M","?","M","M","R","E","M","T","R","M","$","M","?","R","BOSS","M","?","?","M","M","R","E","M","T","R","?"],"build_version":"2018-11-15","purchased_purges":1,"victory":false,"max_hp_per_floor":[75,75,75,75,75,75,75,75,75,75,75,75,75,75,75,75,75,75,75,75,75,75,75,75,75,75,75,75],"card_choices":[{"not_picked":["Sweeping Beam","Beam Cell"],"picked":"Go for the Eyes","floor":1},{"not_picked":["Melter","Go for the Eyes"],"picked":"Conserve Battery","floor":2},{"not_picked":["Leap","Beam Cell+1"],"picked":"Cold Snap+1","floor":4},{"not_picked":["Hologram","Ball Lightning+1"],"picked":"Electrodynamics","floor":5},{"not_picked":["Stack","Turbo"],"picked":"Rebound+1","floor":7},{"not_picked":["Compile Driver+1","Hologram"],"picked":"Doom and Gloom+1","floor":8},{"not_picked":["Sweeping Beam+1","Beam Cell+1"],"picked":"Hologram","floor":11},{"not_picked":["Leap","Conserve Battery"],"picked":"Rebound+1","floor":13},{"not_picked":["Stack","Storm"],"picked":"Capacitor","floor":15},{"not_picked":["Hyperbeam+1","Reboot"],"picked":"Seek","floor":16},{"not_picked":["Self Repair+1","Steam"],"picked":"Redo+1","floor":18},{"not_picked":["White Noise","Gash+1"],"picked":"Storm+1","floor":21},{"not_picked":["Beam Cell+1","Auto Shields"],"picked":"Force Field+1","floor":22},{"not_picked":["Recycle","Leap"],"picked":"Compile Driver+1","floor":23},{"not_picked":["Hologram","Leap"],"picked":"Barrage+1","floor":24},{"not_picked":["Melter+1","Redo+1"],"picked":"Genetic Algorithm+1","floor":25},{"not_picked":["Go for the Eyes+1","Gash+1"],"picked":"Lockon+1","floor":27}],"player_experience":120678,"relics_obtained":[{"floor":7,"key":"Bag of Marbles"},{"floor":9,"key":"Tiny Chest"},{"floor":19,"key":"Necronomicon"},{"floor":24,"key":"Whetstone"},{"floor":26,"key":"Vajra"}],"event_choices":[{"damage_healed":0,"gold_gain":0,"player_choice":"Success","damage_taken":12,"relics_obtained":["Molten Egg 2"],"max_hp_gain":0,"max_hp_loss":0,"event_name":"Scrap Ooze","floor":3,"gold_loss":0},{"damage_healed":0,"gold_gain":0,"player_choice":"Obtained Book","damage_taken":16,"max_hp_gain":0,"max_hp_loss":0,"event_name":"Cursed Tome","floor":19,"gold_loss":0},{"damage_healed":0,"gold_gain":0,"player_choice":"Obtained Relic","damage_taken":0,"relics_obtained":["War Paint"],"max_hp_gain":0,"max_hp_loss":0,"event_name":"Addict","floor":20,"gold_loss":85},{"damage_healed":0,"gold_gain":0,"player_choice":"Fight","damage_taken":0,"max_hp_gain":0,"max_hp_loss":0,"event_name":"Colosseum","floor":28,"gold_loss":0},{"damage_healed":0,"gold_gain":0,"player_choice":"Fought Nobs","damage_taken":0,"max_hp_gain":0,"max_hp_loss":0,"event_name":"Colosseum","floor":28,"gold_loss":0}],"is_beta":false,"boss_relics":[{"not_picked":["Calling Bell","Orrery"],"picked":"Cursed Key"}],"items_purged_floors":[12],"is_endless":false,"potions_floor_spawned":[1,4,5,8,11,22,25,28],"killed_by":"Colosseum Nobs","ascension_level":3}