{"gold_per_floor":[115,115,125,145,51,78,78,98,145,145,164,179,179,193,193,291,291,308,308,42,52,67,67,67,67,67,81,113,132,147,147],"floor_reached":31,"playtime":2426,"items_purged":[],"score":300,"play_id":"9968e7fa-8a40-4914-b4ce-5fbd987d9eb1","local_time":"20181110185528","is_ascension_mode":true,"campfire_choices":[{"floor":7,"key":"REST"},{"data":"Neutralize","floor":15,"key":"SMITH"},{"floor":23,"key":"REST"},{"data":"Cloak And Dagger","floor":25,"key":"SMITH"}],"neow_cost":"NONE","seed_source_timestamp":975173536680435,"circlet_count":0,"master_deck":["Defend_G","Defend_G","Defend_G","Defend_G","Defend_G","Strike_G","Strike_G","Strike_G","Strike_G","Strike_G","Survivor","Neutralize+1","Noxious Fumes+1","Leg Sweep","Cloak And Dagger+1","Caltrops","Tactician+1","Dagger Throw","PiercingWail","Dodge and Roll","Adrenaline","Well Laid Plans","Prepared","Blade Dance","Finisher","Tools of the Trade","Blade Dance+1","Noxious Fumes","PiercingWail","Escape Plan","After Image","Adrenaline","Blade Dance+1","Infinite Blades"],"relics":["Ring of the Snake","NeowsBlessing","Letter Opener","Bag of Preparation","Orrery","Happy Flower","Pen Nib","Ice Cream","Orichalcum"],"potions_floor_usage":[11,14,14,29,30],"damage_taken":[{"damage":0,"enemies":"2 Louse","floor":1,"turns":1},{"damage":0,"enemies":"Cultist","floor":3,"turns":1},{"damage":0,"enemies":"Jaw Worm","floor":4,"turns":1},{"damage":43,"enemies":"Gremlin Nob","floor":6,"turns":6},{"damage":10,"enemies":"2 Fungi Beasts","floor":8,"turns":4},{"damage":5,"enemies":"Red Slaver","floor":11,"turns":4},{"damage":2,"enemies":"Looter","floor":12,"turns":3},{"damage":16,"enemies":"Exordium Thugs","floor":14,"turns":5},{"damage":46,"enemies":"Slime Boss","floor":16,"turns":13},{"damage":15,"enemies":"Shell Parasite","floor":18,"turns":6},{"damage":25,"enemies":"2 Thieves","floor":21,"turns":5},{"damage":15,"enemies":"Shelled Parasite and Fungi","floor":22,"turns":5},{"damage":8,"enemies":"Chosen and Byrds","floor":27,"turns":5},{"damage":12,"enemies":"Gremlin Leader","floor":28,"turns":7},{"damage":9,"enemies":"Snake Plant","floor":29,"turns":5},{"damage":0,"enemies":"3 Cultists","floor":30,"turns":5},{"damage":8,"enemies":"Book of Stabbing","floor":31,"turns":3}],"seed_played":"7973441782560238980","potions_obtained":[{"floor":1,"key":"FearPotion"},{"floor":4,"key":"SkillPotion"},{"floor":8,"key":"EssenceOfSteel"},{"floor":12,"key":"FearPotion"},{"floor":22,"key":"Strength Potion"},{"floor":27,"key":"Ancient Potion"},{"floor":29,"key":"Energy Potion"}],"is_trial":false,"path_per_floor":["M","?","M","M","$","E","R","M","T","?","M","M","?","M","R","B",null,"M","?","$","M","M","R","?","R","T","M","E","M","M","E"],"character_chosen":"THE_SILENT","items_purchased":["Cloak And Dagger","Caltrops","Pen Nib","Noxious Fumes","PiercingWail"],"campfire_rested":2,"item_purchase_floors":[5,5,20,20,20],"current_hp_per_floor":[70,70,70,70,70,27,48,38,38,24,19,17,70,54,54,8,70,55,55,55,30,15,36,36,36,36,28,16,7,7,0],"gold":147,"neow_bonus":"THREE_ENEMY_KILL","is_prod":false,"is_daily":false,"chose_seed":false,"campfire_upgraded":2,"win_rate":0,"timestamp":1541894128,"path_taken":["M","?","?","M","$","E","R","M","T","?","M","M","?","M","R","BOSS","M","?","$","M","M","R","?","R","T","M","E","M","M","E"],"build_version":"2018-11-08","purchased_purges":0,"victory":false,"max_hp_per_floor":[70,70,70,70,70,70,70,70,70,70,70,70,70,70,70,70,70,70,70,70,70,70,70,70,70,70,70,70,70,70,70],"card_choices":[{"not_picked":["Poisoned Stab","Accuracy"],"picked":"Noxious Fumes","floor":1},{"not_picked":["Sucker Punch","Deadly Poison"],"picked":"Flechettes","floor":3},{"not_picked":["Calculated Gamble","Caltrops"],"picked":"Leg Sweep","floor":4},{"not_picked":["Dagger Spray","Reflex"],"picked":"Tactician","floor":6},{"not_picked":["Tactician","Sucker Punch","Accuracy"],"picked":"SKIP","floor":8},{"not_picked":["Expertise","Sucker Punch"],"picked":"Dagger Throw","floor":11},{"not_picked":["Bouncing Flask","Slice"],"picked":"PiercingWail","floor":12},{"not_picked":["Outmaneuver","Masterful Stab"],"picked":"Dodge and Roll","floor":14},{"not_picked":["Storm of Steel","A Thousand Cuts"],"picked":"Adrenaline","floor":16},{"not_picked":["PiercingWail","Footwork"],"picked":"Well Laid Plans","floor":17},{"not_picked":["Dodge and Roll","Slice"],"picked":"Prepared","floor":17},{"not_picked":["Deflect","Prepared"],"picked":"Blade Dance","floor":17},{"not_picked":["Dash","Acrobatics"],"picked":"Finisher","floor":17},{"not_picked":["Cloak And Dagger","Finisher"],"picked":"Tools of the Trade","floor":17},{"not_picked":["Cloak And Dagger","Calculated Gamble"],"picked":"Blade Dance+1","floor":18},{"not_picked":["Bane","Tactician","Flying Knee"],"picked":"SKIP","floor":21},{"not_picked":["Deflect","Prepared"],"picked":"Escape Plan","floor":22},{"not_picked":["Bane","Cloak And Dagger"],"picked":"After Image","floor":27},{"not_picked":["Tactician","Flying Knee"],"picked":"Adrenaline","floor":28},{"not_picked":["Outmaneuver","Poisoned Stab"],"picked":"Blade Dance+1","floor":29},{"not_picked":["Dagger Throw+1","Blade Dance"],"picked":"Infinite Blades","floor":30}],"player_experience":121560,"relics_obtained":[{"floor":6,"key":"Letter Opener"},{"floor":9,"key":"Bag of Preparation"},{"floor":26,"key":"Ice Cream"},{"floor":28,"key":"Orichalcum"}],"event_choices":[{"damage_healed":0,"gold_gain":0,"player_choice":"0 cards matched","damage_taken":0,"max_hp_gain":0,"max_hp_loss":0,"event_name":"Match and Keep!","floor":2,"gold_loss":0,"cards_obtained":[]},{"damage_healed":0,"gold_gain":0,"player_choice":"Entered Light","damage_taken":14,"max_hp_gain":0,"max_hp_loss":0,"event_name":"Shining Light","floor":10,"gold_loss":0,"cards_upgraded":["Noxious Fumes","Tactician"]},{"cards_removed":["Flechettes"],"damage_healed":53,"gold_gain":0,"player_choice":"Offered Uncommon","damage_taken":0,"max_hp_gain":0,"max_hp_loss":0,"event_name":"Bonfire Elementals","floor":13,"gold_loss":0},{"damage_healed":0,"gold_gain":0,"player_choice":"Opened","damage_taken":0,"relics_obtained":["Happy Flower"],"max_hp_gain":0,"max_hp_loss":0,"event_name":"The Mausoleum","floor":19,"gold_loss":0}],"is_beta":false,"boss_relics":[{"not_picked":["Runic Dome","Velvet Choker"],"picked":"Orrery"}],"items_purged_floors":[],"is_endless":false,"potions_floor_spawned":[1,4,8,12,22,27,29],"killed_by":"Book of Stabbing","ascension_level":3}