{"gold_per_floor":[15,15,15,15,33,33,48,83,83,83,109,37,37,37,37,37],"floor_reached":16,"playtime":1764,"items_purged":[],"score":117,"play_id":"0a2c8d5f-c7c0-40cc-819c-09793a460c50","local_time":"20190827203239","is_ascension_mode":true,"campfire_choices":[{"floor":6,"key":"REST"},{"data":"Prepared","floor":10,"key":"SMITH"},{"floor":15,"key":"REST"}],"neow_cost":"NO_GOLD","seed_source_timestamp":18741979124224,"circlet_count":0,"master_deck":["Strike_G","Strike_G","Strike_G","Strike_G","Defend_G","Defend_G","Defend_G","Defend_G","Defend_G","Survivor","Neutralize+1","Deadly Poison","Crippling Poison+1","Prepared+1","Flying Knee","Concentrate","Bouncing Flask"],"relics":["Ring of the Snake","Turnip","Tough Bandages","Snake Skull","Singing Bowl","Lantern"],"potions_floor_usage":[16,16],"damage_taken":[{"damage":0,"enemies":"Cultist","floor":1,"turns":4},{"damage":2,"enemies":"Small Slimes","floor":5,"turns":4},{"damage":0,"enemies":"2 Louse","floor":7,"turns":2},{"damage":5,"enemies":"Lagavulin","floor":8,"turns":6},{"damage":25,"enemies":"Gremlin Nob","floor":11,"turns":4},{"damage":46,"enemies":"Slime Boss","floor":16,"turns":9}],"seed_played":"-4193045146700273759","potions_obtained":[{"floor":5,"key":"FearPotion"},{"floor":8,"key":"SkillPotion"}],"is_trial":false,"path_per_floor":["M","?","?","?","M","R","M","E","T","R","E","$","?","?","R","B"],"character_chosen":"THE_SILENT","items_purchased":["Bouncing Flask"],"campfire_rested":2,"item_purchase_floors":[12],"current_hp_per_floor":[70,70,56,56,54,70,70,65,65,65,42,42,30,23,44,0],"gold":37,"neow_bonus":"ONE_RARE_RELIC","is_prod":false,"is_daily":false,"chose_seed":false,"campfire_upgraded":1,"win_rate":0,"timestamp":1566952359,"path_taken":["M","?","?","?","M","R","?","E","T","R","E","$","?","?","R","BOSS"],"build_version":"2019-07-17","purchased_purges":0,"victory":false,"max_hp_per_floor":[70,70,70,70,70,70,70,70,70,70,72,72,72,72,72,72],"card_choices":[{"not_picked":["Dodge and Roll","Distraction"],"picked":"Deadly Poison","floor":1},{"not_picked":["Blade Dance","Leg Sweep"],"picked":"Prepared","floor":5},{"not_picked":["Finisher","Well Laid Plans"],"picked":"Flying Knee","floor":7},{"not_picked":["Underhanded Strike","Acrobatics"],"picked":"Concentrate","floor":8},{"not_picked":["Dodge and Roll","Prepared","Choke"],"picked":"Singing Bowl","floor":11}],"player_experience":250768,"relics_obtained":[{"floor":8,"key":"Snake Skull"},{"floor":11,"key":"Singing Bowl"}],"event_choices":[{"damage_healed":0,"gold_gain":0,"cards_transformed":["Strike_G"],"player_choice":"Change","damage_taken":0,"max_hp_gain":0,"max_hp_loss":0,"event_name":"Living Wall","floor":2,"gold_loss":0,"cards_obtained":["Crippling Poison"]},{"damage_healed":0,"gold_gain":0,"player_choice":"Entered Light","damage_taken":14,"max_hp_gain":0,"max_hp_loss":0,"event_name":"Shining Light","floor":3,"gold_loss":0,"cards_upgraded":["Crippling Poison","Neutralize"]},{"damage_healed":0,"gold_gain":0,"player_choice":"Box","damage_taken":0,"relics_obtained":["Tough Bandages"],"max_hp_gain":0,"max_hp_loss":0,"event_name":"Big Fish","floor":4,"gold_loss":0,"cards_obtained":["Regret"]},{"damage_healed":0,"gold_gain":0,"player_choice":"Success","damage_taken":12,"relics_obtained":["Lantern"],"max_hp_gain":0,"max_hp_loss":0,"event_name":"Scrap Ooze","floor":13,"gold_loss":0},{"cards_removed":["Regret"],"damage_healed":0,"gold_gain":0,"player_choice":"Card Removal","damage_taken":7,"max_hp_gain":0,"max_hp_loss":0,"event_name":"Golden Wing","floor":14,"gold_loss":0}],"is_beta":false,"boss_relics":[],"items_purged_floors":[],"is_endless":false,"potions_floor_spawned":[5,8],"killed_by":"Slime Boss","ascension_level":2}