{"gold_per_floor":[111,122,137,137,156,156,183,35,35,51,51,51,69,86,86,186,186,203,217,103,3,13,13,13,13],"floor_reached":25,"playtime":2502,"items_purged":["Strike_B","Defend_B"],"score":276,"play_id":"75e4fa8a-4d00-4846-885f-cbb28941dedb","local_time":"20181129214125","is_ascension_mode":true,"campfire_choices":[{"floor":6,"key":"REST"},{"floor":12,"key":"REST"},{"data":"Turbo","floor":15,"key":"SMITH"},{"floor":23,"key":"REST"}],"neow_cost":"NONE","seed_source_timestamp":49220202964624,"circlet_count":0,"master_deck":["Strike_B","Strike_B+1","Strike_B","Defend_B","Zap","Dualcast","White Noise","Conserve Battery","Cold Snap+1","Conserve Battery","Turbo+1","Meteor Strike","Undo","Fusion","Conserve Battery","Creative AI","Barrage+1","Rebound","Loop","Hologram"],"relics":["Runic Pyramid","Pen Nib","Whetstone","Anchor","Inserter"],"potions_floor_usage":[7,16,18,19,25],"damage_taken":[{"damage":0,"enemies":"2 Louse","floor":1,"turns":4},{"damage":15,"enemies":"Cultist","floor":2,"turns":5},{"damage":0,"enemies":"Small Slimes","floor":3,"turns":3},{"damage":48,"enemies":"Exordium Thugs","floor":5,"turns":8},{"damage":0,"enemies":"Lagavulin","floor":7,"turns":8},{"damage":0,"enemies":"Exordium Wildlife","floor":10,"turns":3},{"damage":0,"enemies":"Looter","floor":13,"turns":3},{"damage":0,"enemies":"Large Slime","floor":14,"turns":5},{"damage":7,"enemies":"Slime Boss","floor":16,"turns":11},{"damage":17,"enemies":"Chosen","floor":18,"turns":5},{"damage":20,"enemies":"3 Byrds","floor":19,"turns":4},{"damage":2,"enemies":"Snecko","floor":22,"turns":6},{"damage":58,"enemies":"Slavers","floor":25,"turns":5}],"seed_played":"-6353802999546770","potions_obtained":[{"floor":2,"key":"Dexterity Potion"},{"floor":3,"key":"Dexterity Potion"},{"floor":13,"key":"Energy Potion"},{"floor":14,"key":"Explosive Potion"},{"floor":16,"key":"Swift Potion"},{"floor":18,"key":"GamblersBrew"},{"floor":19,"key":"SteroidPotion"},{"floor":22,"key":"Explosive Potion"}],"is_trial":false,"path_per_floor":["M","M","M","?","M","R","E","$","T","M","?","R","M","M","R","B",null,"M","M","$","$","M","R","$","E"],"character_chosen":"DEFECT","items_purchased":["Whetstone","Loop"],"campfire_rested":3,"item_purchase_floors":[8,20],"current_hp_per_floor":[75,60,60,60,12,34,34,34,34,34,34,56,56,56,56,49,75,58,38,38,38,36,58,58,0],"gold":13,"neow_bonus":"BOSS_RELIC","is_prod":false,"is_daily":false,"chose_seed":false,"campfire_upgraded":1,"win_rate":0,"timestamp":1543556485,"path_taken":["M","M","M","?","M","R","E","$","T","?","?","R","M","M","R","BOSS","M","M","?","$","M","R","?","E"],"build_version":"2018-11-15","purchased_purges":2,"victory":false,"max_hp_per_floor":[75,75,75,75,75,75,75,75,75,75,75,75,75,75,75,75,75,75,75,75,75,75,75,75,75],"card_choices":[{"not_picked":["Hologram","Steam"],"picked":"White Noise","floor":1},{"not_picked":["Lockon","Cold Snap"],"picked":"Conserve Battery","floor":2},{"not_picked":["Compile Driver","Leap"],"picked":"Cold Snap","floor":3},{"not_picked":["Chaos","Machine Learning"],"picked":"Conserve Battery","floor":5},{"not_picked":["Leap","Blizzard"],"picked":"Turbo","floor":7},{"not_picked":["Sunder","Stack"],"picked":"Meteor Strike","floor":10},{"not_picked":["Streamline","Ball Lightning"],"picked":"Fusion","floor":13},{"not_picked":["Coolheaded","Fission"],"picked":"Conserve Battery","floor":14},{"not_picked":["Hyperbeam","Biased Cognition"],"picked":"Creative AI","floor":16},{"not_picked":["Cold Snap+1","Chaos+1"],"picked":"Barrage+1","floor":18},{"not_picked":["BootSequence+1","Cold Snap"],"picked":"Rebound","floor":19},{"not_picked":["Sweeping Beam","Beam Cell"],"picked":"Hologram","floor":22}],"player_experience":134755,"relics_obtained":[{"floor":7,"key":"Pen Nib"},{"floor":9,"key":"Anchor"}],"event_choices":[{"cards_removed":["Defend_B"],"damage_healed":0,"gold_gain":0,"player_choice":"Offered Basic","damage_taken":0,"max_hp_gain":0,"max_hp_loss":0,"event_name":"Bonfire Elementals","floor":4,"gold_loss":0},{"damage_healed":0,"gold_gain":0,"cards_transformed":["Defend_B"],"player_choice":"Transformed","damage_taken":0,"max_hp_gain":0,"max_hp_loss":0,"event_name":"Transmorgrifier","floor":11,"gold_loss":0,"cards_obtained":["Undo"]}],"is_beta":false,"boss_relics":[{"not_picked":["Snecko Eye","White Beast Statue"],"picked":"Inserter"}],"items_purged_floors":[20,21],"is_endless":false,"potions_floor_spawned":[2,3,13,14,16,18,19,22],"killed_by":"Slavers","ascension_level":4}