{"gold_per_floor":[119,119,136,153,153,186,186,221,273,294,294,294,319,26,26,122,122,145,145,60,60,83,83,83],"floor_reached":24,"playtime":1346,"items_purged":["Strike_B"],"score":343,"play_id":"57c9fd89-92a2-4c8c-ad57-16ed6e15037a","local_time":"20190220131114","is_ascension_mode":true,"campfire_choices":[{"floor":7,"key":"REST"},{"data":"Hyperbeam","floor":12,"key":"SMITH"},{"data":"Zap","floor":15,"key":"SMITH"},{"data":"Buffer","floor":23,"key":"SMITH"}],"neow_cost":"PERCENT_DAMAGE","seed_source_timestamp":230131852768471,"circlet_count":0,"master_deck":["AscendersBane","Strike_B","Defend_B","Defend_B","Defend_B","Zap+1","Dualcast","Hyperbeam+1","Turbo","Genetic Algorithm","Scrape","Hologram","Genetic Algorithm","Self Repair","Streamline","Scrape","Buffer+1","Beam Cell"],"relics":["Cracked Core","Meat on the Bone","Shuriken","Letter Opener","Centennial Puzzle","Odd Mushroom","Golden Idol","Vajra","Empty Cage","Nilry\u0027s Codex","Dodecahedron"],"potions_floor_usage":[6,10,16,16,24],"damage_taken":[{"damage":1,"enemies":"2 Louse","floor":1,"turns":2},{"damage":0,"enemies":"Cultist","floor":3,"turns":2},{"damage":0,"enemies":"Small Slimes","floor":4,"turns":2},{"damage":32,"enemies":"Lagavulin","floor":6,"turns":5},{"damage":37,"enemies":"Gremlin Nob","floor":8,"turns":5},{"damage":1,"enemies":"The Mushroom Lair","floor":10,"turns":2},{"damage":0,"enemies":"2 Fungi Beasts","floor":13,"turns":2},{"damage":33,"enemies":"Hexaghost","floor":16,"turns":10},{"damage":1,"enemies":"3 Byrds","floor":18,"turns":2},{"damage":0,"enemies":"Spheric Guardian","floor":22,"turns":3},{"damage":57,"enemies":"Book of Stabbing","floor":24,"turns":4}],"seed_played":"-2502718869141018652","potions_obtained":[{"floor":1,"key":"Swift Potion"},{"floor":8,"key":"Regen Potion"},{"floor":10,"key":"FearPotion"},{"floor":13,"key":"Block Potion"},{"floor":22,"key":"FearPotion"}],"is_trial":false,"path_per_floor":["M","?","M","M","T","E","R","E","T","?","?","R","M","$","R","B",null,"M","?","?","?","M","R","E"],"character_chosen":"DEFECT","items_purchased":["Vajra","Scrape"],"campfire_rested":1,"item_purchase_floors":[14,14],"current_hp_per_floor":[45,45,45,45,45,25,46,21,21,37,37,37,44,44,44,30,57,63,47,47,47,54,54,0],"gold":83,"neow_bonus":"THREE_RARE_CARDS","is_prod":false,"is_daily":false,"chose_seed":false,"campfire_upgraded":3,"win_rate":0,"timestamp":1550697074,"path_taken":["M","?","M","?","?","E","R","E","T","?","?","R","M","$","R","BOSS","M","?","?","?","M","R","E"],"build_version":"2019-01-23","purchased_purges":1,"victory":false,"max_hp_per_floor":[71,71,71,71,71,71,71,71,71,71,66,66,66,66,66,66,66,66,66,66,66,66,66,66],"card_choices":[{"not_picked":["Biased Cognition","Core Surge"],"picked":"Hyperbeam","floor":0},{"not_picked":["Consume","Stack"],"picked":"Turbo","floor":1},{"not_picked":["Go for the Eyes","Force Field"],"picked":"Genetic Algorithm","floor":3},{"not_picked":["Go for the Eyes","Steam"],"picked":"Scrape","floor":4},{"not_picked":["Electrodynamics","Rip and Tear"],"picked":"Hologram","floor":6},{"not_picked":["Compile Driver","Heatsinks"],"picked":"Genetic Algorithm","floor":8},{"not_picked":["Cold Snap","Coolheaded"],"picked":"Self Repair","floor":10},{"not_picked":["Sunder","Reinforced Body"],"picked":"Streamline","floor":13},{"not_picked":["Reboot","Amplify"],"picked":"Buffer","floor":16},{"not_picked":["Barrage+1","Steam"],"picked":"Beam Cell","floor":18},{"not_picked":["Rip and Tear","Undo+1","Storm+1"],"picked":"SKIP","floor":22}],"player_experience":690504,"relics_obtained":[{"floor":5,"key":"Meat on the Bone"},{"floor":6,"key":"Shuriken"},{"floor":8,"key":"Letter Opener"},{"floor":9,"key":"Centennial Puzzle"},{"floor":10,"key":"Odd Mushroom"},{"floor":19,"key":"Nilry\u0027s Codex"}],"event_choices":[{"cards_removed":["Strike_B"],"damage_healed":0,"gold_gain":0,"player_choice":"Offered Basic","damage_taken":0,"max_hp_gain":0,"max_hp_loss":0,"event_name":"Bonfire Elementals","floor":2,"gold_loss":0},{"damage_healed":0,"gold_gain":0,"player_choice":"Fought Mushrooms","damage_taken":0,"max_hp_gain":0,"max_hp_loss":0,"event_name":"Mushrooms","floor":10,"gold_loss":0},{"damage_healed":0,"gold_gain":0,"player_choice":"Lose Max HP","damage_taken":0,"relics_obtained":["Golden Idol"],"max_hp_gain":0,"max_hp_loss":5,"event_name":"Golden Idol","floor":11,"gold_loss":0},{"damage_healed":0,"gold_gain":0,"player_choice":"Obtained Book","damage_taken":16,"max_hp_gain":0,"max_hp_loss":0,"event_name":"Cursed Tome","floor":19,"gold_loss":0},{"damage_healed":0,"gold_gain":0,"player_choice":"Obtained Relic","damage_taken":0,"relics_obtained":["Dodecahedron"],"max_hp_gain":0,"max_hp_loss":0,"event_name":"Addict","floor":20,"gold_loss":85},{"damage_healed":0,"gold_gain":0,"player_choice":"Ignored","damage_taken":0,"max_hp_gain":0,"max_hp_loss":0,"event_name":"Beggar","floor":21,"gold_loss":0}],"is_beta":false,"boss_relics":[{"not_picked":["Runic Dome","FrozenCore"],"picked":"Empty Cage"}],"items_purged_floors":[14],"is_endless":false,"potions_floor_spawned":[1,8,10,13,22],"killed_by":"Book of Stabbing","ascension_level":14}