{"gold_per_floor":[112,126,126,0,0,29,43,43,96,49,49,78,88,106,106,180,180,180,180,180,180,180,180],"floor_reached":23,"playtime":1828,"items_purged":[],"score":391,"play_id":"9252dbf7-83a3-488a-8df1-0e5afe116768","local_time":"20190116131618","is_ascension_mode":true,"campfire_choices":[{"data":"True Grit","floor":8,"key":"SMITH"},{"data":"Demon Form","floor":15,"key":"SMITH"}],"neow_cost":"NONE","seed_source_timestamp":71562842565171,"circlet_count":0,"master_deck":["AscendersBane","Strike_R+1","Strike_R","Strike_R","Strike_R+1","Defend_R","Defend_R","Defend_R","Defend_R","Bash","Uppercut+1","Evolve","Demon Form+1","True Grit+1","Flame Barrier","Metallicize","Shrug It Off","Cleave","Barricade","Corruption","Bludgeon","Shrug It Off","True Grit","Impervious","Entrench"],"relics":["Burning Blood","NeowsBlessing","Centennial Puzzle","Whetstone","Tiny Chest","Charon\u0027s Ashes","Ectoplasm"],"potions_floor_usage":[12,14,19,21,23],"damage_taken":[{"damage":0,"enemies":"Jaw Worm","floor":1,"turns":1},{"damage":0,"enemies":"Cultist","floor":2,"turns":1},{"damage":0,"enemies":"Gremlin Nob","floor":6,"turns":1},{"damage":0,"enemies":"Small Slimes","floor":7,"turns":2},{"damage":8,"enemies":"Lagavulin","floor":12,"turns":6},{"damage":8,"enemies":"Red Slaver","floor":13,"turns":3},{"damage":0,"enemies":"Gremlin Gang","floor":14,"turns":3},{"damage":35,"enemies":"The Guardian","floor":16,"turns":9},{"damage":12,"enemies":"Chosen","floor":18,"turns":4},{"damage":7,"enemies":"3 Byrds","floor":19,"turns":4},{"damage":15,"enemies":"Snake Plant","floor":20,"turns":4},{"damage":11,"enemies":"Shelled Parasite and Fungi","floor":21,"turns":5},{"damage":15,"enemies":"Snecko","floor":22,"turns":5},{"damage":60,"enemies":"Slavers","floor":23,"turns":6}],"seed_played":"6332282837861911558","potions_obtained":[{"floor":1,"key":"Regen Potion"},{"floor":12,"key":"Explosive Potion"},{"floor":13,"key":"Explosive Potion"},{"floor":16,"key":"Regen Potion"},{"floor":20,"key":"EssenceOfSteel"}],"is_trial":false,"path_per_floor":["M","M","?","$","?","E","M","R","T","$","?","E","M","M","R","B",null,"M","M","M","M","M","E"],"character_chosen":"IRONCLAD","items_purchased":["Demon Form","True Grit","Shrug It Off"],"campfire_rested":0,"item_purchase_floors":[4,4,10],"current_hp_per_floor":[74,75,57,57,57,63,69,69,69,69,69,73,71,75,75,46,68,62,61,52,61,52,0],"gold":180,"neow_bonus":"THREE_ENEMY_KILL","is_prod":false,"is_daily":false,"chose_seed":false,"campfire_upgraded":2,"win_rate":0,"timestamp":1547673378,"path_taken":["M","M","?","$","?","E","?","R","T","?","?","E","M","M","R","BOSS","M","M","M","M","M","E"],"build_version":"2019-01-10","purchased_purges":0,"victory":false,"max_hp_per_floor":[75,75,75,75,75,75,75,75,75,75,75,75,75,75,75,75,75,75,75,75,75,75,75],"card_choices":[{"not_picked":["Dual Wield","Second Wind"],"picked":"Uppercut","floor":1},{"not_picked":["Iron Wave","Carnage"],"picked":"Evolve","floor":2},{"not_picked":["Whirlwind","Burning Pact"],"picked":"Flame Barrier","floor":6},{"not_picked":["Flex","Evolve"],"picked":"Metallicize","floor":7},{"not_picked":["Flame Barrier","True Grit"],"picked":"Cleave","floor":12},{"not_picked":["Warcry","Evolve"],"picked":"Barricade","floor":13},{"not_picked":["Shockwave","Whirlwind"],"picked":"Corruption","floor":14},{"not_picked":["Demon Form","Barricade"],"picked":"Bludgeon","floor":16},{"not_picked":["Rage+1","Clash"],"picked":"Shrug It Off","floor":18},{"not_picked":["Corruption","Clash+1"],"picked":"True Grit","floor":19},{"not_picked":["Dropkick","Rampage","Clothesline"],"picked":"SKIP","floor":20},{"not_picked":["Twin Strike","Thunderclap"],"picked":"Impervious","floor":21},{"not_picked":["Disarm","Cleave"],"picked":"Entrench","floor":22}],"player_experience":456277,"relics_obtained":[{"floor":6,"key":"Whetstone"},{"floor":9,"key":"Tiny Chest"},{"floor":12,"key":"Charon\u0027s Ashes"}],"event_choices":[{"damage_healed":0,"gold_gain":0,"player_choice":"Success","damage_taken":18,"relics_obtained":["Centennial Puzzle"],"max_hp_gain":0,"max_hp_loss":0,"event_name":"Scrap Ooze","floor":3,"gold_loss":0},{"damage_healed":0,"gold_gain":0,"player_choice":"Upgraded","damage_taken":0,"max_hp_gain":0,"max_hp_loss":0,"event_name":"Upgrade Shrine","floor":5,"gold_loss":0,"cards_upgraded":["Uppercut"]},{"cards_removed":["Strike_R"],"damage_healed":0,"gold_gain":0,"player_choice":"Offered Basic","damage_taken":0,"max_hp_gain":0,"max_hp_loss":0,"event_name":"Bonfire Elementals","floor":11,"gold_loss":0}],"is_beta":false,"boss_relics":[{"not_picked":["Fusion Hammer","Tiny House"],"picked":"Ectoplasm"}],"items_purged_floors":[],"is_endless":false,"potions_floor_spawned":[1,12,13,16,20],"killed_by":"Slavers","ascension_level":14}