{"gold_per_floor":[113,113,133,144,144,144,176,176,176,176,201,216,8,20,20,124,124,136,165,80,96,15,48,48,63,63,96,45,45,63,63,63,163,163,181,192,206,206,225,225,78,113,138,138,138,149,149,49,49,49],"floor_reached":51,"playtime":5158,"items_purged":["Strike_G","Reflex"],"score":733,"play_id":"a1de45d5-8f4f-4760-b2a3-a4ede5f4589e","local_time":"20190822220826","is_ascension_mode":true,"campfire_choices":[{"data":"Crippling Poison","floor":6,"key":"SMITH"},{"data":"Noxious Fumes","floor":8,"key":"SMITH"},{"floor":10,"key":"REST"},{"data":"Catalyst","floor":15,"key":"SMITH"},{"floor":24,"key":"REST"},{"floor":29,"key":"REST"},{"floor":32,"key":"REST"},{"floor":40,"key":"REST"},{"floor":44,"key":"REST"},{"floor":47,"key":"REST"},{"floor":49,"key":"RECALL"}],"neow_cost":"NONE","seed_source_timestamp":99703668991546,"circlet_count":0,"master_deck":["Survivor+1","Neutralize","All Out Attack","Crippling Poison+1","Underhanded Strike","Noxious Fumes+1","Backflip","Poisoned Stab+1","Catalyst+1","Dash+1","Die Die Die","Sucker Punch+1","Glass Knife","Terror+1","Skewer+1","Envenom","Prepared","Leg Sweep","Slice+1","Heel Hook+1","Leg Sweep","Burst","Dash+1","PiercingWail","Poisoned Stab+1","Deflect+1","Bandage Up","Mind Blast+1","Bane+1"],"relics":["Ring of the Snake","Ancient Tea Set","Turnip","Ice Cream","Blood Vial","Fusion Hammer","Red Mask","Vajra","Molten Egg 2","Paper Crane","Orichalcum","Pandora\u0027s Box","Bronze Scales","Torii","Whetstone"],"potions_floor_usage":[7,7,11,16,23,23,33,33,42,50],"damage_taken":[{"damage":13,"enemies":"Jaw Worm","floor":1,"turns":7},{"damage":0,"enemies":"2 Louse","floor":3,"turns":2},{"damage":1,"enemies":"Cultist","floor":4,"turns":5},{"damage":26,"enemies":"Lagavulin","floor":7,"turns":9},{"damage":12,"enemies":"Gremlin Nob","floor":11,"turns":4},{"damage":4,"enemies":"2 Fungi Beasts","floor":12,"turns":3},{"damage":4,"enemies":"Blue Slaver","floor":14,"turns":4},{"damage":1,"enemies":"Slime Boss","floor":16,"turns":7},{"damage":4,"enemies":"3 Byrds","floor":18,"turns":3},{"damage":0,"enemies":"Masked Bandits","floor":19,"turns":2},{"damage":1,"enemies":"Chosen","floor":21,"turns":3},{"damage":24,"enemies":"Slavers","floor":23,"turns":5},{"damage":10,"enemies":"Snake Plant","floor":25,"turns":4},{"damage":23,"enemies":"Gremlin Leader","floor":27,"turns":4},{"damage":3,"enemies":"Snecko","floor":30,"turns":4},{"damage":32,"enemies":"Automaton","floor":33,"turns":7},{"damage":12,"enemies":"3 Darklings","floor":35,"turns":3},{"damage":18,"enemies":"3 Shapes","floor":36,"turns":4},{"damage":6,"enemies":"Jaw Worm Horde","floor":37,"turns":4},{"damage":5,"enemies":"Maw","floor":39,"turns":6},{"damage":0,"enemies":"Nemesis","floor":42,"turns":5},{"damage":5,"enemies":"4 Shapes","floor":46,"turns":4},{"damage":27,"enemies":"Awakened One","floor":50,"turns":12}],"seed_played":"-3651326996094765770","potions_obtained":[{"floor":1,"key":"Regen Potion"},{"floor":4,"key":"SkillPotion"},{"floor":7,"key":"Strength Potion"},{"floor":12,"key":"Block Potion"},{"floor":16,"key":"Block Potion"},{"floor":27,"key":"LiquidBronze"},{"floor":30,"key":"PowerPotion"},{"floor":33,"key":"Block Potion"},{"floor":35,"key":"SpeedPotion"},{"floor":42,"key":"GamblersBrew"}],"is_trial":false,"path_per_floor":["M","?","M","M","?","R","E","R","T","R","E","M","$","M","R","B",null,"M","?","?","M","$","E","R","M","T","E","$","R","M","$","R","B",null,"M","M","M","?","M","R","$","E","T","R","?","M","R","$","R","B",null],"character_chosen":"THE_SILENT","items_purchased":["Catalyst","Explosive Potion","Strength Potion","Glass Knife","Energy Potion","Bronze Scales"],"campfire_rested":7,"item_purchase_floors":[13,13,13,22,28,41],"current_hp_per_floor":[57,57,57,56,56,56,45,45,45,66,54,52,52,50,50,51,70,66,68,68,69,69,46,67,59,59,38,38,59,58,58,70,38,70,58,42,38,38,35,56,56,58,58,70,60,57,70,70,70,47],"gold":49,"neow_bonus":"RANDOM_COMMON_RELIC","is_prod":false,"is_daily":false,"chose_seed":false,"campfire_upgraded":3,"win_rate":0,"timestamp":1566526106,"path_taken":["M","?","M","M","?","R","E","R","T","R","E","?","$","M","R","BOSS","M","?","?","M","$","E","R","M","T","E","?","R","?","$","R","BOSS","M","M","M","?","?","R","$","E","T","R","?","M","R","?","R","BOSS"],"build_version":"2019-07-17","purchased_purges":2,"victory":true,"max_hp_per_floor":[70,70,70,70,70,70,70,70,70,70,70,70,70,70,70,70,70,70,70,70,70,70,70,70,70,70,70,70,70,70,70,70,70,70,70,70,70,70,70,70,70,70,70,70,70,70,70,70,70,70],"card_choices":[{"not_picked":["Deflect","Blade Dance"],"picked":"All Out Attack","floor":1},{"not_picked":["Riddle With Holes","Sucker Punch"],"picked":"Crippling Poison","floor":3},{"not_picked":["Eviscerate","Endless Agony"],"picked":"Underhanded Strike","floor":4},{"not_picked":["Reflex","Phantasmal Killer"],"picked":"Noxious Fumes","floor":7},{"not_picked":["Dagger Spray","Blade Dance"],"picked":"Backflip","floor":11},{"not_picked":["Slice","Crippling Poison"],"picked":"Poisoned Stab","floor":12},{"not_picked":["Riddle With Holes","Catalyst"],"picked":"Dash","floor":14},{"not_picked":["Burst","Wraith Form v2"],"picked":"Die Die Die","floor":16},{"not_picked":["Dagger Spray","Acrobatics"],"picked":"Sucker Punch+1","floor":18},{"not_picked":["Choke","Prepared","Cloak And Dagger+1"],"picked":"SKIP","floor":21},{"not_picked":["Outmaneuver","PiercingWail"],"picked":"Terror+1","floor":23},{"not_picked":["Dagger Spray+1","Terror"],"picked":"Skewer+1","floor":25},{"not_picked":["Deadly Poison","All Out Attack+1","Outmaneuver"],"picked":"SKIP","floor":27},{"not_picked":["Noxious Fumes","Distraction","Prepared"],"picked":"SKIP","floor":30},{"not_picked":["Wraith Form v2","Glass Knife+1"],"picked":"Envenom","floor":33},{"not_picked":["Distraction","Terror+1","Skewer+1"],"picked":"SKIP","floor":35},{"not_picked":["Prepared","Acrobatics+1"],"picked":"PiercingWail","floor":36},{"not_picked":["Dagger Spray+1","Eviscerate+1","Dagger Throw+1"],"picked":"SKIP","floor":37},{"not_picked":["Outmaneuver+1","Deadly Poison"],"picked":"Poisoned Stab+1","floor":39},{"not_picked":["Outmaneuver+1","Noxious Fumes"],"picked":"Deflect+1","floor":42},{"not_picked":["Transmutation","Impatience"],"picked":"Bandage Up","floor":45},{"not_picked":["Jack Of All Trades","Panache"],"picked":"Mind Blast+1","floor":45},{"not_picked":["Deadly Poison+1","Dagger Throw+1"],"picked":"Bane+1","floor":46}],"player_experience":220541,"relics_obtained":[{"floor":7,"key":"Turnip"},{"floor":9,"key":"Ice Cream"},{"floor":11,"key":"Blood Vial"},{"floor":19,"key":"Red Mask"},{"floor":23,"key":"Molten Egg 2"},{"floor":26,"key":"Paper Crane"},{"floor":27,"key":"Orichalcum"},{"floor":42,"key":"Torii"},{"floor":43,"key":"Whetstone"}],"event_choices":[{"damage_healed":0,"gold_gain":0,"cards_transformed":["Strike_G"],"player_choice":"Change","damage_taken":0,"max_hp_gain":0,"max_hp_loss":0,"event_name":"Living Wall","floor":2,"gold_loss":0,"cards_obtained":["Reflex"]},{"cards_removed":["Strike_G"],"damage_healed":0,"gold_gain":0,"player_choice":"Purged","damage_taken":0,"max_hp_gain":0,"max_hp_loss":0,"event_name":"Purifier","floor":5,"gold_loss":0},{"damage_healed":0,"gold_gain":0,"player_choice":"Fought Bandits","damage_taken":0,"max_hp_gain":0,"max_hp_loss":0,"event_name":"Masked Bandits","floor":19,"gold_loss":0},{"damage_healed":0,"gold_gain":0,"player_choice":"Obtained Relic","damage_taken":0,"relics_obtained":["Vajra"],"max_hp_gain":0,"max_hp_loss":0,"event_name":"Addict","floor":20,"gold_loss":85},{"damage_healed":0,"gold_gain":0,"player_choice":"Forge","damage_taken":0,"max_hp_gain":0,"max_hp_loss":0,"event_name":"Accursed Blacksmith","floor":38,"gold_loss":0,"cards_upgraded":["Survivor"]},{"damage_healed":0,"gold_gain":0,"player_choice":"Memory 3","damage_taken":10,"max_hp_gain":0,"max_hp_loss":0,"event_name":"SensoryStone","floor":45,"gold_loss":0}],"is_beta":false,"boss_relics":[{"not_picked":["Tiny House","Coffee Dripper"],"picked":"Fusion Hammer"},{"not_picked":["Empty Cage","Ring of the Serpent"],"picked":"Pandora\u0027s Box"}],"items_purged_floors":[13,48],"is_endless":false,"potions_floor_spawned":[1,4,7,12,16,27,30,33,35,39,42],"ascension_level":1}