{"gold_per_floor":[359,359,359,34,48,84,84,104,104,120,120,139,175,193,193,323,323,342,36,36,49,74,74],"floor_reached":23,"playtime":1725,"items_purged":["Injury"],"score":223,"play_id":"d07aae4e-57c9-4aa7-a217-f71858ee8daa","local_time":"20190827210137","is_ascension_mode":true,"campfire_choices":[{"floor":7,"key":"REST"},{"data":"Accuracy","floor":11,"key":"SMITH"},{"floor":15,"key":"REST"}],"neow_cost":"TEN_PERCENT_HP_LOSS","seed_source_timestamp":20518610484600,"circlet_count":0,"master_deck":["Strike_G","Strike_G","Strike_G","Defend_G","Defend_G","Defend_G","Defend_G","Survivor","Neutralize","Blade Dance","Accuracy+1","Poisoned Stab","Cloak And Dagger","Storm of Steel+1","Cloak And Dagger+1","Skewer","Escape Plan+1","Blur+1","Backstab","Grand Finale","Distraction+1","Sucker Punch+1","Setup+1","All Out Attack","Panache","RitualDagger","Cloak And Dagger+1","PiercingWail+1"],"relics":["Ring of the Snake","Golden Idol","MawBank","Bag of Marbles","Toxic Egg 2","Pear","Juzu Bracelet","Astrolabe"],"potions_floor_usage":[6,6,6,13,18,22,23],"damage_taken":[{"damage":4,"enemies":"Jaw Worm","floor":1,"turns":5},{"damage":1,"enemies":"Cultist","floor":5,"turns":3},{"damage":24,"enemies":"Gremlin Nob","floor":6,"turns":4},{"damage":0,"enemies":"Small Slimes","floor":8,"turns":1},{"damage":1,"enemies":"Blue Slaver","floor":10,"turns":3},{"damage":2,"enemies":"3 Louse","floor":12,"turns":2},{"damage":14,"enemies":"Lagavulin","floor":13,"turns":5},{"damage":0,"enemies":"Looter","floor":14,"turns":1},{"damage":23,"enemies":"Hexaghost","floor":16,"turns":10},{"damage":5,"enemies":"Shell Parasite","floor":18,"turns":3},{"damage":0,"enemies":"Chosen","floor":21,"turns":4},{"damage":0,"enemies":"3 Cultists","floor":22,"turns":3},{"damage":73,"enemies":"Gremlin Leader","floor":23,"turns":5}],"seed_played":"1369975078883204307","potions_obtained":[{"floor":1,"key":"Explosive Potion"},{"floor":12,"key":"EssenceOfSteel"},{"floor":16,"key":"Poison Potion"},{"floor":21,"key":"GamblersBrew"}],"is_trial":false,"path_per_floor":["M","?","?","$","M","E","R","M","T","M","R","M","E","M","R","B",null,"M","$","?","M","M","E"],"character_chosen":"THE_SILENT","items_purchased":["Bag of Marbles","Accuracy","Poisoned Stab","Poison Potion","Explosive Potion","Panache","Fire Potion"],"campfire_rested":2,"item_purchase_floors":[4,4,4,4,4,19,19],"current_hp_per_floor":[59,59,59,59,58,34,52,52,62,61,61,59,45,45,66,43,73,68,68,62,62,62,0],"gold":74,"neow_bonus":"TWO_FIFTY_GOLD","is_prod":false,"is_daily":false,"chose_seed":false,"campfire_upgraded":1,"win_rate":0,"timestamp":1566954097,"path_taken":["M","?","?","$","M","E","R","M","T","?","R","M","E","M","R","BOSS","M","$","?","M","M","E"],"build_version":"2019-07-17","purchased_purges":1,"victory":false,"max_hp_per_floor":[63,63,63,63,63,63,63,63,73,73,73,73,73,73,73,73,73,73,73,73,73,73,73],"card_choices":[{"not_picked":["Underhanded Strike","Dagger Throw"],"picked":"Blade Dance","floor":1},{"not_picked":["Backflip","Slice"],"picked":"Cloak And Dagger","floor":5},{"not_picked":["Reflex","Caltrops"],"picked":"Storm of Steel","floor":6},{"not_picked":["Dodge and Roll+1","Prepared+1"],"picked":"Cloak And Dagger+1","floor":8},{"not_picked":["Poisoned Stab","Noxious Fumes"],"picked":"Skewer","floor":10},{"not_picked":["Heel Hook","Bane"],"picked":"Escape Plan+1","floor":12},{"not_picked":["Tactician+1","Underhanded Strike"],"picked":"Blur+1","floor":13},{"not_picked":["Deadly Poison+1","Prepared+1"],"picked":"Backstab","floor":14},{"not_picked":["Envenom","Glass Knife"],"picked":"Grand Finale","floor":16},{"not_picked":["Flechettes","Skewer"],"picked":"All Out Attack","floor":18},{"not_picked":["Predator+1","Bane+1"],"picked":"Cloak And Dagger+1","floor":21},{"not_picked":["Bane","Dodge and Roll+1"],"picked":"PiercingWail+1","floor":22}],"player_experience":252532,"relics_obtained":[{"floor":3,"key":"MawBank"},{"floor":6,"key":"Toxic Egg 2"},{"floor":9,"key":"Pear"},{"floor":13,"key":"Juzu Bracelet"}],"event_choices":[{"damage_healed":0,"gold_gain":0,"player_choice":"Take Wound","damage_taken":0,"relics_obtained":["Golden Idol"],"max_hp_gain":0,"max_hp_loss":0,"event_name":"Golden Idol","floor":2,"gold_loss":0,"cards_obtained":["Injury"]},{"damage_healed":0,"gold_gain":0,"player_choice":"Relic","damage_taken":0,"max_hp_gain":0,"max_hp_loss":0,"event_name":"Wheel of Change","floor":3,"gold_loss":0},{"damage_healed":0,"gold_gain":0,"player_choice":"Joined the Cult","damage_taken":6,"max_hp_gain":0,"max_hp_loss":0,"event_name":"Nest","floor":20,"gold_loss":0,"cards_obtained":["RitualDagger"]}],"is_beta":false,"boss_relics":[{"not_picked":["Empty Cage","Calling Bell"],"picked":"Astrolabe"}],"items_purged_floors":[19],"is_endless":false,"potions_floor_spawned":[1,5,12,16,21],"killed_by":"Gremlin Leader","ascension_level":2}