{"gold_per_floor":[110,110,110,128,128,128,145,145,168,197,37,47,79,16,28,117,129,156,185,197,223,246,258,287,299,311,341,387,415,163,174,174,252,252,266,266,53,64,81,81,113,113,113,213,223,223,223,253,253,253,253],"floor_reached":51,"playtime":2375,"items_purged":["Strike_R","Flex"],"score":1549,"play_id":"fe2a285e-da73-46ac-bc65-fb59ae2bb564","local_time":"20190911192959","is_ascension_mode":true,"campfire_choices":[{"data":"Bash","floor":6.0,"key":"SMITH"},{"data":"Inflame","floor":8.0,"key":"SMITH"},{"data":"Metallicize","floor":15.0,"key":"SMITH"},{"data":"Juggernaut","floor":23.0,"key":"SMITH"},{"data":"Clothesline","floor":25.0,"key":"SMITH"},{"data":"Juggernaut","floor":32.0,"key":"SMITH"},{"floor":40.0,"key":"REST"},{"data":"Shrug It Off","floor":42.0,"key":"SMITH"},{"data":"Power Through","floor":47,"key":"SMITH"},{"data":"Metallicize","floor":49,"key":"SMITH"}],"neow_cost":"NONE","seed_source_timestamp":184068149560800,"circlet_count":0,"master_deck":["AscendersBane","Strike_R+1","Defend_R","Defend_R","Defend_R","Defend_R","Bash+1","Flame Barrier+1","Clothesline+1","Inflame+1","Shrug It Off+1","Metallicize+1","Juggernaut+1","Clothesline+1","Juggernaut+1","Body Slam","Barricade","Carnage","Flame Barrier+1","Power Through+1","Metallicize+1"],"special_seed":0,"relics":["Burning Blood","NeowsBlessing","Happy Flower","PreservedInsect","MawBank","Snecko Eye","Paper Frog","Singing Bowl","Lantern","Orrery","DollysMirror","Shuriken","Mercury Hourglass","StoneCalendar","Question Card"],"potions_floor_usage":[48,51],"damage_taken":[{"damage":0.0,"enemies":"Cultist","floor":1.0,"turns":1.0},{"damage":0.0,"enemies":"Jaw Worm","floor":4.0,"turns":1.0},{"damage":0.0,"enemies":"Small Slimes","floor":7.0,"turns":1.0},{"damage":6.0,"enemies":"Gremlin Nob","floor":10.0,"turns":3.0},{"damage":1.0,"enemies":"Red Slaver","floor":12.0,"turns":4.0},{"damage":3.0,"enemies":"3 Sentries","floor":13.0,"turns":12.0},{"damage":55.0,"enemies":"Hexaghost","floor":16.0,"turns":11.0},{"damage":8.0,"enemies":"2 Thieves","floor":18.0,"turns":3.0},{"damage":0.0,"enemies":"3 Byrds","floor":19.0,"turns":4.0},{"damage":8.0,"enemies":"Snake Plant","floor":21.0,"turns":4.0},{"damage":3.0,"enemies":"3 Cultists","floor":22.0,"turns":5.0},{"damage":21.0,"enemies":"Shelled Parasite and Fungi","floor":24.0,"turns":5.0},{"damage":6.0,"enemies":"Snake Plant","floor":27.0,"turns":2.0},{"damage":23.0,"enemies":"Slavers","floor":28.0,"turns":5.0},{"damage":0.0,"enemies":"Centurion and Healer","floor":29.0,"turns":3.0},{"damage":0.0,"enemies":"Snecko","floor":31.0,"turns":3.0},{"damage":5.0,"enemies":"Collector","floor":33.0,"turns":7.0},{"damage":9.0,"enemies":"3 Shapes","floor":35.0,"turns":5.0},{"damage":23.0,"enemies":"3 Darklings","floor":38.0,"turns":5.0},{"damage":25.0,"enemies":"Jaw Worm Horde","floor":39.0,"turns":5.0},{"damage":0.0,"enemies":"Nemesis","floor":41.0,"turns":5.0},{"damage":16.0,"enemies":"Mind Bloom Boss Battle","floor":44.0,"turns":6.0},{"damage":6,"enemies":"Sphere and 2 Shapes","floor":45,"turns":5},{"damage":0,"enemies":"Giant Head","floor":48,"turns":5},{"damage":43,"enemies":"Awakened One","floor":50,"turns":14},{"damage":56,"enemies":"Donu and Deca","floor":51,"turns":7}],"seed_played":"2136255741992779734","potions_obtained":[{"floor":1.0,"key":"Strength Potion"},{"floor":4.0,"key":"Fire Potion"},{"floor":18.0,"key":"Block Potion"},{"floor":19.0,"key":"Swift Potion"},{"floor":21.0,"key":"EssenceOfSteel"},{"floor":29.0,"key":"Energy Potion"},{"floor":33.0,"key":"Block Potion"},{"floor":38.0,"key":"Block Potion"},{"floor":39.0,"key":"Fire Potion"},{"floor":44.0,"key":"Poison Potion"}],"is_trial":false,"path_per_floor":["M","?","?","M","?","R","M","R","T","E","$","M","E","?","R","B",null,"M","M","?","M","M","R","M","R","T","M","E","M","$","M","R","B",null,"M","?","$","M","M","R","E","R","T","?","M","?","R","E","R","B","B"],"character_chosen":"IRONCLAD","items_purchased":["Metallicize","Lantern","DollysMirror"],"campfire_rested":1,"item_purchase_floors":[11,30,37],"current_hp_per_floor":[74,67,44,50,50,50,56,56,56,56,56,61,64,64,64,15,60,58,64,64,62,65,65,50,50,50,50,33,41,41,47,47,48,78,77,77,77,62,45,72,80,80,80,70,72,72,72,78,78,41,0],"gold":253,"neow_bonus":"THREE_ENEMY_KILL","is_prod":false,"is_daily":false,"chose_seed":false,"campfire_upgraded":9,"win_rate":0,"timestamp":1568255399,"path_taken":["M","?","?","M","?","R","M","R","T","E","$","M","E","?","R","BOSS","M","M","?","M","M","R","M","R","T","?","E","M","$","M","R","BOSS","M","?","$","M","M","R","E","R","T","?","M","?","R","E","R","BOSS","BOSS"],"build_version":"2019-07-17","purchased_purges":2,"victory":false,"max_hp_per_floor":[75,75,75,75,75,75,75,75,75,75,75,75,75,75,75,75,75,75,75,75,75,75,75,75,75,75,75,75,77,77,77,77,77,85,87,87,87,89,91,91,93,93,93,93,95,95,95,95,95,95,95],"card_choices":[{"not_picked":["Spot Weakness","Dual Wield"],"picked":"Flame Barrier","floor":1.0},{"not_picked":["Warcry","Armaments"],"picked":"Clothesline","floor":4.0},{"not_picked":["Warcry","Dropkick"],"picked":"Inflame","floor":7.0},{"not_picked":["Infernal Blade","Rampage"],"picked":"Shrug It Off","floor":10.0},{"not_picked":["Uppercut","Cleave","Intimidate"],"picked":"SKIP","floor":12.0},{"not_picked":["Pummel","Blood for Blood","Reckless Charge"],"picked":"SKIP","floor":13.0},{"not_picked":["Demon Form","Bludgeon"],"picked":"Juggernaut","floor":16.0},{"not_picked":["Reckless Charge","Thunderclap"],"picked":"Clothesline","floor":18.0},{"not_picked":["Hemokinesis","Twin Strike","Inflame"],"picked":"SKIP","floor":19.0},{"not_picked":["Rampage","True Grit","Corruption+1"],"picked":"SKIP","floor":21.0},{"not_picked":["Searing Blow","Shrug It Off","Pommel Strike"],"picked":"SKIP","floor":22.0},{"not_picked":["Sword Boomerang","Sentinel"],"picked":"Heavy Blade+1","floor":24.0},{"not_picked":["Shrug It Off","Headbutt","Second Wind"],"picked":"SKIP","floor":27.0},{"not_picked":["Flex","Heavy Blade"],"picked":"Juggernaut","floor":28.0},{"not_picked":["Blood for Blood","Feel No Pain","Perfected Strike"],"picked":"Singing Bowl","floor":29.0},{"not_picked":["Sword Boomerang","Hemokinesis+1"],"picked":"Body Slam","floor":31.0},{"not_picked":["Demon Form","Reaper"],"picked":"Barricade","floor":33.0},{"not_picked":["Warcry","Sentinel","Anger"],"picked":"Singing Bowl","floor":34.0},{"not_picked":["Evolve","Headbutt","Wild Strike"],"picked":"Singing Bowl","floor":34.0},{"not_picked":["Reckless Charge","Warcry","Pommel Strike"],"picked":"Singing Bowl","floor":34.0},{"not_picked":["Ghostly Armor","Dual Wield","Perfected Strike"],"picked":"Singing Bowl","floor":34.0},{"not_picked":["Seeing Red","True Grit"],"picked":"Carnage","floor":34.0},{"not_picked":["Spot Weakness","Body Slam","Flex"],"picked":"Singing Bowl","floor":35.0},{"not_picked":["Body Slam","Reckless Charge","Armaments+1"],"picked":"Singing Bowl","floor":38.0},{"not_picked":["Headbutt+1","Havoc","Rage"],"picked":"Singing Bowl","floor":39.0},{"not_picked":["Pommel Strike","Limit Break","Whirlwind"],"picked":"Singing Bowl","floor":41.0},{"not_picked":["Bloodletting","Perfected Strike"],"picked":"Power Through","floor":44.0},{"not_picked":["Body Slam","Shrug It Off","Wild Strike"],"picked":"Singing Bowl","floor":45},{"not_picked":["Sword Boomerang+1","Shrug It Off+1"],"picked":"Metallicize","floor":48}],"player_experience":674729,"relics_obtained":[{"floor":9.0,"key":"Happy Flower"},{"floor":10.0,"key":"PreservedInsect"},{"floor":13.0,"key":"MawBank"},{"floor":26.0,"key":"Paper Frog"},{"floor":28.0,"key":"Singing Bowl"},{"floor":41.0,"key":"Shuriken"},{"floor":43.0,"key":"Mercury Hourglass"},{"floor":44.0,"key":"StoneCalendar"},{"floor":48,"key":"Question Card"}],"event_choices":[{"cards_removed":["Strike_R"],"damage_healed":0.0,"max_hp_gain":0.0,"max_hp_loss":0.0,"gold_gain":0.0,"event_name":"Golden Wing","player_choice":"Card Removal","floor":2.0,"gold_loss":0.0,"damage_taken":7.0},{"damage_healed":0.0,"max_hp_gain":0.0,"max_hp_loss":0.0,"gold_gain":0.0,"event_name":"Shining Light","player_choice":"Entered Light","floor":3.0,"gold_loss":0.0,"damage_taken":23.0,"cards_upgraded":["Strike_R","Flame Barrier"]},{"damage_healed":0.0,"max_hp_gain":0.0,"max_hp_loss":0.0,"gold_gain":0.0,"event_name":"Living Wall","player_choice":"Grow","floor":5.0,"gold_loss":0.0,"damage_taken":0.0,"cards_upgraded":["Clothesline"]},{"cards_removed":["Strike_R"],"damage_healed":0.0,"max_hp_gain":0.0,"max_hp_loss":0.0,"gold_gain":0.0,"event_name":"The Cleric","player_choice":"Card Removal","floor":14.0,"gold_loss":75.0,"damage_taken":0.0},{"damage_healed":0.0,"max_hp_gain":0.0,"max_hp_loss":0.0,"gold_gain":0.0,"cards_transformed":["Strike_R"],"event_name":"Transmorgrifier","player_choice":"Transformed","floor":20.0,"gold_loss":0.0,"damage_taken":0.0,"cards_obtained":["Flex"]},{"cards_removed":["Heavy Blade"],"damage_healed":0.0,"max_hp_gain":0.0,"max_hp_loss":0.0,"gold_gain":0.0,"event_name":"Falling","player_choice":"Removed Attack","floor":36.0,"gold_loss":0.0,"damage_taken":0.0},{"damage_healed":0.0,"max_hp_gain":0.0,"max_hp_loss":0.0,"gold_gain":0.0,"event_name":"MindBloom","player_choice":"Fight","floor":44.0,"gold_loss":0.0,"damage_taken":0.0},{"damage_healed":0,"gold_gain":0,"player_choice":"Ignored","damage_taken":0,"max_hp_gain":0,"max_hp_loss":0,"event_name":"SecretPortal","floor":46,"gold_loss":0}],"is_beta":false,"boss_relics":[{"not_picked":["Black Blood","Coffee Dripper"],"picked":"Snecko Eye"},{"not_picked":["Velvet Choker","Tiny House"],"picked":"Orrery"}],"items_purged_floors":[11,30],"is_endless":false,"potions_floor_spawned":[1,4,7,18,19,21,29,33,38,39,44],"killed_by":"Donu and Deca","ascension_level":20}