{"gold_per_floor":[118,25,45,60,73,73,90,15,67,86,115,115,127,57,57,159,159,84,84,98,116,116,116,146,158,158,158],"floor_reached":27,"playtime":4938,"items_purged":["Strike_B"],"score":235,"play_id":"e9555639-b6f4-4173-911b-8daf23528655","local_time":"20190825012121","is_ascension_mode":false,"campfire_choices":[{"data":"Defragment","floor":6,"key":"SMITH"},{"data":"Zap","floor":12,"key":"SMITH"},{"data":"Static Discharge","floor":15,"key":"SMITH"},{"data":"Creative AI","floor":23,"key":"SMITH"}],"neow_cost":"NONE","seed_source_timestamp":117805705835777,"circlet_count":0,"master_deck":["Strike_B","Strike_B","Strike_B","Defend_B","Defend_B","Defend_B","Defend_B","Zap+1","Dualcast","Leap","Defragment+1","Turbo","Rebound","Reinforced Body","Leap","Static Discharge+1","Force Field","Capacitor","Creative AI+1","Barrage+1","Loop","Hologram","Doom and Gloom","Conserve Battery"],"relics":["FrozenCore","PreservedInsect","Mummified Hand","NlothsMask","Blood Vial"],"potions_floor_usage":[5,16,16,20,21,24,27],"damage_taken":[{"damage":0,"enemies":"2 Louse","floor":1,"turns":2},{"damage":3,"enemies":"Jaw Worm","floor":3,"turns":3},{"damage":0,"enemies":"Cultist","floor":4,"turns":3},{"damage":0,"enemies":"2 Fungi Beasts","floor":5,"turns":3},{"damage":2,"enemies":"Looter","floor":7,"turns":4},{"damage":1,"enemies":"3 Louse","floor":10,"turns":4},{"damage":24,"enemies":"Lagavulin","floor":11,"turns":8},{"damage":2,"enemies":"Large Slime","floor":13,"turns":6},{"damage":13,"enemies":"Hexaghost","floor":16,"turns":12},{"damage":6,"enemies":"2 Thieves","floor":18,"turns":5},{"damage":0,"enemies":"Chosen","floor":20,"turns":7},{"damage":12,"enemies":"3 Cultists","floor":21,"turns":7},{"damage":23,"enemies":"Slavers","floor":24,"turns":4},{"damage":8,"enemies":"Snake Plant","floor":25,"turns":6},{"damage":39,"enemies":"Cultist and Chosen","floor":27,"turns":4}],"seed_played":"3357976474011904778","potions_obtained":[{"floor":3,"key":"Swift Potion"},{"floor":4,"key":"Block Potion"},{"floor":7,"key":"Dexterity Potion"},{"floor":10,"key":"Strength Potion"},{"floor":16,"key":"Ancient Potion"},{"floor":20,"key":"SneckoOil"},{"floor":21,"key":"SpeedPotion"},{"floor":25,"key":"PowerPotion"}],"is_trial":false,"path_per_floor":["M","$","M","M","M","R","M","$","T","M","E","R","M","$","R","B",null,"M","?","M","M","?","R","E","M","T","M"],"character_chosen":"DEFECT","items_purchased":["Defragment","Turbo","Capacitor"],"campfire_rested":0,"item_purchase_floors":[2,2,14],"current_hp_per_floor":[82,82,79,79,79,79,77,77,77,76,52,52,50,50,50,37,82,76,76,76,64,64,64,41,35,35,0],"gold":158,"neow_bonus":"TEN_PERCENT_HP_BONUS","is_prod":false,"is_daily":false,"chose_seed":false,"campfire_upgraded":4,"win_rate":0,"timestamp":1566710481,"path_taken":["M","$","M","M","M","R","M","$","T","M","E","R","M","$","R","BOSS","M","?","M","M","?","R","E","M","T","M"],"build_version":"2019-07-17","purchased_purges":1,"victory":false,"max_hp_per_floor":[82,82,82,82,82,82,82,82,82,82,82,82,82,82,82,82,82,82,82,82,82,82,82,82,82,82,82],"card_choices":[{"not_picked":["Chaos","Redo"],"picked":"Leap","floor":1},{"not_picked":["Cold Snap","Aggregate"],"picked":"Rebound","floor":3},{"not_picked":["Rebound","Fusion"],"picked":"Reinforced Body","floor":4},{"not_picked":["Meteor Strike","Reinforced Body"],"picked":"Leap","floor":5},{"not_picked":["Sweeping Beam","Gash"],"picked":"Static Discharge","floor":7},{"not_picked":["Leap","Stack","Barrage"],"picked":"SKIP","floor":10},{"not_picked":["Stack","Compile Driver","Ball Lightning"],"picked":"SKIP","floor":11},{"not_picked":["Hologram","Gash"],"picked":"Force Field","floor":13},{"not_picked":["Machine Learning","Rainbow"],"picked":"Creative AI","floor":16},{"not_picked":["Compile Driver+1","Genetic Algorithm"],"picked":"Barrage+1","floor":18},{"not_picked":["Aggregate","Coolheaded"],"picked":"Hologram","floor":20},{"not_picked":["Stack","Aggregate"],"picked":"Doom and Gloom","floor":21},{"not_picked":["Heatsinks","Fusion"],"picked":"Conserve Battery","floor":24},{"not_picked":["Turbo","Barrage","Beam Cell+1"],"picked":"SKIP","floor":25}],"player_experience":189528,"relics_obtained":[{"floor":9,"key":"PreservedInsect"},{"floor":11,"key":"Mummified Hand"},{"floor":24,"key":"Blood Vial"}],"event_choices":[{"damage_healed":0,"gold_gain":0,"player_choice":"Read","damage_taken":0,"max_hp_gain":0,"max_hp_loss":0,"event_name":"The Library","floor":19,"gold_loss":0,"cards_obtained":["Loop"]},{"damage_healed":0,"gold_gain":0,"player_choice":"Trade","damage_taken":0,"relics_obtained":["NlothsMask"],"max_hp_gain":0,"max_hp_loss":0,"event_name":"FaceTrader","floor":22,"gold_loss":0}],"is_beta":false,"boss_relics":[{"not_picked":["White Beast Statue","Empty Cage"],"picked":"FrozenCore"}],"items_purged_floors":[8],"is_endless":false,"potions_floor_spawned":[3,4,7,10,16,20,21,25],"killed_by":"Cultist and Chosen","ascension_level":0}