{"gold_per_floor":[368,385,36,36,54,54,80,80,80,98,114,145,145,162,162,162],"floor_reached":16,"playtime":1690,"items_purged":[],"score":162,"play_id":"7dbbebc1-a257-46ad-be5d-2f46fdfebf49","local_time":"20190105144248","is_ascension_mode":true,"campfire_choices":[{"data":"True Grit","floor":6,"key":"SMITH"},{"data":"Armaments","floor":8,"key":"SMITH"},{"data":"Flame Barrier","floor":15,"key":"SMITH"}],"neow_cost":"CURSE","seed_source_timestamp":328168892738659,"circlet_count":0,"master_deck":["Strike_R","Strike_R","Strike_R","Strike_R","Strike_R","Defend_R","Defend_R","Defend_R","Defend_R","Bash","Shame","Clothesline","Iron Wave","Power Through","True Grit+1","Armaments+1","Shockwave+1","Pommel Strike","Flame Barrier+1","Shockwave"],"relics":["Burning Blood","Charon\u0027s Ashes","Shuriken","Bottled Lightning","Meat on the Bone"],"potions_floor_usage":[12,12,16],"damage_taken":[{"damage":8,"enemies":"2 Louse","floor":1,"turns":4},{"damage":10,"enemies":"Cultist","floor":2,"turns":5},{"damage":4,"enemies":"Small Slimes","floor":5,"turns":3},{"damage":20,"enemies":"Gremlin Nob","floor":7,"turns":5},{"damage":7,"enemies":"3 Louse","floor":10,"turns":4},{"damage":1,"enemies":"Blue Slaver","floor":11,"turns":5},{"damage":23,"enemies":"Lagavulin","floor":12,"turns":9},{"damage":8,"enemies":"Gremlin Gang","floor":14,"turns":7},{"damage":57,"enemies":"Slime Boss","floor":16,"turns":11}],"seed_played":"5465585897168098143","potions_obtained":[{"floor":5,"key":"SpeedPotion"},{"floor":11,"key":"Ancient Potion"},{"floor":14,"key":"FearPotion"}],"is_trial":false,"path_per_floor":["M","M","$","?","M","R","E","R","T","M","M","E","?","M","R","B"],"character_chosen":"IRONCLAD","items_purchased":["Charon\u0027s Ashes","Power Through"],"campfire_rested":0,"item_purchase_floors":[3,3],"current_hp_per_floor":[70,66,66,71,73,73,59,59,59,58,63,46,46,56,56,0],"gold":162,"neow_bonus":"TWO_FIFTY_GOLD","is_prod":false,"is_daily":false,"chose_seed":false,"campfire_upgraded":3,"win_rate":0,"timestamp":1546728168,"path_taken":["M","M","$","?","M","R","E","R","T","M","M","E","?","M","R","BOSS"],"build_version":"2019-01-03v4","purchased_purges":0,"victory":false,"max_hp_per_floor":[80,80,80,85,85,85,85,85,85,85,85,85,85,85,85,85],"card_choices":[{"not_picked":["Perfected Strike","Warcry"],"picked":"Clothesline","floor":1},{"not_picked":["Rampage","Clash"],"picked":"Iron Wave","floor":2},{"not_picked":["Anger","Sword Boomerang"],"picked":"True Grit","floor":5},{"not_picked":["Combust","Flex"],"picked":"Armaments","floor":7},{"not_picked":["Feed","Carnage"],"picked":"Shockwave","floor":10},{"not_picked":["Armaments","Sword Boomerang"],"picked":"Pommel Strike","floor":11},{"not_picked":["Blood for Blood","Juggernaut"],"picked":"Flame Barrier","floor":12},{"not_picked":["Body Slam","Cleave"],"picked":"Shockwave","floor":14}],"player_experience":353972,"relics_obtained":[{"floor":7,"key":"Shuriken"},{"floor":9,"key":"Bottled Lightning"},{"floor":12,"key":"Meat on the Bone"}],"event_choices":[{"damage_healed":0,"gold_gain":0,"player_choice":"Donut","damage_taken":0,"max_hp_gain":5,"max_hp_loss":0,"event_name":"Big Fish","floor":4,"gold_loss":0},{"damage_healed":0,"gold_gain":0,"player_choice":"Forge","damage_taken":0,"max_hp_gain":0,"max_hp_loss":0,"event_name":"Accursed Blacksmith","floor":13,"gold_loss":0,"cards_upgraded":["Shockwave"]}],"is_beta":false,"boss_relics":[],"items_purged_floors":[],"is_endless":false,"potions_floor_spawned":[5,11,14],"killed_by":"Slime Boss","ascension_level":9}