{"gold_per_floor":[110,110,121,137,151,168,184,184,266,281,291,209,225,20,20,118,168,182,192,192,205,240,240],"floor_reached":23,"playtime":2442,"items_purged":[],"score":189,"play_id":"ce93f890-6d68-4655-8a42-d3b97f053f3f","local_time":"20190916005449","is_ascension_mode":false,"campfire_choices":[{"floor":8,"key":"REST"},{"floor":15,"key":"REST"}],"neow_cost":"NONE","seed_source_timestamp":637332566940132,"circlet_count":0,"master_deck":["Strike_B","Strike_B","Strike_B","Defend_B","Defend_B+1","Defend_B","Defend_B","Zap","Dualcast","All For One","Ball Lightning","Redo","Beam Cell","Steam","Blizzard","Gash","Sweeping Beam+1","Barrage+1","Auto Shields","Beam Cell+1","Fusion","Bandage Up","Seek","Double Energy","Coolheaded","Melter+1","Necronomicurse","Redo+1","Go for the Eyes+1"],"relics":["Cracked Core","Molten Egg 2","Membership Card","Tiny House","Necronomicon","Red Mask"],"potions_floor_usage":[8,13,16,16,16,19,23,23],"damage_taken":[{"damage":7,"enemies":"2 Louse","floor":1,"turns":2},{"damage":6,"enemies":"Cultist","floor":3,"turns":3},{"damage":15,"enemies":"Small Slimes","floor":4,"turns":3},{"damage":12,"enemies":"Blue Slaver","floor":5,"turns":2},{"damage":0,"enemies":"Large Slime","floor":6,"turns":4},{"damage":20,"enemies":"Exordium Wildlife","floor":7,"turns":4},{"damage":5,"enemies":"2 Fungi Beasts","floor":10,"turns":3},{"damage":9,"enemies":"Blue Slaver","floor":11,"turns":3},{"damage":12,"enemies":"Exordium Wildlife","floor":13,"turns":4},{"damage":9,"enemies":"Hexaghost","floor":16,"turns":7},{"damage":21,"enemies":"Spheric Guardian","floor":18,"turns":4},{"damage":4,"enemies":"Chosen","floor":19,"turns":3},{"damage":15,"enemies":"Snake Plant","floor":21,"turns":3},{"damage":18,"enemies":"Masked Bandits","floor":22,"turns":4},{"damage":16,"enemies":"Sentry and Sphere","floor":23,"turns":3}],"seed_played":"5947987322260987585","potions_obtained":[{"floor":7,"key":"EntropicBrew"},{"floor":10,"key":"SkillPotion"},{"floor":13,"key":"Weak Potion"},{"floor":16,"key":"SkillPotion"},{"floor":17,"key":"FocusPotion"},{"floor":19,"key":"Swift Potion"},{"floor":21,"key":"LiquidBronze"},{"floor":22,"key":"FearPotion"}],"is_trial":false,"path_per_floor":["M","?","M","M","M","M","M","R","T","M","M","$","M","$","R","B",null,"M","M","?","M","?","M"],"character_chosen":"DEFECT","items_purchased":["Auto Shields","Beam Cell+1","Membership Card","Bandage Up"],"campfire_rested":2,"item_purchase_floors":[12,12,14,14],"current_hp_per_floor":[68,68,62,47,35,35,15,37,37,32,23,23,11,11,33,28,80,63,59,43,28,10,0],"gold":240,"neow_bonus":"ONE_RANDOM_RARE_CARD","is_prod":false,"is_daily":false,"chose_seed":false,"campfire_upgraded":0,"win_rate":0.0,"timestamp":1568559289,"path_taken":["M","?","?","M","M","M","M","R","T","M","M","$","M","$","R","BOSS","M","M","?","M","?","M"],"build_version":"2019-09-12","purchased_purges":0,"victory":false,"max_hp_per_floor":[75,75,75,75,75,75,75,75,75,75,75,75,75,75,75,75,80,80,80,80,80,80,80],"card_choices":[{"not_picked":["Gash","Hologram"],"picked":"Ball Lightning","floor":1},{"not_picked":["Ball Lightning","Barrage"],"picked":"Redo","floor":3},{"not_picked":["Stack","Coolheaded"],"picked":"Beam Cell","floor":4},{"not_picked":["Chaos","Defragment"],"picked":"Steam","floor":5},{"not_picked":["Coolheaded","Steam"],"picked":"Blizzard","floor":6},{"not_picked":["Reprogram","Redo"],"picked":"Gash","floor":7},{"not_picked":["All For One+1","Defragment"],"picked":"Sweeping Beam+1","floor":10},{"not_picked":["Force Field","Leap"],"picked":"Barrage+1","floor":11},{"not_picked":["Leap","Reprogram"],"picked":"Fusion","floor":13},{"not_picked":["Fission","Thunder Strike+1"],"picked":"Seek","floor":16},{"not_picked":["Redo","Streamline+1"],"picked":"Double Energy","floor":17},{"not_picked":["Barrage+1","Hologram"],"picked":"Coolheaded","floor":18},{"not_picked":["Loop+1","Barrage+1"],"picked":"Melter+1","floor":19},{"not_picked":["Steam Power","Steam"],"picked":"Redo+1","floor":21},{"not_picked":["Hologram","Capacitor"],"picked":"Go for the Eyes+1","floor":22}],"player_experience":24702,"relics_obtained":[{"floor":9,"key":"Molten Egg 2"},{"floor":20,"key":"Necronomicon"},{"floor":22,"key":"Red Mask"}],"event_choices":[{"cards_removed":["Strike_B"],"damage_healed":0,"gold_gain":0,"player_choice":"Offered Basic","damage_taken":0,"max_hp_gain":0,"max_hp_loss":0,"event_name":"Bonfire Elementals","floor":2,"gold_loss":0},{"damage_healed":0,"gold_gain":0,"player_choice":"Obtained Book","damage_taken":16,"max_hp_gain":0,"max_hp_loss":0,"event_name":"Cursed Tome","floor":20,"gold_loss":0},{"damage_healed":0,"gold_gain":0,"player_choice":"Fought Bandits","damage_taken":0,"max_hp_gain":0,"max_hp_loss":0,"event_name":"Masked Bandits","floor":22,"gold_loss":0}],"is_beta":true,"boss_relics":[{"not_picked":["Astrolabe","Runic Pyramid"],"picked":"Tiny House"}],"items_purged_floors":[],"is_endless":false,"potions_floor_spawned":[7,10,11,13,16,19,21,22],"killed_by":"Sentry and Sphere","ascension_level":0}