{"gold_per_floor":[112,112,132,43,43,77,152,152,177,192,205,228,8,27,27,153,153,166,186,207,207,6,6],"floor_reached":23,"playtime":1711,"items_purged":["Strike_B"],"score":212,"play_id":"403646ad-c6b6-4d67-8637-380d04225280","local_time":"20190823221057","is_ascension_mode":true,"campfire_choices":[{"data":"Bandage Up","floor":8,"key":"SMITH"},{"floor":15,"key":"REST"}],"neow_cost":"CURSE","seed_source_timestamp":146361212109892,"circlet_count":0,"master_deck":["Strike_B","Strike_B","Strike_B","Defend_B","Defend_B","Defend_B","Defend_B","Zap","Dualcast","Injury","Echo Form","Streamline","Cold Snap","Bandage Up+1","Redo","Double Energy","BootSequence","Tempest","Thunder Strike","Leap+1","Stack"],"relics":["Cracked Core","Golden Idol","Question Card","Du-Vu Doll","Bag of Preparation","Art of War","Busted Crown","Nilry\u0027s Codex","Runic Capacitor"],"potions_floor_usage":[3,7,16,20],"damage_taken":[{"damage":4,"enemies":"Small Slimes","floor":1,"turns":3},{"damage":0,"enemies":"Jaw Worm","floor":3,"turns":4},{"damage":25,"enemies":"Lagavulin","floor":6,"turns":6},{"damage":2,"enemies":"Lagavulin Event","floor":7,"turns":6},{"damage":0,"enemies":"Cultist","floor":10,"turns":3},{"damage":6,"enemies":"Blue Slaver","floor":11,"turns":3},{"damage":34,"enemies":"Exordium Thugs","floor":12,"turns":6},{"damage":15,"enemies":"2 Fungi Beasts","floor":14,"turns":4},{"damage":50,"enemies":"Hexaghost","floor":16,"turns":8},{"damage":42,"enemies":"3 Byrds","floor":18,"turns":4},{"damage":2,"enemies":"Chosen","floor":19,"turns":4},{"damage":3,"enemies":"Snecko","floor":20,"turns":3},{"damage":28,"enemies":"Slavers","floor":23,"turns":2}],"seed_played":"-1595895481480228099","potions_obtained":[{"floor":1,"key":"Block Potion"},{"floor":6,"key":"PowerPotion"},{"floor":12,"key":"SpeedPotion"},{"floor":14,"key":"Regen Potion"},{"floor":19,"key":"FearPotion"}],"is_trial":false,"path_per_floor":["M","?","M","$","?","E","?","R","T","M","M","M","$","M","R","B",null,"M","M","M","?","$","E"],"character_chosen":"DEFECT","items_purchased":["Bandage Up","Art of War","Runic Capacitor"],"campfire_rested":1,"item_purchase_floors":[4,13,22],"current_hp_per_floor":[71,71,71,71,71,50,56,56,56,62,62,40,40,37,59,36,75,33,43,40,24,24,0],"gold":6,"neow_bonus":"THREE_RARE_CARDS","is_prod":false,"is_daily":false,"chose_seed":false,"campfire_upgraded":1,"win_rate":0,"timestamp":1566612657,"path_taken":["M","?","M","$","?","E","?","R","T","M","?","M","$","M","R","BOSS","M","M","?","?","?","E"],"build_version":"2019-07-17","purchased_purges":1,"victory":false,"max_hp_per_floor":[75,75,75,75,75,75,75,75,75,75,75,75,75,75,75,75,75,75,75,75,75,75,75],"card_choices":[{"not_picked":["Hyperbeam","Seek"],"picked":"Echo Form","floor":0},{"not_picked":["Steam Power","Redo"],"picked":"Streamline","floor":1},{"not_picked":["Barrage","Heatsinks"],"picked":"Cold Snap","floor":3},{"not_picked":["Sweeping Beam","Hologram"],"picked":"Redo","floor":6},{"not_picked":["Consume","Compile Driver","Conserve Battery"],"picked":"Double Energy","floor":7},{"not_picked":["Hologram","Barrage","Rebound","Coolheaded"],"picked":"SKIP","floor":10},{"not_picked":["Fusion","Streamline","Double Energy","Barrage"],"picked":"SKIP","floor":11},{"not_picked":["FTL","Hello World","Ball Lightning"],"picked":"BootSequence","floor":12},{"not_picked":["Redo","Thunder Strike","Chaos"],"picked":"Tempest","floor":14},{"not_picked":["Machine Learning","Hyperbeam","Echo Form"],"picked":"Thunder Strike","floor":16},{"not_picked":["Compile Driver"],"picked":"Leap+1","floor":18},{"not_picked":["Gash"],"picked":"Stack","floor":19},{"not_picked":["Streamline","Sweeping Beam"],"picked":"SKIP","floor":20}],"player_experience":233325,"relics_obtained":[{"floor":6,"key":"Question Card"},{"floor":7,"key":"Du-Vu Doll"},{"floor":9,"key":"Bag of Preparation"},{"floor":21,"key":"Nilry\u0027s Codex"}],"event_choices":[{"damage_healed":0,"gold_gain":0,"player_choice":"Take Wound","damage_taken":0,"relics_obtained":["Golden Idol"],"max_hp_gain":0,"max_hp_loss":0,"event_name":"Golden Idol","floor":2,"gold_loss":0,"cards_obtained":["Injury"]},{"cards_removed":["Injury"],"damage_healed":0,"gold_gain":0,"player_choice":"Forget","damage_taken":0,"max_hp_gain":0,"max_hp_loss":0,"event_name":"Living Wall","floor":5,"gold_loss":0},{"damage_healed":0,"gold_gain":0,"player_choice":"Searched \u00271\u0027 times","damage_taken":0,"max_hp_gain":0,"max_hp_loss":0,"event_name":"Dead Adventurer","floor":7,"gold_loss":0},{"damage_healed":0,"gold_gain":0,"player_choice":"Obtained Book","damage_taken":16,"max_hp_gain":0,"max_hp_loss":0,"event_name":"Cursed Tome","floor":21,"gold_loss":0}],"is_beta":false,"boss_relics":[{"not_picked":["Ectoplasm","Black Star"],"picked":"Busted Crown"}],"items_purged_floors":[13],"is_endless":false,"potions_floor_spawned":[1,6,12,14,19],"killed_by":"Slavers","ascension_level":2}