{"gold_per_floor":[111,128,8,26,39,39,74,74,74,74,106,119,147,163,163,264,264,280,22,35,51,67,67,99,99,125,125,452,551,551,551,551,652,652,671,36,0,13,30,65,95,132,144,174,200,231,56,56,56,56,56,56,6,38,38],"floor_reached":55,"playtime":7015,"items_purged":["Strike_B","Strike_B","Strike_B"],"score":877,"play_id":"07759b7e-ce56-48a8-b9e1-3a98e464ab47","local_time":"20190817044102","is_ascension_mode":true,"campfire_choices":[{"data":"Blind","floor":6,"key":"SMITH"},{"data":"Biased Cognition","floor":8,"key":"SMITH"},{"floor":15,"key":"REST"},{"data":"Creative AI","floor":23,"key":"SMITH"},{"data":"Defragment","floor":25,"key":"SMITH"},{"data":"Doom and Gloom","floor":27,"key":"SMITH"},{"data":"Echo Form","floor":30,"key":"SMITH"},{"floor":32,"key":"REST"},{"floor":49,"key":"RECALL"},{"data":"Echo Form","floor":52,"key":"SMITH"}],"neow_cost":"NONE","seed_source_timestamp":66721034056967,"circlet_count":0,"master_deck":["Strike_B","Defend_B","Defend_B","Defend_B","Zap","Dualcast","Blind+1","Streamline","Melter","Sweeping Beam","Rebound","Biased Cognition+1","Doom and Gloom+1","Glacier","FTL","Creative AI+1","Self Repair","Defragment+1","Undo","Streamline+1","Capacitor","Hologram+1","Capacitor","Echo Form+1","Electrodynamics","Loop+1","Sadistic Nature","Storm","Conserve Battery+1","Echo Form+1","Tempest+1","Reprogram+1","Parasite","Barrage","Capacitor","Heatsinks","Darkness+1"],"relics":["Cracked Core","Bag of Marbles","Bag of Preparation","FaceOfCleric","Dodecahedron","Pantograph","Velvet Choker","Bottled Flame","Lantern","Old Coin","Nuclear Battery","Pocketwatch","Red Mask","MawBank","Oddly Smooth Stone","Vajra","Blood Vial"],"potions_floor_usage":[7,11,11,16,24,28,33,33,42,46,46,54,55],"damage_taken":[{"damage":2,"enemies":"Small Slimes","floor":1,"turns":4},{"damage":0,"enemies":"Cultist","floor":2,"turns":3},{"damage":1,"enemies":"Jaw Worm","floor":4,"turns":2},{"damage":0,"enemies":"2 Fungi Beasts","floor":5,"turns":4},{"damage":11,"enemies":"Lagavulin","floor":7,"turns":5},{"damage":12,"enemies":"3 Sentries","floor":11,"turns":5},{"damage":0,"enemies":"3 Louse","floor":12,"turns":1},{"damage":13,"enemies":"Lagavulin","floor":13,"turns":3},{"damage":20,"enemies":"Exordium Wildlife","floor":14,"turns":4},{"damage":24,"enemies":"Slime Boss","floor":16,"turns":11},{"damage":2,"enemies":"3 Byrds","floor":18,"turns":4},{"damage":10,"enemies":"Chosen","floor":20,"turns":3},{"damage":16,"enemies":"Snecko","floor":21,"turns":5},{"damage":0,"enemies":"3 Cultists","floor":22,"turns":5},{"damage":38,"enemies":"Slavers","floor":24,"turns":4},{"damage":0,"enemies":"Gremlin Leader","floor":28,"turns":5},{"damage":51,"enemies":"Automaton","floor":33,"turns":13},{"damage":2,"enemies":"Orb Walker","floor":35,"turns":2},{"damage":1,"enemies":"3 Shapes","floor":38,"turns":3},{"damage":7,"enemies":"Spire Growth","floor":39,"turns":6},{"damage":20,"enemies":"Nemesis","floor":40,"turns":5},{"damage":5,"enemies":"Sphere and 2 Shapes","floor":41,"turns":3},{"damage":11,"enemies":"Reptomancer","floor":42,"turns":5},{"damage":15,"enemies":"Writhing Mass","floor":44,"turns":4},{"damage":0,"enemies":"4 Shapes","floor":45,"turns":2},{"damage":4,"enemies":"Maw","floor":46,"turns":5},{"damage":84,"enemies":"Time Eater","floor":50,"turns":8},{"damage":63,"enemies":"Shield and Spear","floor":54,"turns":6},{"damage":78,"enemies":"The Heart","floor":55,"turns":5}],"seed_played":"-6589642740665239023","potions_obtained":[{"floor":1,"key":"Poison Potion"},{"floor":4,"key":"Poison Potion"},{"floor":5,"key":"SteroidPotion"},{"floor":14,"key":"Energy Potion"},{"floor":21,"key":"Block Potion"},{"floor":22,"key":"PowerPotion"},{"floor":24,"key":"Regen Potion"},{"floor":28,"key":"Dexterity Potion"},{"floor":39,"key":"Dexterity Potion"},{"floor":41,"key":"Ancient Potion"},{"floor":42,"key":"SpeedPotion"},{"floor":44,"key":"Energy Potion"}],"is_trial":false,"path_per_floor":["M","M","$","M","M","R","E","R","T","?","E","M","E","M","R","B",null,"M","$","M","M","M","R","E","R","T","R","E","?","R","?","R","B",null,"M","$","?","M","M","E","M","E","T","M","M","M","$","?","R","B",null,"R","$","E","B"],"character_chosen":"DEFECT","items_purchased":["Sweeping Beam","Defragment","Undo","Pocketwatch","Sadistic Nature","Storm","Vajra","Heatsinks","Weak Potion"],"campfire_rested":2,"item_purchase_floors":[3,19,19,36,36,36,47,47,53],"current_hp_per_floor":[73,73,73,72,72,72,61,61,61,61,50,51,39,20,43,45,80,79,79,70,62,70,70,40,40,40,40,41,41,41,24,51,41,92,91,91,91,91,95,76,72,62,62,48,49,60,60,60,60,2,102,102,102,40,0],"gold":38,"neow_bonus":"RANDOM_COLORLESS","is_prod":false,"is_daily":false,"chose_seed":false,"campfire_upgraded":7,"win_rate":0,"timestamp":1566031262,"path_taken":["M","M","$","M","M","R","E","R","T","?","E","M","E","M","R","BOSS","M","$","M","?","M","R","E","R","T","R","E","?","R","?","R","BOSS","M","$","?","M","M","E","M","E","T","M","M","M","$","?","R","BOSS","R","$","E","BOSS"],"build_version":"2019-07-17","purchased_purges":3,"victory":false,"max_hp_per_floor":[75,75,75,75,75,75,75,75,75,75,76,77,78,79,79,80,80,81,81,82,83,84,84,85,85,85,85,86,86,86,91,91,92,92,93,93,93,94,95,96,97,98,98,99,100,101,101,101,101,102,102,102,102,103,103],"card_choices":[{"not_picked":["Reinforced Body","Stack"],"picked":"Streamline","floor":1},{"not_picked":["Steam Power","Go for the Eyes"],"picked":"Melter","floor":2},{"not_picked":["Go for the Eyes","Redo"],"picked":"Rebound","floor":4},{"not_picked":["Steam","Sweeping Beam","Steam Power"],"picked":"SKIP","floor":5},{"not_picked":["Rainbow","Coolheaded"],"picked":"Biased Cognition","floor":7},{"not_picked":["Stack","Storm"],"picked":"Doom and Gloom","floor":11},{"not_picked":["Hello World","Go for the Eyes","Steam"],"picked":"SKIP","floor":12},{"not_picked":["Beam Cell","Thunder Strike"],"picked":"Glacier","floor":13},{"not_picked":["Beam Cell","Go for the Eyes"],"picked":"FTL","floor":14},{"not_picked":["Rainbow","Biased Cognition"],"picked":"Creative AI","floor":16},{"not_picked":["Scrape","Redo"],"picked":"Self Repair","floor":18},{"not_picked":["Rebound","Conserve Battery"],"picked":"Streamline+1","floor":20},{"not_picked":["Go for the Eyes","Leap+1"],"picked":"Capacitor","floor":21},{"not_picked":["Gash","Coolheaded"],"picked":"Hologram+1","floor":22},{"not_picked":["Hello World","Go for the Eyes"],"picked":"Capacitor","floor":24},{"not_picked":["Sweeping Beam","Cold Snap"],"picked":"Echo Form","floor":28},{"not_picked":["Buffer","Seek"],"picked":"Electrodynamics","floor":33},{"not_picked":["Rebound+1","Compile Driver"],"picked":"Loop+1","floor":35},{"not_picked":["Ball Lightning","Redo+1","Stack+1"],"picked":"SKIP","floor":38},{"not_picked":["Redo","Go for the Eyes"],"picked":"Conserve Battery+1","floor":39},{"not_picked":["Heatsinks","Stack+1"],"picked":"Echo Form","floor":40},{"not_picked":["Stack","Leap+1"],"picked":"Tempest+1","floor":41},{"not_picked":["Lockon","Heatsinks+1"],"picked":"Reprogram+1","floor":42},{"not_picked":["Cold Snap","Undo"],"picked":"Barrage","floor":44},{"not_picked":["Steam","Cold Snap+1","Coolheaded"],"picked":"SKIP","floor":45},{"not_picked":["Chaos+1","Loop"],"picked":"Capacitor","floor":46},{"not_picked":["Streamline+1","Auto Shields"],"picked":"Darkness+1","floor":54}],"player_experience":113269,"relics_obtained":[{"floor":7,"key":"Bag of Marbles"},{"floor":9,"key":"Bag of Preparation"},{"floor":11,"key":"Dodecahedron"},{"floor":13,"key":"Pantograph"},{"floor":24,"key":"Bottled Flame"},{"floor":26,"key":"Lantern"},{"floor":28,"key":"Old Coin"},{"floor":40,"key":"MawBank"},{"floor":42,"key":"Oddly Smooth Stone"},{"floor":54,"key":"Blood Vial"}],"event_choices":[{"damage_healed":0,"gold_gain":0,"player_choice":"Trade","damage_taken":0,"relics_obtained":["FaceOfCleric"],"max_hp_gain":0,"max_hp_loss":0,"event_name":"FaceTrader","floor":10,"gold_loss":0},{"damage_healed":0,"gold_gain":99,"player_choice":"Stole From Cult","damage_taken":0,"max_hp_gain":0,"max_hp_loss":0,"event_name":"Nest","floor":29,"gold_loss":0},{"damage_healed":0,"gold_gain":0,"player_choice":"Shed Blood","damage_taken":22,"max_hp_gain":5,"max_hp_loss":0,"event_name":"Forgotten Altar","floor":31,"gold_loss":0},{"damage_healed":0,"gold_gain":0,"player_choice":"Paid","damage_taken":0,"relics_obtained":["Red Mask"],"max_hp_gain":0,"max_hp_loss":0,"event_name":"Tomb of Lord Red Mask","floor":37,"gold_loss":36},{"cards_removed":["Defend_B"],"damage_healed":0,"gold_gain":0,"player_choice":"Removed Skill","damage_taken":0,"max_hp_gain":0,"max_hp_loss":0,"event_name":"Falling","floor":48,"gold_loss":0}],"is_beta":false,"boss_relics":[{"not_picked":["Pandora\u0027s Box","Orrery"],"picked":"Velvet Choker"},{"not_picked":["Astrolabe","Black Star"],"picked":"Nuclear Battery"}],"items_purged_floors":[3,19,36],"is_endless":false,"potions_floor_spawned":[1,4,5,14,21,22,24,28,39,41,42,44,45],"killed_by":"The Heart","ascension_level":1}