{"gold_per_floor":[115,115,126,51,70,104,54,54,54,54,54,66,77,87,87,189,189,203,217,231,231,249,249,40,72,95,95,95,11,30,40,40,40],"floor_reached":33,"playtime":3151,"items_purged":["Strike_R","Strike_R"],"score":294,"play_id":"0c8409f5-61ed-4344-8ebf-bee990da38b0","local_time":"20190824002319","is_ascension_mode":false,"campfire_choices":[{"data":"Flex","floor":8,"key":"SMITH"},{"data":"Rage","floor":11,"key":"SMITH"},{"data":"Barricade","floor":15,"key":"SMITH"},{"data":"Feed","floor":23,"key":"SMITH"},{"floor":32,"key":"REST"}],"neow_cost":"NONE","seed_source_timestamp":94089913309748,"circlet_count":0,"master_deck":["Strike_R","Defend_R","Defend_R","Defend_R","Defend_R","Bash","Forethought","Pommel Strike","Rage+1","Flex+1","Spot Weakness","Barricade+1","Flame Barrier","Shrug It Off","Feed+1","Heavy Blade","Flex","Shrug It Off","Panacea","Shrug It Off","Whirlwind","Decay","Armaments","Combust","Thunderclap+1"],"relics":["Burning Blood","Bottled Lightning","Happy Flower","Sozu","Question Card","Boot","MutagenicStrength"],"potions_floor_usage":[13,16,16],"damage_taken":[{"damage":0,"enemies":"2 Louse","floor":1,"turns":4},{"damage":1,"enemies":"Cultist","floor":3,"turns":3},{"damage":0,"enemies":"Small Slimes","floor":5,"turns":4},{"damage":47,"enemies":"Lagavulin","floor":6,"turns":9},{"damage":5,"enemies":"Looter","floor":12,"turns":3},{"damage":3,"enemies":"2 Fungi Beasts","floor":13,"turns":3},{"damage":7,"enemies":"Blue Slaver","floor":14,"turns":3},{"damage":33,"enemies":"The Guardian","floor":16,"turns":14},{"damage":17,"enemies":"Chosen","floor":18,"turns":7},{"damage":14,"enemies":"Spheric Guardian","floor":19,"turns":4},{"damage":34,"enemies":"Snecko","floor":20,"turns":6},{"damage":14,"enemies":"Snake Plant","floor":22,"turns":4},{"damage":31,"enemies":"Slavers","floor":25,"turns":8},{"damage":3,"enemies":"Centurion and Healer","floor":30,"turns":4},{"damage":15,"enemies":"Shelled Parasite and Fungi","floor":31,"turns":6},{"damage":39,"enemies":"Collector","floor":33,"turns":6}],"seed_played":"-2214812445084789893","potions_obtained":[{"floor":3,"key":"Ancient Potion"},{"floor":6,"key":"Ancient Potion"},{"floor":12,"key":"PowerPotion"}],"is_trial":false,"path_per_floor":["M","?","M","$","M","E","?","R","T","?","R","M","M","M","R","B",null,"M","M","M","?","M","R","$","E","T","?","?","$","M","M","R","B"],"character_chosen":"IRONCLAD","items_purchased":["Panacea","Shrug It Off","Armaments","Combust"],"campfire_rested":1,"item_purchase_floors":[24,24,29,29],"current_hp_per_floor":[80,80,80,80,80,39,39,39,39,44,44,45,48,47,47,20,85,77,69,41,41,33,33,33,8,8,8,8,8,15,10,38,0],"gold":40,"neow_bonus":"RANDOM_COLORLESS","is_prod":false,"is_daily":false,"chose_seed":false,"campfire_upgraded":4,"win_rate":0,"timestamp":1566620599,"path_taken":["M","?","M","?","?","E","?","R","T","?","R","M","M","M","R","BOSS","M","M","M","?","M","R","$","E","T","?","?","$","M","M","R","BOSS"],"build_version":"2019-07-17","purchased_purges":2,"victory":false,"max_hp_per_floor":[80,80,80,80,80,80,80,80,80,85,85,85,85,85,85,85,85,88,88,88,88,88,88,88,88,88,88,88,88,92,96,96,96],"card_choices":[{"not_picked":["Anger","Twin Strike"],"picked":"Pommel Strike","floor":1},{"not_picked":["Armaments","Evolve"],"picked":"Rage","floor":3},{"not_picked":["Perfected Strike","Ghostly Armor"],"picked":"Flex","floor":5},{"not_picked":["Infernal Blade","Second Wind"],"picked":"Spot Weakness","floor":6},{"not_picked":["Pommel Strike","Twin Strike"],"picked":"Barricade","floor":12},{"not_picked":["Iron Wave","Rage"],"picked":"Flame Barrier","floor":13},{"not_picked":["Sword Boomerang","Flex"],"picked":"Shrug It Off","floor":14},{"not_picked":["Barricade","Brutality"],"picked":"Feed","floor":16},{"not_picked":["Power Through","Sword Boomerang+1"],"picked":"Heavy Blade","floor":18},{"not_picked":["Sword Boomerang","Warcry"],"picked":"Flex","floor":19},{"not_picked":["Second Wind+1","Sever Soul+1"],"picked":"Shrug It Off","floor":20},{"not_picked":["Twin Strike","Perfected Strike+1","Pommel Strike"],"picked":"SKIP","floor":22},{"not_picked":["Ghostly Armor","Burning Pact"],"picked":"Whirlwind","floor":25},{"not_picked":["Infernal Blade","Power Through+1","Wild Strike"],"picked":"Thunderclap+1","floor":30},{"not_picked":["Burning Pact","Bloodletting","True Grit","Warcry"],"picked":"SKIP","floor":31}],"player_experience":167140,"relics_obtained":[{"floor":6,"key":"Bottled Lightning"},{"floor":9,"key":"Happy Flower"},{"floor":25,"key":"Question Card"},{"floor":26,"key":"Boot"}],"event_choices":[{"damage_healed":0,"gold_gain":0,"player_choice":"Ignored","damage_taken":0,"max_hp_gain":0,"max_hp_loss":0,"event_name":"NoteForYourself","floor":2,"gold_loss":0},{"cards_removed":["Strike_R"],"damage_healed":0,"gold_gain":0,"player_choice":"Card Removal","damage_taken":0,"max_hp_gain":0,"max_hp_loss":0,"event_name":"The Cleric","floor":7,"gold_loss":50},{"damage_healed":0,"gold_gain":0,"player_choice":"Donut","damage_taken":0,"max_hp_gain":5,"max_hp_loss":0,"event_name":"Big Fish","floor":10,"gold_loss":0},{"cards_removed":["Strike_R"],"damage_healed":0,"gold_gain":0,"player_choice":"Elegance","damage_taken":0,"max_hp_gain":0,"max_hp_loss":0,"event_name":"Back to Basics","floor":21,"gold_loss":0},{"damage_healed":0,"gold_gain":0,"player_choice":"Inject Mutagens","damage_taken":0,"relics_obtained":["MutagenicStrength"],"max_hp_gain":0,"max_hp_loss":0,"event_name":"Drug Dealer","floor":27,"gold_loss":0},{"damage_healed":0,"gold_gain":0,"player_choice":"Smashed Altar","damage_taken":0,"max_hp_gain":0,"max_hp_loss":0,"event_name":"Forgotten Altar","floor":28,"gold_loss":0,"cards_obtained":["Decay"]}],"is_beta":false,"boss_relics":[{"not_picked":["Ectoplasm","Astrolabe"],"picked":"Sozu"}],"items_purged_floors":[4,24],"is_endless":false,"potions_floor_spawned":[3,6,12,18,19,25],"killed_by":"Collector","ascension_level":0}