{"gold_per_floor":[115,290,45,64,64,97,97,117,117,46,65,65,77,95,95,197,247,259,270,14,28,48,48,66,66,66,66,91,91,101,114,114,217,217,229,247,63,74,93,93,105,105,128,158,258,270,287,287],"floor_reached":48,"playtime":6823,"items_purged":["Doubt"],"score":564,"play_id":"10b078b5-806b-4859-82bd-7fd0d929a2c0","local_time":"20181107130538","is_ascension_mode":true,"campfire_choices":[{"floor":7,"key":"REST"},{"data":"Zap","floor":12,"key":"SMITH"},{"floor":15,"key":"REST"},{"data":"White Noise","floor":23,"key":"SMITH"},{"data":"Glacier","floor":25,"key":"SMITH"},{"floor":27,"key":"REST"},{"floor":32,"key":"REST"},{"floor":40,"key":"REST"},{"data":"Rainbow","floor":42,"key":"SMITH"}],"neow_cost":"NONE","seed_source_timestamp":690580479278948,"circlet_count":0,"master_deck":["Strike_B+1","Strike_B+1","Strike_B+1","Defend_B+1","Defend_B+1","Defend_B+1","Defend_B+1","Zap+1","Dualcast","Leap","Coolheaded","Cold Snap","Sunder","Static Discharge+1","White Noise+1","Cold Snap","Electrodynamics+1","Seek","Blizzard","Glacier+1","Defragment+1","Ball Lightning+1","Biased Cognition+1","Darkness+1","White Noise+1","Capacitor+1","Rainbow+1","Doom and Gloom+1","Electrodynamics+1","Regret","Glacier","Undo+1"],"relics":["Cracked Core","Lantern","Frozen Egg 2","Mummified Hand","Tiny House","Gremlin Horn","Pocketwatch","Blood Vial","Cursed Key","Dream Catcher","Cables"],"potions_floor_usage":[16,16,21,31,44],"damage_taken":[{"damage":0,"enemies":"2 Louse","floor":1,"turns":3},{"damage":7,"enemies":"Small Slimes","floor":4,"turns":3},{"damage":72,"enemies":"Gremlin Nob","floor":6,"turns":7},{"damage":2,"enemies":"Cultist","floor":8,"turns":3},{"damage":4,"enemies":"Looter","floor":11,"turns":3},{"damage":0,"enemies":"2 Fungi Beasts","floor":13,"turns":3},{"damage":7,"enemies":"Lots of Slimes","floor":14,"turns":4},{"damage":10,"enemies":"The Guardian","floor":16,"turns":9},{"damage":7,"enemies":"3 Byrds","floor":18,"turns":2},{"damage":13,"enemies":"2 Thieves","floor":19,"turns":2},{"damage":19,"enemies":"Snake Plant","floor":21,"turns":3},{"damage":0,"enemies":"Cultist and Chosen","floor":22,"turns":5},{"damage":14,"enemies":"Shelled Parasite and Fungi","floor":24,"turns":3},{"damage":21,"enemies":"Book of Stabbing","floor":28,"turns":5},{"damage":12,"enemies":"Snake Plant","floor":30,"turns":2},{"damage":0,"enemies":"Centurion and Healer","floor":31,"turns":4},{"damage":24,"enemies":"Collector","floor":33,"turns":8},{"damage":2,"enemies":"3 Shapes","floor":35,"turns":3},{"damage":25,"enemies":"3 Darklings","floor":36,"turns":4},{"damage":5,"enemies":"4 Shapes","floor":38,"turns":3},{"damage":16,"enemies":"Spire Growth","floor":39,"turns":4},{"damage":18,"enemies":"3 Darklings","floor":41,"turns":3},{"damage":58,"enemies":"Giant Head","floor":44,"turns":10},{"damage":6,"enemies":"Sphere and 2 Shapes","floor":46,"turns":2},{"damage":4,"enemies":"Writhing Mass","floor":47,"turns":5},{"damage":13,"enemies":"Spire Growth","floor":48,"turns":3}],"seed_played":"8466929547214463758","potions_obtained":[{"floor":4,"key":"FairyPotion"},{"floor":11,"key":"Weak Potion"},{"floor":13,"key":"Fire Potion"},{"floor":16,"key":"SpeedPotion"},{"floor":17,"key":"Energy Potion"},{"floor":24,"key":"Ancient Potion"},{"floor":28,"key":"Swift Potion"},{"floor":36,"key":"SmokeBomb"},{"floor":39,"key":"Swift Potion"},{"floor":44,"key":"Strength Potion"}],"is_trial":false,"path_per_floor":["M","?","$","M","?","E","R","M","T","$","M","R","M","M","R","B",null,"M","M","$","M","M","R","M","R","T","R","E","?","M","M","R","B",null,"M","M","$","M","M","R","M","R","T","E","?","M","M","M"],"character_chosen":"DEFECT","items_purchased":["Lantern","Leap","Static Discharge+1","Gremlin Horn","Capacitor+1","Rainbow"],"campfire_rested":5,"item_purchase_floors":[3,3,10,20,37,37],"current_hp_per_floor":[82,82,82,75,75,3,27,25,25,25,21,21,21,14,38,28,87,80,67,67,48,48,48,34,34,34,60,39,39,29,31,57,35,87,85,62,62,59,45,71,55,55,55,8,8,4,2,0],"gold":287,"neow_bonus":"TEN_PERCENT_HP_BONUS","is_prod":false,"is_daily":false,"chose_seed":false,"campfire_upgraded":4,"win_rate":0,"timestamp":1541613938,"path_taken":["M","?","$","M","?","E","R","M","T","$","M","R","M","?","R","BOSS","M","M","$","M","M","R","M","R","T","R","E","?","M","M","R","BOSS","M","M","$","M","M","R","M","R","T","E","?","M","M","?"],"build_version":"2018-11-01","purchased_purges":1,"victory":false,"max_hp_per_floor":[82,82,82,82,82,82,82,82,82,82,82,82,82,82,82,82,87,87,87,87,87,87,87,87,87,87,87,87,87,87,87,87,87,87,87,87,87,87,87,87,87,87,87,87,87,87,87,87],"card_choices":[{"not_picked":["Streamline","Redo","Rip and Tear"],"picked":"SKIP","floor":1},{"not_picked":["Chaos","Go for the Eyes"],"picked":"Coolheaded","floor":4},{"not_picked":["Coolheaded","Heatsinks"],"picked":"Cold Snap","floor":6},{"not_picked":["Heatsinks+1","Force Field"],"picked":"Sunder","floor":8},{"not_picked":["Compile Driver","Leap"],"picked":"White Noise","floor":11},{"not_picked":["Beam Cell","Streamline"],"picked":"Cold Snap","floor":13},{"not_picked":["White Noise","Stack"],"picked":"Electrodynamics+1","floor":14},{"not_picked":["Reboot","Meteor Strike"],"picked":"Seek","floor":16},{"not_picked":["Barrage","Cold Snap+1"],"picked":"Blizzard","floor":18},{"not_picked":["Compile Driver","Reprogram"],"picked":"Glacier","floor":19},{"not_picked":["Glacier","Leap"],"picked":"Defragment+1","floor":21},{"not_picked":["Melter","Stack+1","Aggregate+1"],"picked":"SKIP","floor":22},{"not_picked":["Beam Cell","Recycle","Stack"],"picked":"SKIP","floor":24},{"not_picked":["Scrape+1","Rebound+1"],"picked":"Ball Lightning+1","floor":28},{"not_picked":["Sweeping Beam","Sunder","Recycle"],"picked":"SKIP","floor":30},{"not_picked":["Rip and Tear","Stack","Cold Snap"],"picked":"SKIP","floor":31},{"not_picked":["Rainbow","Amplify"],"picked":"Biased Cognition+1","floor":33},{"not_picked":["Beam Cell+1","Recycle+1"],"picked":"Darkness+1","floor":35},{"not_picked":["Stack+1","Gash+1"],"picked":"White Noise+1","floor":36},{"not_picked":["Turbo+1","Melter"],"picked":"Doom and Gloom+1","floor":38},{"not_picked":["Conserve Battery","Cold Snap","Undo"],"picked":"SKIP","floor":39},{"not_picked":["Steam","Cold Snap+1"],"picked":"Electrodynamics+1","floor":41},{"not_picked":["Steam+1","Hologram+1"],"picked":"Glacier","floor":44},{"not_picked":["Rebound","Consume"],"picked":"Undo+1","floor":46},{"not_picked":["Conserve Battery","Gash+1","Rip and Tear+1"],"picked":"SKIP","floor":47}],"player_experience":75274,"relics_obtained":[{"floor":6,"key":"Frozen Egg 2"},{"floor":9,"key":"Mummified Hand"},{"floor":26,"key":"Pocketwatch"},{"floor":28,"key":"Blood Vial"},{"floor":43,"key":"Dream Catcher"},{"floor":44,"key":"Cables"}],"event_choices":[{"damage_healed":0,"gold_gain":175,"player_choice":"AGREE","damage_taken":0,"max_hp_gain":0,"max_hp_loss":0,"event_name":"Liars Game","floor":2,"gold_loss":0,"cards_obtained":["Doubt"]},{"cards_removed":["Strike_B"],"damage_healed":0,"gold_gain":0,"player_choice":"Purged","damage_taken":0,"max_hp_gain":0,"max_hp_loss":0,"event_name":"Purifier","floor":5,"gold_loss":0},{"damage_healed":0,"gold_gain":0,"player_choice":"Simplicity","damage_taken":0,"max_hp_gain":0,"max_hp_loss":0,"event_name":"Back to Basics","floor":29,"gold_loss":0,"cards_upgraded":["Strike_B","Strike_B","Strike_B","Defend_B","Defend_B","Defend_B"]},{"damage_healed":0,"gold_gain":100,"player_choice":"Pray","damage_taken":0,"max_hp_gain":0,"max_hp_loss":0,"event_name":"Golden Shrine","floor":45,"gold_loss":0}],"is_beta":false,"boss_relics":[{"not_picked":["Lizard Tail","Black Star"],"picked":"Tiny House"},{"not_picked":["Eternal Feather","White Beast Statue"],"picked":"Cursed Key"}],"items_purged_floors":[3],"is_endless":false,"potions_floor_spawned":[4,11,13,16,24,28,30,36,39,44],"killed_by":"Spire Growth","ascension_level":2}