{"gold_per_floor":[119,131,131,45,10,36,36,64,64,142,102,128,141,32,32,135,135,153,167,184,184,199,199,216,216,241,267,267,48,83,98,98,195,195,215,42,42,42,52,85,85,119,165,165,196,22,322,352,352,352],"floor_reached":50,"playtime":6840,"items_purged":["Strike_B","Regret","Strike_B","Regret"],"score":672,"play_id":"7efb03e8-6fc4-43ad-b857-474279d1716e","local_time":"20190719233205","is_ascension_mode":true,"campfire_choices":[{"data":"Dualcast","floor":7,"key":"SMITH"},{"floor":15,"key":"REST"},{"floor":23,"key":"REST"},{"floor":28,"key":"REST"},{"floor":32,"key":"REST"},{"data":"Apotheosis","floor":41,"key":"SMITH"},{"floor":44,"key":"REST"},{"floor":49,"key":"REST"}],"neow_cost":"NONE","seed_source_timestamp":64522223034306,"circlet_count":0,"master_deck":["Strike_B","Defend_B","Defend_B","Defend_B","Defend_B","Zap","Dualcast+1","Melter","Discovery","Capacitor","Auto Shields","Doom and Gloom","Redo","Genetic Algorithm","Electrodynamics","Turbo+1","Machine Learning","Compile Driver+1","Fusion","Conserve Battery","Self Repair","Chill","Reboot","Streamline+1","Master of Strategy","PanicButton","Apotheosis+1","Streamline+1","Biased Cognition","Ball Lightning+1","Reprogram","Barrage+1","Rebound","White Noise+1"],"relics":["Cracked Core","Ancient Tea Set","Bronze Scales","Matryoshka","Pear","Juzu Bracelet","Darkstone Periapt","Gremlin Horn","Cursed Key","Vajra","Regal Pillow","Orichalcum","Red Mask","Dodecahedron","Velvet Choker","Dream Catcher","Anchor","Bag of Marbles","Bag of Preparation","Bottled Lightning"],"potions_floor_usage":[16,16,16,24,27,30,33,42,45],"damage_taken":[{"damage":3,"enemies":"Small Slimes","floor":1,"turns":3},{"damage":1,"enemies":"2 Louse","floor":2,"turns":3},{"damage":26,"enemies":"Lagavulin","floor":6,"turns":5},{"damage":15,"enemies":"Gremlin Nob","floor":8,"turns":4},{"damage":30,"enemies":"3 Sentries","floor":12,"turns":7},{"damage":0,"enemies":"Jaw Worm","floor":13,"turns":3},{"damage":19,"enemies":"Hexaghost","floor":16,"turns":7},{"damage":21,"enemies":"Chosen","floor":18,"turns":4},{"damage":0,"enemies":"3 Byrds","floor":19,"turns":2},{"damage":40,"enemies":"Shelled Parasite and Fungi","floor":20,"turns":4},{"damage":11,"enemies":"3 Cultists","floor":22,"turns":4},{"damage":6,"enemies":"Centurion and Healer","floor":24,"turns":4},{"damage":16,"enemies":"Masked Bandits","floor":27,"turns":3},{"damage":28,"enemies":"Book of Stabbing","floor":30,"turns":5},{"damage":7,"enemies":"Shelled Parasite and Fungi","floor":31,"turns":4},{"damage":57,"enemies":"Champ","floor":33,"turns":12},{"damage":0,"enemies":"3 Shapes","floor":35,"turns":4},{"damage":18,"enemies":"3 Darklings","floor":39,"turns":5},{"damage":11,"enemies":"Nemesis","floor":40,"turns":7},{"damage":38,"enemies":"Giant Head","floor":42,"turns":9},{"damage":25,"enemies":"Reptomancer","floor":45,"turns":5},{"damage":46,"enemies":"Giant Head","floor":48,"turns":8},{"damage":75,"enemies":"Time Eater","floor":50,"turns":9}],"seed_played":"-2367587688529553334","potions_obtained":[{"floor":8,"key":"Ancient Potion"},{"floor":12,"key":"FocusPotion"},{"floor":13,"key":"Weak Potion"},{"floor":20,"key":"Block Potion"},{"floor":22,"key":"Energy Potion"},{"floor":31,"key":"Dexterity Potion"},{"floor":42,"key":"FearPotion"}],"is_trial":false,"path_per_floor":["M","M","?","$","?","E","R","E","T","?","?","E","M","$","R","B",null,"M","M","M","?","M","R","M","?","T","?","R","$","E","M","R","B",null,"M","$","?","?","M","E","R","E","T","R","E","$","?","E","R","B"],"character_chosen":"DEFECT","items_purchased":["Discovery","Genetic Algorithm","Self Repair","Weak Potion","Weak Potion","Rebound"],"campfire_rested":6,"item_purchase_floors":[4,14,29,29,36,46],"current_hp_per_floor":[72,71,59,59,75,49,49,44,44,44,44,14,14,14,39,20,85,64,64,24,24,13,38,32,32,38,22,64,64,43,36,78,28,91,91,91,81,81,73,72,72,44,50,94,69,69,69,30,74,0],"gold":352,"neow_bonus":"RANDOM_COMMON_RELIC","is_prod":false,"is_daily":false,"chose_seed":false,"campfire_upgraded":2,"win_rate":0,"timestamp":1563593525,"path_taken":["M","M","?","$","?","E","R","E","T","?","?","E","M","$","R","BOSS","M","M","M","?","M","R","M","?","T","?","R","$","E","M","R","BOSS","M","$","?","?","M","E","R","E","T","R","E","$","?","E","R","BOSS"],"build_version":"2019-07-05","purchased_purges":4,"victory":false,"max_hp_per_floor":[75,75,75,75,75,75,75,85,85,85,85,85,85,85,85,85,85,85,85,85,85,85,85,85,85,91,91,91,91,91,91,91,91,91,91,91,91,91,91,91,91,91,97,97,97,97,97,97,97,97],"card_choices":[{"not_picked":["Beam Cell","White Noise"],"picked":"Rebound","floor":1},{"not_picked":["Leap","Barrage"],"picked":"Melter","floor":2},{"not_picked":["Lockon","Leap"],"picked":"Capacitor","floor":6},{"not_picked":["Heatsinks","Go for the Eyes"],"picked":"Auto Shields","floor":8},{"not_picked":["Steam","Blizzard"],"picked":"Doom and Gloom","floor":12},{"not_picked":["Scrape","Beam Cell"],"picked":"Redo","floor":13},{"not_picked":["Amplify","Fission"],"picked":"Electrodynamics","floor":16},{"not_picked":["Steam","Lockon","Redo"],"picked":"SKIP","floor":18},{"not_picked":["Ball Lightning","Capacitor"],"picked":"Turbo+1","floor":19},{"not_picked":["Gash","Barrage"],"picked":"Machine Learning","floor":20},{"not_picked":["Blizzard","Lockon"],"picked":"Compile Driver+1","floor":22},{"not_picked":["Static Discharge","Turbo","Sunder"],"picked":"SKIP","floor":24},{"not_picked":["Stack","Rip and Tear"],"picked":"Conserve Battery","floor":27},{"not_picked":["Rebound","Creative AI"],"picked":"Chill","floor":30},{"not_picked":["Capacitor","Heatsinks","Darkness"],"picked":"SKIP","floor":31},{"not_picked":["Rainbow","Meteor Strike"],"picked":"Reboot","floor":33},{"not_picked":["Leap","Stack"],"picked":"Streamline+1","floor":35},{"not_picked":["Thinking Ahead","Forethought"],"picked":"Master of Strategy","floor":37},{"not_picked":["Swift Strike","Madness"],"picked":"PanicButton","floor":37},{"not_picked":["Deep Breath","Good Instincts"],"picked":"Apotheosis","floor":37},{"not_picked":["Go for the Eyes+1","BootSequence+1"],"picked":"Streamline+1","floor":39},{"not_picked":["Electrodynamics","Ball Lightning+1"],"picked":"Biased Cognition","floor":40},{"not_picked":["Stack","Compile Driver"],"picked":"Ball Lightning+1","floor":42},{"not_picked":["Rip and Tear+1","Gash"],"picked":"Reprogram","floor":44},{"not_picked":["Streamline+1","Amplify"],"picked":"Barrage+1","floor":45},{"not_picked":["Gash","Turbo+1","Hologram"],"picked":"SKIP","floor":48},{"not_picked":["Loop","Steam"],"picked":"White Noise+1","floor":49}],"player_experience":87534,"relics_obtained":[{"floor":6,"key":"Matryoshka"},{"floor":8,"key":"Pear"},{"floor":9,"key":"Juzu Bracelet"},{"floor":9,"key":"Darkstone Periapt"},{"floor":12,"key":"Gremlin Horn"},{"floor":26,"key":"Regal Pillow"},{"floor":26,"key":"Orichalcum"},{"floor":27,"key":"Red Mask"},{"floor":30,"key":"Dodecahedron"},{"floor":40,"key":"Dream Catcher"},{"floor":42,"key":"Anchor"},{"floor":43,"key":"Bag of Marbles"},{"floor":45,"key":"Bag of Preparation"},{"floor":48,"key":"Bottled Lightning"}],"event_choices":[{"damage_healed":0,"gold_gain":0,"player_choice":"Success","damage_taken":12,"relics_obtained":["Bronze Scales"],"max_hp_gain":0,"max_hp_loss":0,"event_name":"Scrap Ooze","floor":3,"gold_loss":0},{"damage_healed":18,"gold_gain":0,"player_choice":"Healed","damage_taken":0,"max_hp_gain":0,"max_hp_loss":0,"event_name":"The Cleric","floor":5,"gold_loss":35},{"damage_healed":0,"gold_gain":78,"player_choice":"Gained Gold","damage_taken":0,"max_hp_gain":0,"max_hp_loss":0,"event_name":"Golden Wing","floor":10,"gold_loss":0},{"damage_healed":0,"gold_gain":0,"player_choice":"Left Gold","damage_taken":0,"max_hp_gain":0,"max_hp_loss":0,"event_name":"World of Goop","floor":11,"gold_loss":40},{"damage_healed":0,"gold_gain":0,"player_choice":"Opened","damage_taken":0,"relics_obtained":["Vajra"],"max_hp_gain":0,"max_hp_loss":0,"event_name":"The Mausoleum","floor":21,"gold_loss":0},{"damage_healed":0,"gold_gain":0,"cards_transformed":["Strike_B"],"player_choice":"Transformed","damage_taken":0,"max_hp_gain":0,"max_hp_loss":0,"event_name":"Transmorgrifier","floor":25,"gold_loss":0,"cards_obtained":["Fusion"]},{"damage_healed":0,"gold_gain":0,"player_choice":"Fought Bandits","damage_taken":0,"max_hp_gain":0,"max_hp_loss":0,"event_name":"Masked Bandits","floor":27,"gold_loss":0},{"damage_healed":0,"gold_gain":0,"player_choice":"Memory 3","damage_taken":10,"max_hp_gain":0,"max_hp_loss":0,"event_name":"SensoryStone","floor":37,"gold_loss":0},{"cards_removed":["Rebound"],"damage_healed":0,"gold_gain":0,"player_choice":"Removed Attack","damage_taken":0,"max_hp_gain":0,"max_hp_loss":0,"event_name":"Falling","floor":38,"gold_loss":0},{"damage_healed":0,"gold_gain":300,"player_choice":"Gold","damage_taken":0,"max_hp_gain":0,"max_hp_loss":0,"event_name":"Wheel of Change","floor":47,"gold_loss":0}],"is_beta":false,"boss_relics":[{"not_picked":["Ectoplasm","Calling Bell"],"picked":"Cursed Key"},{"not_picked":["Fusion Hammer","Snecko Eye"],"picked":"Velvet Choker"}],"items_purged_floors":[14,29,36,46],"is_endless":false,"potions_floor_spawned":[8,12,13,20,22,31,42],"killed_by":"Time Eater","ascension_level":1}