{"gold_per_floor":[117,117,134,154,167,167,130,158,185,197,197,197,197,223,223,327,327,344,344,363,248,258,590,590,590],"floor_reached":25,"playtime":1929,"items_purged":["Defend_R"],"score":266,"play_id":"2d3154e9-e044-46be-bcf2-c404f2b0e42b","local_time":"20181209191211","is_ascension_mode":true,"campfire_choices":[{"data":"Flame Barrier","floor":6,"key":"SMITH"},{"data":"Juggernaut","floor":13,"key":"SMITH"},{"data":"Rampage","floor":15,"key":"SMITH"},{"floor":24,"key":"REST"}],"neow_cost":"PERCENT_DAMAGE","seed_source_timestamp":36474190537395,"circlet_count":0,"master_deck":["Strike_R","Strike_R","Strike_R","Defend_R","Defend_R","Bash","Immolate","Flame Barrier+1","Headbutt","Shrug It Off","Juggernaut+1","Rampage+1","Clash","Sever Soul","Reaper","Ghostly Armor","Dual Wield","Demon Form","Iron Wave","Metallicize","True Grit"],"relics":["Black Blood","Pen Nib","Blood Vial","Strawberry","Torii","Old Coin"],"potions_floor_usage":[8,8,18,23,25],"damage_taken":[{"damage":9,"enemies":"Jaw Worm","floor":1,"turns":3},{"damage":0,"enemies":"2 Louse","floor":3,"turns":1},{"damage":7,"enemies":"Small Slimes","floor":4,"turns":3},{"damage":7,"enemies":"2 Fungi Beasts","floor":5,"turns":3},{"damage":5,"enemies":"Lagavulin","floor":8,"turns":8},{"damage":0,"enemies":"Looter","floor":10,"turns":4},{"damage":12,"enemies":"3 Sentries","floor":14,"turns":7},{"damage":18,"enemies":"Slime Boss","floor":16,"turns":7},{"damage":16,"enemies":"Shell Parasite","floor":18,"turns":5},{"damage":0,"enemies":"3 Byrds","floor":20,"turns":2},{"damage":34,"enemies":"Cultist and Chosen","floor":22,"turns":8},{"damage":44,"enemies":"Gremlin Leader","floor":23,"turns":7},{"damage":88,"enemies":"Slavers","floor":25,"turns":4}],"seed_played":"118919631372843533","potions_obtained":[{"floor":3,"key":"Block Potion"},{"floor":5,"key":"SteroidPotion"},{"floor":8,"key":"GamblersBrew"},{"floor":14,"key":"Energy Potion"},{"floor":20,"key":"Strength Potion"}],"is_trial":false,"path_per_floor":["M","?","M","M","M","R","?","E","T","M","?","?","R","E","R","B",null,"M","?","M","$","M","E","R","E"],"character_chosen":"IRONCLAD","items_purchased":["Metallicize"],"campfire_rested":1,"item_purchase_floors":[21],"current_hp_per_floor":[53,53,59,58,57,57,57,58,58,66,70,70,70,66,66,56,87,81,81,87,87,63,31,57,0],"gold":590,"neow_bonus":"THREE_RARE_CARDS","is_prod":false,"is_daily":false,"chose_seed":false,"campfire_upgraded":3,"win_rate":0,"timestamp":1544411531,"path_taken":["M","?","M","M","M","R","?","E","T","M","?","?","R","E","R","BOSS","M","?","M","$","M","E","R","E"],"build_version":"2018-12-06","purchased_purges":1,"victory":false,"max_hp_per_floor":[80,80,80,80,80,80,80,80,80,80,87,87,87,87,87,87,87,87,87,87,87,87,87,87,87],"card_choices":[{"not_picked":["Bludgeon","Berserk"],"picked":"Immolate","floor":0},{"not_picked":["Anger","Thunderclap"],"picked":"Flame Barrier","floor":1},{"not_picked":["Dual Wield","Clash"],"picked":"Headbutt","floor":3},{"not_picked":["Twin Strike","Rampage"],"picked":"Shrug It Off","floor":4},{"not_picked":["Warcry","Pommel Strike"],"picked":"Juggernaut","floor":5},{"not_picked":["Wild Strike","Corruption"],"picked":"Rampage","floor":8},{"not_picked":["Warcry","Corruption","Heavy Blade"],"picked":"SKIP","floor":10},{"not_picked":["Limit Break","Shockwave"],"picked":"Sever Soul","floor":14},{"not_picked":["Feed","Double Tap"],"picked":"Reaper","floor":16},{"not_picked":["Carnage","Body Slam"],"picked":"Ghostly Armor","floor":18},{"not_picked":["Bloodletting","Twin Strike"],"picked":"Iron Wave","floor":20},{"not_picked":["Sword Boomerang","Entrench","Clothesline"],"picked":"SKIP","floor":22},{"not_picked":["Feed","Anger"],"picked":"True Grit","floor":23}],"player_experience":188579,"relics_obtained":[{"floor":8,"key":"Pen Nib"},{"floor":9,"key":"Blood Vial"},{"floor":14,"key":"Torii"},{"floor":23,"key":"Old Coin"}],"event_choices":[{"damage_healed":0,"gold_gain":0,"player_choice":"Ignored","damage_taken":0,"max_hp_gain":0,"max_hp_loss":0,"event_name":"Liars Game","floor":2,"gold_loss":0},{"damage_healed":0,"gold_gain":0,"player_choice":"Left Gold","damage_taken":0,"max_hp_gain":0,"max_hp_loss":0,"event_name":"World of Goop","floor":7,"gold_loss":37},{"damage_healed":0,"gold_gain":0,"player_choice":"Success","damage_taken":3,"relics_obtained":["Strawberry"],"max_hp_gain":0,"max_hp_loss":0,"event_name":"Scrap Ooze","floor":11,"gold_loss":0},{"damage_healed":0,"gold_gain":0,"cards_transformed":["Strike_R"],"player_choice":"Change","damage_taken":0,"max_hp_gain":0,"max_hp_loss":0,"event_name":"Living Wall","floor":12,"gold_loss":0,"cards_obtained":["Clash"]},{"damage_healed":0,"gold_gain":0,"cards_transformed":["Strike_R","Defend_R"],"player_choice":"Became Test Subject","damage_taken":0,"max_hp_gain":0,"max_hp_loss":0,"event_name":"Drug Dealer","floor":19,"gold_loss":0,"cards_obtained":["Dual Wield","Demon Form"]}],"is_beta":false,"boss_relics":[{"not_picked":["Coffee Dripper","Lizard Tail"],"picked":"Black Blood"}],"items_purged_floors":[21],"is_endless":false,"potions_floor_spawned":[3,5,8,14,20],"killed_by":"Slavers","ascension_level":3}