{"gold_per_floor":[366,378,393,406,60,60,19,36,36,36,36,112,147,147,147,245,245,263,40,40,340,255,286,286,311,311,94,117,117,17,60,60,153,153,177,192,525,525,541,541,572,572,598,627,627,627,661,149,149,149],"floor_reached":51,"playtime":3478,"items_purged":["Strike_B","Strike_B","Strike_B"],"score":1654,"play_id":"392bd3c6-0dda-48fe-848f-e472a250aa34","local_time":"20190327223326","is_ascension_mode":true,"campfire_choices":[{"data":"Steam","floor":6,"key":"SMITH"},{"floor":10,"key":"REST"},{"data":"Hologram","floor":15,"key":"SMITH"},{"data":"Beam Cell","floor":24,"key":"SMITH"},{"floor":32,"key":"REST"},{"data":"Steam","floor":40,"key":"SMITH"},{"data":"Scrape","floor":42,"key":"SMITH"},{"floor":45,"key":"REST"},{"data":"Seek","floor":49,"key":"SMITH"}],"neow_cost":"PERCENT_DAMAGE","seed_source_timestamp":205014810527204,"circlet_count":0,"master_deck":["AscendersBane","Strike_B","Defend_B+1","Defend_B","Defend_B","Defend_B","Zap","Dualcast","Doom and Gloom","Gash","Go for the Eyes","Steam+1","Gash","BootSequence+1","Beam Cell+1","Hologram+1","All For One","Gash","Steam Power","Master of Strategy","Beam Cell","Scrape+1","Reboot","Steam+1","Writhe","Seek+1"],"relics":["Cracked Core","Oddly Smooth Stone","War Paint","Boot","Black Star","Old Coin","Dodecahedron","Shuriken","Vajra","Incense Burner","Sling","Blue Candle","Darkstone Periapt","WingedGreaves","Lizard Tail","Bag of Preparation","Centennial Puzzle","Ancient Tea Set","Cables","Pocketwatch","Pantograph","Singing Bowl","Pen Nib","Happy Flower"],"potions_floor_usage":[13,16,28,31,33,36,50,50],"damage_taken":[{"damage":1,"enemies":"2 Louse","floor":1,"turns":3},{"damage":8,"enemies":"Small Slimes","floor":2,"turns":2},{"damage":9,"enemies":"Jaw Worm","floor":3,"turns":4},{"damage":11,"enemies":"3 Louse","floor":4,"turns":3},{"damage":0,"enemies":"Blue Slaver","floor":8,"turns":3},{"damage":29,"enemies":"Gremlin Nob","floor":13,"turns":5},{"damage":0,"enemies":"The Guardian","floor":16,"turns":9},{"damage":16,"enemies":"Shell Parasite","floor":18,"turns":5},{"damage":3,"enemies":"Gremlin Leader","floor":23,"turns":4},{"damage":0,"enemies":"3 Byrds","floor":25,"turns":3},{"damage":13,"enemies":"Shelled Parasite and Fungi","floor":28,"turns":2},{"damage":9,"enemies":"Book of Stabbing","floor":31,"turns":3},{"damage":20,"enemies":"Automaton","floor":33,"turns":6},{"damage":0,"enemies":"Orb Walker","floor":35,"turns":2},{"damage":16,"enemies":"3 Shapes","floor":36,"turns":6},{"damage":6,"enemies":"Transient","floor":39,"turns":6},{"damage":1,"enemies":"Giant Head","floor":41,"turns":6},{"damage":12,"enemies":"Reptomancer","floor":44,"turns":4},{"damage":1,"enemies":"Giant Head","floor":47,"turns":1},{"damage":9,"enemies":"Time Eater","floor":50,"turns":4}],"seed_played":"-591344142851474026","potions_obtained":[{"floor":1,"key":"Dexterity Potion"},{"floor":4,"key":"EssenceOfSteel"},{"floor":18,"key":"SteroidPotion"},{"floor":23,"key":"FocusPotion"},{"floor":25,"key":"LiquidBronze"},{"floor":28,"key":"FocusPotion"},{"floor":35,"key":"Poison Potion"},{"floor":44,"key":"Dexterity Potion"},{"floor":47,"key":"SkillPotion"}],"is_trial":false,"path_per_floor":["M","M","M","M","$","R","?","M","T","R","?","?","E","?","R","B",null,"M","$","?","T","?","E","R","M","T","$","M","T","$","E","R","B",null,"M","M","?","?","M","R","E","R","T","E","R","T","E","$","R","B",null],"character_chosen":"DEFECT","items_purchased":["Gash","Oddly Smooth Stone","BootSequence","Steam Power","Master of Strategy","Sling","Happy Flower","Strength Potion","Seek"],"campfire_rested":3,"item_purchase_floors":[5,5,5,19,19,27,48,48,48],"current_hp_per_floor":[45,37,28,17,17,17,17,17,17,38,38,38,9,30,30,30,56,40,40,53,53,53,50,50,50,50,50,37,37,37,28,47,27,55,55,39,39,58,52,52,51,51,51,39,60,60,61,61,61,63],"gold":149,"neow_bonus":"TWO_FIFTY_GOLD","is_prod":false,"is_daily":false,"chose_seed":false,"campfire_upgraded":6,"win_rate":0,"timestamp":1553751206,"path_taken":["M","M","M","M","$","R","?","M","T","R","?","?","E","?","R","BOSS","M","$","?","?","?","E","R","M","T","$","?","?","?","E","R","BOSS","M","M","?","?","?","R","E","R","T","E","R","?","E","$","R","BOSS"],"build_version":"2019-01-23","purchased_purges":3,"victory":true,"max_hp_per_floor":[71,71,71,71,71,71,71,71,71,71,64,64,64,64,64,64,64,64,64,64,64,64,64,64,64,64,64,64,64,64,64,64,64,64,64,64,64,70,70,70,70,70,70,70,70,70,72,72,72,72],"card_choices":[{"not_picked":["Loop","Double Energy"],"picked":"Doom and Gloom","floor":1},{"not_picked":["Skim","Sweeping Beam"],"picked":"Gash","floor":2},{"not_picked":["Stack","Sunder"],"picked":"Go for the Eyes","floor":3},{"not_picked":["Auto Shields","Turbo"],"picked":"Steam","floor":4},{"not_picked":["Rebound","Conserve Battery"],"picked":"Beam Cell","floor":8},{"not_picked":["Streamline","Tempest"],"picked":"Hologram","floor":13},{"not_picked":["Creative AI","Machine Learning"],"picked":"All For One","floor":16},{"not_picked":["Aggregate","Melter"],"picked":"Gash","floor":18},{"not_picked":["Recycle","Consume","Skim"],"picked":"SKIP","floor":23},{"not_picked":["Streamline","Barrage"],"picked":"Beam Cell","floor":25},{"not_picked":["Sweeping Beam","Turbo+1","Blizzard"],"picked":"SKIP","floor":28},{"not_picked":["Darkness","Coolheaded"],"picked":"Scrape","floor":31},{"not_picked":["Creative AI","Electrodynamics"],"picked":"Reboot","floor":33},{"not_picked":["Redo","Genetic Algorithm+1"],"picked":"Steam","floor":35},{"not_picked":["Sweeping Beam","Rip and Tear","Genetic Algorithm"],"picked":"SKIP","floor":36},{"not_picked":["Reinforced Body","Compile Driver","Heatsinks"],"picked":"SKIP","floor":39},{"not_picked":["Static Discharge","Force Field+1","Sweeping Beam"],"picked":"SKIP","floor":41},{"not_picked":["Conserve Battery","Sunder","Storm+1"],"picked":"SKIP","floor":44},{"not_picked":["Darkness","Doom and Gloom+1","Conserve Battery"],"picked":"Singing Bowl","floor":47}],"player_experience":796428,"relics_obtained":[{"floor":9,"key":"War Paint"},{"floor":13,"key":"Boot"},{"floor":21,"key":"Old Coin"},{"floor":23,"key":"Shuriken"},{"floor":23,"key":"Vajra"},{"floor":26,"key":"Incense Burner"},{"floor":29,"key":"Blue Candle"},{"floor":31,"key":"Darkstone Periapt"},{"floor":31,"key":"WingedGreaves"},{"floor":41,"key":"Bag of Preparation"},{"floor":41,"key":"Centennial Puzzle"},{"floor":43,"key":"Ancient Tea Set"},{"floor":44,"key":"Cables"},{"floor":44,"key":"Pocketwatch"},{"floor":46,"key":"Pantograph"},{"floor":47,"key":"Singing Bowl"},{"floor":47,"key":"Pen Nib"}],"event_choices":[{"damage_healed":0,"gold_gain":0,"player_choice":"Left Gold","damage_taken":0,"max_hp_gain":0,"max_hp_loss":0,"event_name":"World of Goop","floor":7,"gold_loss":41},{"damage_healed":0,"gold_gain":0,"player_choice":"Lose Max HP","damage_taken":0,"relics_obtained":["Golden Idol"],"max_hp_gain":0,"max_hp_loss":7,"event_name":"Golden Idol","floor":11,"gold_loss":0},{"damage_healed":0,"gold_gain":76,"player_choice":"Gained Gold","damage_taken":0,"max_hp_gain":0,"max_hp_loss":0,"event_name":"Golden Wing","floor":12,"gold_loss":0},{"damage_healed":21,"gold_gain":0,"player_choice":"Banana","damage_taken":0,"max_hp_gain":0,"max_hp_loss":0,"event_name":"Big Fish","floor":14,"gold_loss":0},{"damage_healed":13,"gold_gain":0,"player_choice":"Heal","damage_taken":0,"max_hp_gain":0,"max_hp_loss":0,"event_name":"The Library","floor":20,"gold_loss":0},{"damage_healed":0,"gold_gain":0,"player_choice":"Obtained Relic","damage_taken":0,"relics_obtained":["Dodecahedron"],"max_hp_gain":0,"max_hp_loss":0,"event_name":"Addict","floor":22,"gold_loss":85},{"damage_healed":0,"gold_gain":333,"player_choice":"Gave Idol","damage_taken":0,"max_hp_gain":0,"max_hp_loss":0,"event_name":"The Moai Head","floor":37,"relics_lost":["Golden Idol"],"gold_loss":0},{"damage_healed":13,"gold_gain":0,"player_choice":"Writhe","damage_taken":0,"max_hp_gain":0,"max_hp_loss":0,"event_name":"Winding Halls","floor":38,"gold_loss":0,"cards_obtained":["Writhe"]}],"is_beta":false,"boss_relics":[{"not_picked":["Sozu","Tiny House"],"picked":"Black Star"},{"not_picked":["Philosopher\u0027s Stone","Pandora\u0027s Box"],"picked":"Lizard Tail"}],"items_purged_floors":[5,30,48],"is_endless":false,"potions_floor_spawned":[1,4,8,18,23,25,28,35,44,47],"ascension_level":17}