{"gold_per_floor":[112,112,132,132,148,148,175,175,202,3,3,3,49,87,87,184,184,204,204],"floor_reached":19,"playtime":1305,"items_purged":[],"score":324,"play_id":"eab4a623-52d3-49b9-99e9-ed842f1cfc5c","local_time":"20190312233120","is_ascension_mode":true,"campfire_choices":[{"data":"Rainbow","floor":6,"key":"SMITH"},{"data":"Consume","floor":8,"key":"SMITH"},{"floor":12,"key":"REST"},{"floor":15,"key":"REST"}],"neow_cost":"PERCENT_DAMAGE","seed_source_timestamp":279629826718341,"circlet_count":0,"master_deck":["AscendersBane","Strike_B+1","Defend_B","Defend_B","Zap","Dualcast","Undo","Rainbow+1","Coolheaded","Redo","Buffer","Consume+1","HandOfGreed","White Noise","Biased Cognition","Go for the Eyes+1"],"relics":["Cracked Core","Bottled Flame","Omamori","Happy Flower","Whetstone","Empty Cage"],"potions_floor_usage":[7,13,19],"damage_taken":[{"damage":0,"enemies":"Cultist","floor":1,"turns":4},{"damage":4,"enemies":"2 Louse","floor":3,"turns":3},{"damage":5,"enemies":"Jaw Worm","floor":5,"turns":3},{"damage":19,"enemies":"Gremlin Nob","floor":7,"turns":4},{"damage":6,"enemies":"Lagavulin","floor":13,"turns":6},{"damage":15,"enemies":"3 Louse","floor":14,"turns":3},{"damage":35,"enemies":"Slime Boss","floor":16,"turns":10},{"damage":48,"enemies":"3 Byrds","floor":18,"turns":5},{"damage":13,"enemies":"Colosseum Slavers","floor":19,"turns":1}],"seed_played":"-5091294452779434050","potions_obtained":[{"floor":5,"key":"Weak Potion"},{"floor":7,"key":"Block Potion"},{"floor":16,"key":"FearPotion"}],"is_trial":false,"path_per_floor":["M","T","M","?","M","R","E","R","T","$","?","R","E","M","R","B",null,"M","?"],"character_chosen":"DEFECT","items_purchased":["HandOfGreed"],"campfire_rested":2,"item_purchase_floors":[10],"current_hp_per_floor":[46,46,42,42,37,37,18,18,18,18,18,39,33,18,39,4,54,6,0],"gold":204,"neow_bonus":"TRANSFORM_TWO_CARDS","is_prod":false,"is_daily":false,"chose_seed":false,"campfire_upgraded":2,"win_rate":0,"timestamp":1552458680,"path_taken":["M","?","M","?","?","R","E","R","T","$","?","R","E","M","R","BOSS","M","?"],"build_version":"2019-01-23","purchased_purges":0,"victory":false,"max_hp_per_floor":[71,71,71,71,71,71,71,71,71,71,71,71,71,71,71,71,71,71,71],"card_choices":[{"not_picked":["Sweeping Beam","Conserve Battery"],"picked":"Coolheaded","floor":1},{"not_picked":["Melter","Coolheaded"],"picked":"Redo","floor":3},{"not_picked":["Turbo","Doom and Gloom"],"picked":"Buffer","floor":5},{"not_picked":["Go for the Eyes","Steam"],"picked":"Consume","floor":7},{"not_picked":["Barrage","Sweeping Beam","Gash"],"picked":"SKIP","floor":13},{"not_picked":["Scrape","Barrage"],"picked":"White Noise","floor":14},{"not_picked":["Meteor Strike","Thunder Strike"],"picked":"Biased Cognition","floor":16},{"not_picked":["Streamline","Chill"],"picked":"Go for the Eyes+1","floor":18}],"player_experience":768972,"relics_obtained":[{"floor":2,"key":"Bottled Flame"},{"floor":7,"key":"Omamori"},{"floor":9,"key":"Happy Flower"},{"floor":13,"key":"Whetstone"}],"event_choices":[{"cards_removed":["Defend_B"],"damage_healed":0,"gold_gain":0,"player_choice":"Purged","damage_taken":0,"max_hp_gain":0,"max_hp_loss":0,"event_name":"Purifier","floor":4,"gold_loss":0},{"damage_healed":0,"gold_gain":0,"player_choice":"Searched \u00271\u0027 times","damage_taken":0,"max_hp_gain":0,"max_hp_loss":0,"event_name":"Dead Adventurer","floor":11,"gold_loss":0},{"damage_healed":0,"gold_gain":0,"player_choice":"Fight","damage_taken":0,"max_hp_gain":0,"max_hp_loss":0,"event_name":"Colosseum","floor":19,"gold_loss":0}],"is_beta":false,"boss_relics":[{"not_picked":["Coffee Dripper","Lizard Tail"],"picked":"Empty Cage"}],"items_purged_floors":[],"is_endless":false,"potions_floor_spawned":[5,7,16],"killed_by":"Colosseum Slavers","ascension_level":17}