{"gold_per_floor":[111,36,36,53,63,63,95,95,121,121,137,152,152],"floor_reached":13,"playtime":479,"items_purged":[],"score":170,"play_id":"d52a05bd-ac89-47b2-bb85-a2cf8547cdea","local_time":"20190911200421","is_ascension_mode":true,"campfire_choices":[{"data":"Bash","floor":6,"key":"SMITH"},{"data":"Disarm","floor":8,"key":"SMITH"},{"data":"Rampage","floor":10,"key":"SMITH"}],"neow_cost":"NONE","seed_source_timestamp":188200468582800,"circlet_count":0,"master_deck":["AscendersBane","Strike_R","Strike_R","Strike_R","Strike_R","Strike_R","Defend_R","Defend_R","Defend_R","Bash+1","Ghostly Armor","Disarm+1","Disarm","Rampage+1","Flame Barrier","Clash"],"relics":["Burning Blood","Blood Vial","Potion Belt"],"potions_floor_usage":[7,11,12],"damage_taken":[{"damage":8,"enemies":"Small Slimes","floor":1,"turns":4},{"damage":12,"enemies":"Jaw Worm","floor":4,"turns":3},{"damage":4,"enemies":"2 Louse","floor":5,"turns":4},{"damage":51,"enemies":"3 Sentries","floor":7,"turns":15},{"damage":22,"enemies":"Exordium Thugs","floor":11,"turns":7},{"damage":9,"enemies":"Large Slime","floor":12,"turns":7},{"damage":5,"enemies":"Lagavulin","floor":13,"turns":7}],"seed_played":"5479257794979785382","potions_obtained":[{"floor":5,"key":"Block Potion"},{"floor":7,"key":"Weak Potion"},{"floor":11,"key":"SpeedPotion"}],"is_trial":false,"path_per_floor":["M","?","?","M","M","R","E","R","T","R","M","M","E"],"character_chosen":"IRONCLAD","items_purchased":[],"campfire_rested":0,"item_purchase_floors":[],"current_hp_per_floor":[73,73,73,67,69,69,24,24,24,24,10,9,6],"gold":152,"neow_bonus":"TEN_PERCENT_HP_BONUS","is_prod":false,"is_daily":false,"chose_seed":false,"campfire_upgraded":3,"win_rate":0,"timestamp":1568257461,"path_taken":["M","?","?","M","M","R","E","R","T","R","M","M","E"],"build_version":"2019-07-17","purchased_purges":0,"victory":false,"max_hp_per_floor":[82,82,82,82,82,82,82,82,82,82,82,82,82],"card_choices":[{"not_picked":["Heavy Blade","Sentinel"],"picked":"Ghostly Armor","floor":1},{"not_picked":["Second Wind","Headbutt"],"picked":"Disarm","floor":4},{"not_picked":["Warcry","Seeing Red"],"picked":"Disarm","floor":5},{"not_picked":["Bloodletting","Perfected Strike"],"picked":"Rampage","floor":7},{"not_picked":["Pommel Strike","Sword Boomerang"],"picked":"Flame Barrier","floor":11},{"not_picked":["Iron Wave","Heavy Blade"],"picked":"Clash","floor":12}],"player_experience":677338,"relics_obtained":[{"floor":7,"key":"Blood Vial"},{"floor":9,"key":"Potion Belt"}],"event_choices":[{"cards_removed":["Defend_R"],"damage_healed":0,"gold_gain":0,"player_choice":"Card Removal","damage_taken":0,"max_hp_gain":0,"max_hp_loss":0,"event_name":"The Cleric","floor":2,"gold_loss":75},{"damage_healed":0,"gold_gain":0,"player_choice":"Ignored","damage_taken":0,"max_hp_gain":0,"max_hp_loss":0,"event_name":"Liars Game","floor":3,"gold_loss":0}],"is_beta":false,"boss_relics":[],"items_purged_floors":[],"is_endless":false,"potions_floor_spawned":[5,7,11],"killed_by":"Lagavulin","ascension_level":20}