{"gold_per_floor":[110,285,285,17,33,33,51,77,77,77,90,124,124,134,134,235,235,203,213,128,128,139,139,139],"floor_reached":24,"playtime":3459,"items_purged":["Doubt"],"score":231,"play_id":"8cd16e38-f348-43d1-83f4-bf92e5ae0534","local_time":"20190902220840","is_ascension_mode":false,"campfire_choices":[{"data":"Riddle With Holes","floor":6.0,"key":"SMITH"},{"data":"Footwork","floor":10.0,"key":"SMITH"},{"data":"Setup","floor":13.0,"key":"SMITH"},{"data":"Neutralize","floor":15.0,"key":"SMITH"},{"data":"Bullet Time","floor":23,"key":"SMITH"}],"neow_cost":"NONE","seed_source_timestamp":0,"circlet_count":0,"master_deck":["Strike_G","Strike_G","Strike_G","Defend_G+1","Defend_G","Defend_G+1","Defend_G","Defend_G","Survivor","Neutralize+1","Madness","Setup+1","Riddle With Holes+1","Terror","Footwork+1","Unload+1","Prepared","Bullet Time+1","Flying Knee","Prepared","Acrobatics"],"special_seed":0,"relics":["Ring of the Snake","PreservedInsect","Pear","Strawberry","War Paint","Empty Cage","Kunai"],"potions_floor_usage":[19],"damage_taken":[{"damage":1.0,"enemies":"2 Louse","floor":1.0,"turns":3.0},{"damage":2.0,"enemies":"Small Slimes","floor":5.0,"turns":6.0},{"damage":1.0,"enemies":"Cultist","floor":7.0,"turns":3.0},{"damage":24.0,"enemies":"Lagavulin","floor":8.0,"turns":7.0},{"damage":11.0,"enemies":"3 Louse","floor":11.0,"turns":5.0},{"damage":3.0,"enemies":"3 Sentries","floor":12.0,"turns":8.0},{"damage":7.0,"enemies":"Exordium Wildlife","floor":14.0,"turns":6.0},{"damage":11.0,"enemies":"Slime Boss","floor":16.0,"turns":15.0},{"damage":31,"enemies":"2 Thieves","floor":18,"turns":5},{"damage":14,"enemies":"Spheric Guardian","floor":19,"turns":6},{"damage":3,"enemies":"Snecko","floor":22,"turns":6},{"damage":50,"enemies":"Slavers","floor":24,"turns":4}],"seed_played":"1410448332541963301","potions_obtained":[{"floor":1.0,"key":"SpeedPotion"},{"floor":5.0,"key":"LiquidBronze"},{"floor":11.0,"key":"Energy Potion"},{"floor":14.0,"key":"GamblersBrew"}],"is_trial":false,"path_per_floor":["M","?","?","$","M","R","M","E","T","R","M","E","R","M","R","B",null,"M","M","?","?","M","R","E"],"character_chosen":"THE_SILENT","items_purchased":["PreservedInsect","Riddle With Holes"],"campfire_rested":0,"item_purchase_floors":[4,4],"current_hp_per_floor":[69,69,74,74,72,72,71,57,64,64,53,50,50,43,43,32,92,61,47,47,47,44,44,0],"gold":139,"neow_bonus":"RANDOM_COLORLESS","is_prod":false,"is_daily":false,"chose_seed":false,"campfire_upgraded":5,"win_rate":0,"timestamp":1567476520,"path_taken":["M","?","?","$","M","R","M","E","T","R","M","E","R","M","R","BOSS","M","M","?","?","M","R","E"],"build_version":"2019-07-17","purchased_purges":1,"victory":false,"max_hp_per_floor":[70,70,75,75,75,75,75,85,92,92,92,92,92,92,92,92,92,92,92,92,92,92,92,92],"card_choices":[{"not_picked":["Acrobatics","Dagger Throw"],"picked":"Setup","floor":1.0},{"not_picked":["Cloak And Dagger","Acrobatics"],"picked":"Terror","floor":5.0},{"not_picked":["Slice","Outmaneuver","Riddle With Holes"],"picked":"SKIP","floor":7.0},{"not_picked":["Slice","Outmaneuver","Riddle With Holes"],"picked":"SKIP","floor":7.0},{"not_picked":["Dagger Throw","Terror"],"picked":"Footwork","floor":8.0},{"not_picked":["Accuracy","Dagger Throw","Bane"],"picked":"SKIP","floor":11.0},{"not_picked":["Slice","Flying Knee"],"picked":"Unload","floor":12.0},{"not_picked":["Quick Slash","Accuracy"],"picked":"Prepared","floor":14.0},{"not_picked":["Doppelganger","Malaise"],"picked":"Bullet Time","floor":16.0},{"not_picked":["Flying Knee","Escape Plan+1","Riddle With Holes"],"picked":"SKIP","floor":18},{"not_picked":["Escape Plan+1","Riddle With Holes"],"picked":"Flying Knee","floor":18},{"not_picked":["Finisher","Eviscerate"],"picked":"Prepared","floor":19},{"not_picked":["Finisher","Poisoned Stab+1"],"picked":"Acrobatics","floor":22}],"player_experience":230265,"relics_obtained":[{"floor":8.0,"key":"Pear"},{"floor":9.0,"key":"Strawberry"},{"floor":12.0,"key":"War Paint"}],"event_choices":[{"damage_healed":0.0,"max_hp_gain":0.0,"max_hp_loss":0.0,"gold_gain":175.0,"event_name":"Liars Game","player_choice":"AGREE","floor":2.0,"gold_loss":0.0,"damage_taken":0.0,"cards_obtained":["Doubt"]},{"damage_healed":0.0,"max_hp_gain":5.0,"max_hp_loss":0.0,"gold_gain":0.0,"event_name":"Big Fish","player_choice":"Donut","floor":3.0,"gold_loss":0.0,"damage_taken":0.0},{"damage_healed":0,"gold_gain":0,"player_choice":"Obtained Relic","damage_taken":0,"relics_obtained":["Kunai"],"max_hp_gain":0,"max_hp_loss":0,"event_name":"Addict","floor":20,"gold_loss":85},{"damage_healed":0,"gold_gain":0,"player_choice":"Forge","damage_taken":0,"max_hp_gain":0,"max_hp_loss":0,"event_name":"Accursed Blacksmith","floor":21,"gold_loss":0,"cards_upgraded":["Unload"]}],"is_beta":false,"boss_relics":[{"not_picked":["Pandora\u0027s Box","Calling Bell"],"picked":"Empty Cage"}],"items_purged_floors":[4],"is_endless":false,"potions_floor_spawned":[1,5,11,14],"killed_by":"Slavers","ascension_level":0}