{"gold_per_floor":[115,115,127,127,145,145,164,189,189,205,130,130,163,179,179,254,254,266,266,279,279,194,194,194,194,194,211,211,240,6,23,23,97,97,107,107,125,138,138,138,169,169,169,169],"floor_reached":44,"playtime":2232,"items_purged":["Strike_R","Strike_R"],"score":932,"play_id":"35ca75a2-97eb-4dea-b96d-180f5f1612fb","local_time":"20190911224822","is_ascension_mode":true,"campfire_choices":[{"data":"Uppercut","floor":6.0,"key":"SMITH"},{"data":"Demon Form","floor":12,"key":"SMITH"},{"floor":15,"key":"REST"},{"data":"Berserk","floor":23,"key":"SMITH"},{"data":"Berserk","floor":25,"key":"SMITH"},{"floor":28,"key":"REST"},{"floor":32,"key":"REST"},{"data":"Heavy Blade","floor":40,"key":"SMITH"},{"floor":42,"key":"REST"}],"neow_cost":"NONE","seed_source_timestamp":196231033596400,"circlet_count":0,"master_deck":["AscendersBane","Strike_R","Defend_R","Defend_R","Defend_R","Defend_R","Bash+1","Cleave","Uppercut+1","Demon Form+1","Battle Trance","Flame Barrier+1","Bloodletting+1","Disarm+1","Berserk+1","Clothesline","Berserk+1","Seeing Red+1","Whirlwind","Uppercut","Bloodletting+1","Rupture","Offering+1","Heavy Blade+1","Dual Wield+1"],"special_seed":0,"relics":["Burning Blood","Ancient Tea Set","Toxic Egg 2","Letter Opener","Mummified Hand","Snecko Eye","Boot","Shuriken","Magic Flower","Lizard Tail","GremlinMask","Bag of Marbles","Gremlin Horn"],"potions_floor_usage":[8,20,31,31,31,31],"damage_taken":[{"damage":0.0,"enemies":"2 Louse","floor":1.0,"turns":4.0},{"damage":14.0,"enemies":"Small Slimes","floor":3.0,"turns":3.0},{"damage":9.0,"enemies":"Jaw Worm","floor":5.0,"turns":3.0},{"damage":17.0,"enemies":"Large Slime","floor":7.0,"turns":6.0},{"damage":30,"enemies":"Gremlin Nob","floor":8,"turns":4},{"damage":13,"enemies":"3 Louse","floor":10,"turns":3},{"damage":10,"enemies":"Lagavulin","floor":13,"turns":6},{"damage":4,"enemies":"Lots of Slimes","floor":14,"turns":4},{"damage":5,"enemies":"Hexaghost","floor":16,"turns":7},{"damage":2,"enemies":"Chosen","floor":18,"turns":4},{"damage":13,"enemies":"Shell Parasite","floor":20,"turns":5},{"damage":18,"enemies":"Snake Plant","floor":27,"turns":4},{"damage":7,"enemies":"Book of Stabbing","floor":29,"turns":3},{"damage":54,"enemies":"Cultist and Chosen","floor":31,"turns":4},{"damage":30,"enemies":"Automaton","floor":33,"turns":6},{"damage":13,"enemies":"Orb Walker","floor":35,"turns":3},{"damage":17,"enemies":"3 Shapes","floor":37,"turns":3},{"damage":59,"enemies":"Spire Growth","floor":38,"turns":4},{"damage":47,"enemies":"Nemesis","floor":41,"turns":6},{"damage":52,"enemies":"Writhing Mass","floor":44,"turns":3}],"seed_played":"1788016889708356290","potions_obtained":[{"floor":3.0,"key":"Energy Potion"},{"floor":10,"key":"LiquidBronze"},{"floor":13,"key":"GamblersBrew"},{"floor":16,"key":"Regen Potion"},{"floor":20,"key":"SpeedPotion"},{"floor":29,"key":"EntropicBrew"},{"floor":37,"key":"SteroidPotion"}],"is_trial":false,"path_per_floor":["M","?","M","?","M","R","M","E","T","M","$","R","E","M","R","B",null,"M","?","M","?","?","R","?","R","T","M","R","E","$","M","R","B",null,"M","?","M","M","?","R","E","R","T","M"],"character_chosen":"IRONCLAD","items_purchased":["Bloodletting+1","Rupture"],"campfire_rested":4,"item_purchase_floors":[30,30],"current_hp_per_floor":[74,74,66,66,63,63,52,28,28,21,21,21,17,19,41,42,67,71,71,75,75,75,75,54,54,54,42,66,65,65,20,44,23,66,62,62,54,66,66,66,28,52,52,0],"gold":169,"neow_bonus":"RANDOM_COMMON_RELIC","is_prod":false,"is_daily":false,"chose_seed":false,"campfire_upgraded":5,"win_rate":0,"timestamp":1568267302,"path_taken":["M","?","M","?","M","R","M","E","T","M","$","R","E","M","R","BOSS","M","?","M","?","?","R","?","R","T","M","R","E","$","M","R","BOSS","M","?","M","?","?","R","E","R","T","M"],"build_version":"2019-07-17","purchased_purges":2,"victory":false,"max_hp_per_floor":[75,75,75,75,75,75,75,75,75,75,75,75,75,75,75,75,75,75,75,75,75,75,75,80,80,80,80,80,80,80,80,80,80,80,80,80,80,80,80,80,80,80,80,80],"card_choices":[{"not_picked":["Twin Strike","Havoc"],"picked":"Cleave","floor":1.0},{"not_picked":["Body Slam","Headbutt"],"picked":"Uppercut","floor":3.0},{"not_picked":["Flex","Shrug It Off"],"picked":"Demon Form","floor":5.0},{"not_picked":["Dropkick","Shrug It Off"],"picked":"Battle Trance","floor":7.0},{"not_picked":["Bloodletting","Cleave","Searing Blow"],"picked":"SKIP","floor":8},{"not_picked":["Rampage","Uppercut"],"picked":"Flame Barrier+1","floor":10},{"not_picked":["Hemokinesis","Carnage"],"picked":"Bloodletting+1","floor":13},{"not_picked":["Body Slam","Feel No Pain"],"picked":"Disarm+1","floor":14},{"not_picked":["Demon Form","Double Tap+1"],"picked":"Berserk","floor":16},{"not_picked":["Flex+1","Clash"],"picked":"Clothesline","floor":18},{"not_picked":["Pommel Strike+1","Power Through+1","Whirlwind"],"picked":"SKIP","floor":20},{"not_picked":["Pommel Strike+1","Power Through+1"],"picked":"Whirlwind","floor":20},{"not_picked":["Anger","Sword Boomerang","Infernal Blade+1"],"picked":"SKIP","floor":27},{"not_picked":["Cleave","Feel No Pain"],"picked":"Uppercut","floor":29},{"not_picked":["Havoc+1","Twin Strike+1","Thunderclap"],"picked":"SKIP","floor":31},{"not_picked":["Immolate","Dark Embrace"],"picked":"Offering+1","floor":33},{"not_picked":["Thunderclap","Armaments+1"],"picked":"Heavy Blade","floor":35},{"not_picked":["Twin Strike","Spot Weakness+1"],"picked":"Dual Wield+1","floor":37},{"not_picked":["Spot Weakness+1","Combust+1","Evolve"],"picked":"SKIP","floor":38},{"not_picked":["Cleave+1","Clash","Warcry+1"],"picked":"SKIP","floor":41}],"player_experience":684636,"relics_obtained":[{"floor":8,"key":"Toxic Egg 2"},{"floor":9,"key":"Letter Opener"},{"floor":13,"key":"Mummified Hand"},{"floor":26,"key":"Shuriken"},{"floor":29,"key":"Magic Flower"},{"floor":41,"key":"Bag of Marbles"},{"floor":43,"key":"Gremlin Horn"}],"event_choices":[{"damage_healed":0.0,"max_hp_gain":0.0,"max_hp_loss":0.0,"gold_gain":0.0,"event_name":"Living Wall","player_choice":"Grow","floor":2.0,"gold_loss":0.0,"damage_taken":0.0,"cards_upgraded":["Bash"]},{"damage_healed":0.0,"max_hp_gain":0.0,"max_hp_loss":0.0,"gold_gain":0.0,"event_name":"Liars Game","player_choice":"Ignored","floor":4.0,"gold_loss":0.0,"damage_taken":0.0},{"damage_healed":0,"gold_gain":0,"cards_transformed":["Strike_R","Strike_R"],"player_choice":"Became Test Subject","damage_taken":0,"max_hp_gain":0,"max_hp_loss":0,"event_name":"Drug Dealer","floor":19,"gold_loss":0,"cards_obtained":["Berserk","Seeing Red"]},{"damage_healed":0,"gold_gain":0,"player_choice":"Ignored","damage_taken":0,"max_hp_gain":0,"max_hp_loss":0,"event_name":"Ghosts","floor":21,"gold_loss":0},{"damage_healed":0,"gold_gain":0,"player_choice":"Obtained Relic","damage_taken":0,"relics_obtained":["Boot"],"max_hp_gain":0,"max_hp_loss":0,"event_name":"Addict","floor":22,"gold_loss":85},{"damage_healed":0,"gold_gain":0,"player_choice":"Shed Blood","damage_taken":26,"max_hp_gain":5,"max_hp_loss":0,"event_name":"Forgotten Altar","floor":24,"gold_loss":0},{"damage_healed":0,"gold_gain":0,"player_choice":"Trade","damage_taken":0,"relics_obtained":["GremlinMask"],"max_hp_gain":0,"max_hp_loss":0,"event_name":"FaceTrader","floor":36,"gold_loss":0},{"damage_healed":0,"gold_gain":0,"player_choice":"Ignored","damage_taken":0,"max_hp_gain":0,"max_hp_loss":0,"event_name":"Tomb of Lord Red Mask","floor":39,"gold_loss":0}],"is_beta":false,"boss_relics":[{"not_picked":["Coffee Dripper","Sozu"],"picked":"Snecko Eye"},{"not_picked":["Black Star","White Beast Statue"],"picked":"Lizard Tail"}],"items_purged_floors":[11,30],"is_endless":false,"potions_floor_spawned":[3,10,13,14,16,20,29,37],"killed_by":"Writhing Mass","ascension_level":20}