{"gold_per_floor":[119,133,145,420,434,462,474,140,140,153,163,196,196,212,212,310,310,325,338,355,373,15,15,47,47,73,99,116,116,143,161,161,257,257,273,285,297,350,425,425],"floor_reached":40,"playtime":3797,"items_purged":["Regret","Strike_R"],"score":630,"play_id":"4bc857f5-dfc7-4763-8314-6067abb11556","local_time":"20181225224838","is_ascension_mode":true,"campfire_choices":[{"data":"Seeing Red","floor":13.0,"key":"SMITH"},{"floor":15.0,"key":"REST"},{"data":"Demon Form","floor":23.0,"key":"SMITH"},{"data":"Feed","floor":25.0,"key":"SMITH"},{"data":"Pommel Strike","floor":29.0,"key":"SMITH"},{"data":"Shrug It Off","floor":32.0,"key":"SMITH"}],"neow_cost":"NONE","seed_source_timestamp":0,"circlet_count":0,"master_deck":["Strike_R","Strike_R+1","Strike_R","Strike_R","Defend_R","Defend_R","Defend_R","Defend_R","Bash","Pommel Strike+1","Whirlwind","Shrug It Off+1","Seeing Red+1","Anger+1","Feed+1","Shrug It Off","Impervious","Inflame","Demon Form+1","Metallicize+1","Anger+1","Sword Boomerang+1","Shrug It Off+1","Flame Barrier+1","Infernal Blade+1","Offering+1","Shockwave+1"],"special_seed":0,"relics":["Burning Blood","Anchor","Bottled Lightning","Darkstone Periapt","Oddly Smooth Stone","Philosopher\u0027s Stone","Bottled Tornado","Toxic Egg 2","Whetstone","Torii","Shuriken","White Beast Statue","Magic Flower"],"potions_floor_usage":[36,38,38,40],"damage_taken":[{"damage":3.0,"enemies":"Jaw Worm","floor":1.0,"turns":4.0},{"damage":1.0,"enemies":"Cultist","floor":2.0,"turns":3.0},{"damage":5.0,"enemies":"Small Slimes","floor":3.0,"turns":3.0},{"damage":0.0,"enemies":"Gremlin Gang","floor":5.0,"turns":1.0},{"damage":40.0,"enemies":"Gremlin Nob","floor":6.0,"turns":5.0},{"damage":11.0,"enemies":"Large Slime","floor":7.0,"turns":5.0},{"damage":25.0,"enemies":"Exordium Thugs","floor":10.0,"turns":5.0},{"damage":7.0,"enemies":"2 Fungi Beasts","floor":11.0,"turns":3.0},{"damage":17.0,"enemies":"Lagavulin","floor":12.0,"turns":8.0},{"damage":3.0,"enemies":"Large Slime","floor":14.0,"turns":6.0},{"damage":28.0,"enemies":"The Guardian","floor":16.0,"turns":14.0},{"damage":0.0,"enemies":"3 Byrds","floor":18.0,"turns":3.0},{"damage":4.0,"enemies":"Shell Parasite","floor":19.0,"turns":7.0},{"damage":6.0,"enemies":"Shelled Parasite and Fungi","floor":20.0,"turns":5.0},{"damage":10.0,"enemies":"3 Cultists","floor":21.0,"turns":4.0},{"damage":23.0,"enemies":"Book of Stabbing","floor":24.0,"turns":5.0},{"damage":29.0,"enemies":"Slavers","floor":27.0,"turns":5.0},{"damage":7.0,"enemies":"Centurion and Healer","floor":28.0,"turns":3.0},{"damage":8.0,"enemies":"Book of Stabbing","floor":30.0,"turns":4.0},{"damage":0.0,"enemies":"Cultist and Chosen","floor":31.0,"turns":4.0},{"damage":31.0,"enemies":"Collector","floor":33.0,"turns":5.0},{"damage":10.0,"enemies":"Orb Walker","floor":35.0,"turns":3.0},{"damage":1,"enemies":"3 Shapes","floor":36,"turns":4},{"damage":7,"enemies":"Jaw Worm Horde","floor":37,"turns":3},{"damage":40,"enemies":"2 Orb Walkers","floor":38,"turns":4},{"damage":53,"enemies":"Reptomancer","floor":40,"turns":3}],"seed_played":"-7696020103669547960","potions_obtained":[{"floor":1.0,"key":"BloodPotion"},{"floor":2.0,"key":"Energy Potion"},{"floor":10.0,"key":"Explosive Potion"},{"floor":14.0,"key":"Dexterity Potion"},{"floor":19.0,"key":"Block Potion"},{"floor":20.0,"key":"AttackPotion"},{"floor":24.0,"key":"GamblersBrew"},{"floor":27.0,"key":"SkillPotion"},{"floor":28.0,"key":"FearPotion"},{"floor":35,"key":"Block Potion"},{"floor":36,"key":"LiquidBronze"},{"floor":37,"key":"SteroidPotion"},{"floor":38,"key":"GamblersBrew"}],"is_trial":false,"path_per_floor":["M","M","M","?","M","E","M","$","T","M","M","E","R","M","R","B",null,"M","M","M","M","$","R","E","R","T","E","M","R","E","M","R","B",null,"M","M","M","M","?","?","E"],"character_chosen":"IRONCLAD","items_purchased":["Bottled Lightning","Bottled Tornado"],"campfire_rested":1,"item_purchase_floors":[8,22],"current_hp_per_floor":[80,80,80,80,80,46,44,44,44,25,27,19,19,25,52,30,77,86,91,98,97,97,97,80,80,80,61,60,60,58,68,68,43,93,89,94,93,59,49,0],"gold":425,"neow_bonus":"THREE_CARDS","is_prod":false,"is_daily":false,"chose_seed":false,"campfire_upgraded":5,"win_rate":0,"timestamp":1545806918,"path_taken":["M","M","M","?","M","E","M","$","T","M","M","E","R","M","R","BOSS","M","M","?","M","$","R","E","R","T","E","M","R","E","M","R","BOSS","M","M","M","?","?","E"],"build_version":"2018-12-20","purchased_purges":2,"victory":false,"max_hp_per_floor":[80,80,80,80,80,80,83,83,83,83,86,89,89,92,92,92,92,95,98,98,101,101,101,101,101,101,105,105,105,105,109,109,109,109,109,109,109,109,109,109],"card_choices":[{"not_picked":["Bloodletting","Perfected Strike"],"picked":"Pommel Strike","floor":0.0},{"not_picked":["Searing Blow","Hemokinesis"],"picked":"Whirlwind","floor":1.0},{"not_picked":["Pommel Strike","Fire Breathing"],"picked":"Shrug It Off","floor":2.0},{"not_picked":["Clash","Sever Soul"],"picked":"Seeing Red","floor":3.0},{"not_picked":["Feel No Pain","Hemokinesis"],"picked":"Anger","floor":5.0},{"not_picked":["Anger","Reaper"],"picked":"Feed","floor":6.0},{"not_picked":["Iron Wave","Thunderclap"],"picked":"Shrug It Off","floor":7.0},{"not_picked":["Twin Strike","Bloodletting"],"picked":"Impervious","floor":10.0},{"not_picked":["Anger","Clothesline"],"picked":"Inflame","floor":11.0},{"not_picked":["Burning Pact","Iron Wave","Havoc"],"picked":"SKIP","floor":12.0},{"not_picked":["Rage","Cleave","Headbutt"],"picked":"SKIP","floor":14.0},{"not_picked":["Brutality","Impervious"],"picked":"Demon Form","floor":16.0},{"not_picked":["Battle Trance+1","Clothesline"],"picked":"Metallicize+1","floor":18.0},{"not_picked":["Cleave","Headbutt+1"],"picked":"Anger+1","floor":19.0},{"not_picked":["Blood for Blood","Armaments","Warcry"],"picked":"SKIP","floor":20.0},{"not_picked":["Havoc","Headbutt","Clothesline"],"picked":"SKIP","floor":21.0},{"not_picked":["Havoc","Headbutt","Clothesline"],"picked":"SKIP","floor":21.0},{"not_picked":["Power Through","Armaments","Brutality"],"picked":"SKIP","floor":24.0},{"not_picked":["Body Slam","Evolve"],"picked":"Sword Boomerang+1","floor":27.0},{"not_picked":["Havoc+1","Battle Trance+1"],"picked":"Shrug It Off+1","floor":28.0},{"not_picked":["Searing Blow","Battle Trance+1"],"picked":"Flame Barrier+1","floor":30.0},{"not_picked":["Thunderclap","Rage+1"],"picked":"Infernal Blade+1","floor":31.0},{"not_picked":["Barricade","Dark Embrace"],"picked":"Offering+1","floor":33.0},{"not_picked":["Clash+1","Shrug It Off+1"],"picked":"Shockwave+1","floor":35},{"not_picked":["Bloodletting+1","Carnage+1","Headbutt"],"picked":"SKIP","floor":36},{"not_picked":["Flex+1","Fire Breathing+1","True Grit+1"],"picked":"SKIP","floor":37}],"player_experience":263227,"relics_obtained":[{"floor":6.0,"key":"Anchor"},{"floor":9.0,"key":"Darkstone Periapt"},{"floor":12.0,"key":"Oddly Smooth Stone"},{"floor":24.0,"key":"Toxic Egg 2"},{"floor":26.0,"key":"Whetstone"},{"floor":27.0,"key":"Torii"},{"floor":30.0,"key":"Shuriken"},{"floor":38,"key":"Magic Flower"}],"event_choices":[{"damage_healed":0.0,"max_hp_gain":0.0,"max_hp_loss":0.0,"gold_gain":275.0,"event_name":"Golden Shrine","player_choice":"Desecrate","floor":4.0,"gold_loss":0.0,"damage_taken":0.0,"cards_obtained":["Regret"]},{"damage_healed":0,"gold_gain":0,"player_choice":"Fight","damage_taken":0,"max_hp_gain":0,"max_hp_loss":0,"event_name":"Mysterious Sphere","floor":38,"gold_loss":0},{"damage_healed":0,"gold_gain":75,"player_choice":"Touch","damage_taken":10,"max_hp_gain":0,"max_hp_loss":0,"event_name":"FaceTrader","floor":39,"gold_loss":0}],"is_beta":false,"boss_relics":[{"not_picked":["Astrolabe","Tiny House"],"picked":"Philosopher\u0027s Stone"},{"not_picked":["Velvet Choker","Snecko Eye"],"picked":"White Beast Statue"}],"items_purged_floors":[8,22],"is_endless":false,"potions_floor_spawned":[1,2,10,14,19,20,24,27,28,35,36,37,38],"killed_by":"Reptomancer","ascension_level":5}