{"gold_per_floor":[117,392,410,281,297,297,310,340,340,340,35,35],"floor_reached":12,"playtime":383,"items_purged":["Regret"],"score":156,"play_id":"813d3b63-d31d-40d0-a85f-1882236182f6","local_time":"20190916171409","is_ascension_mode":true,"campfire_choices":[{"data":"Rage","floor":6,"key":"SMITH"},{"data":"Uppercut","floor":10,"key":"SMITH"}],"neow_cost":"NONE","seed_source_timestamp":378797677045300,"circlet_count":0,"master_deck":["AscendersBane","Strike_R","Strike_R","Strike_R","Strike_R","Strike_R","Defend_R","Defend_R","Defend_R","Defend_R","Bash","Brutality","Rage","Body Slam","Anger","Rage+1","Inflame","Uppercut+1","Shrug It Off"],"relics":["Burning Blood","Art of War","Singing Bowl","Frozen Egg 2"],"potions_floor_usage":[8],"damage_taken":[{"damage":8,"enemies":"Jaw Worm","floor":1,"turns":5},{"damage":23,"enemies":"Cultist","floor":3,"turns":5},{"damage":7,"enemies":"2 Louse","floor":5,"turns":4},{"damage":13,"enemies":"Blue Slaver","floor":7,"turns":5},{"damage":34,"enemies":"Lagavulin","floor":8,"turns":7},{"damage":24,"enemies":"3 Sentries","floor":12,"turns":6}],"seed_played":"4081808180258796888","potions_obtained":[{"floor":7,"key":"Regen Potion"}],"is_trial":false,"path_per_floor":["M","?","M","$","M","R","M","E","T","R","$","E"],"character_chosen":"IRONCLAD","items_purchased":["Anger","Frozen Egg 2","Shrug It Off"],"campfire_rested":0,"item_purchase_floors":[4,11,11],"current_hp_per_floor":[66,66,49,49,48,48,41,28,28,28,28,4],"gold":35,"neow_bonus":"ONE_RANDOM_RARE_CARD","is_prod":false,"is_daily":false,"chose_seed":false,"campfire_upgraded":2,"win_rate":0,"timestamp":1568679249,"path_taken":["M","?","?","$","M","R","M","E","T","R","$","E"],"build_version":"2019-07-17","purchased_purges":1,"victory":false,"max_hp_per_floor":[75,75,75,75,75,75,75,75,75,75,75,75],"card_choices":[{"not_picked":["Cleave","Infernal Blade"],"picked":"Rage","floor":1},{"not_picked":["Carnage","Sword Boomerang"],"picked":"Body Slam","floor":3},{"not_picked":["Dropkick","Infernal Blade"],"picked":"Rage","floor":5},{"not_picked":["Uppercut","Sever Soul"],"picked":"Inflame","floor":7},{"not_picked":["Clash","Cleave"],"picked":"Uppercut","floor":8}],"player_experience":788944,"relics_obtained":[{"floor":8,"key":"Art of War"},{"floor":9,"key":"Singing Bowl"}],"event_choices":[{"damage_healed":0,"gold_gain":275,"player_choice":"Desecrate","damage_taken":0,"max_hp_gain":0,"max_hp_loss":0,"event_name":"Golden Shrine","floor":2,"gold_loss":0,"cards_obtained":["Regret"]}],"is_beta":false,"boss_relics":[],"items_purged_floors":[4],"is_endless":false,"potions_floor_spawned":[7],"killed_by":"3 Sentries","ascension_level":20}