{"gold_per_floor":[119,130,142,36,36,53,87,87,112,123,157,157,188,208,208,304,304,322,337,18,18,18,43,43,59,59,70,86,1,30,49,49,152,152,166,11,31,51,62,96,96,116,116,141,159,159,213,109,109,109],"floor_reached":50,"playtime":10939,"items_purged":[],"score":616,"play_id":"4754448a-a15d-48de-ae9a-d35e3930b037","local_time":"20190901005341","is_ascension_mode":false,"campfire_choices":[{"floor":8,"key":"REST"},{"floor":15,"key":"REST"},{"data":"Noxious Fumes","floor":24,"key":"SMITH"},{"data":"A Thousand Cuts","floor":32,"key":"SMITH"},{"floor":41,"key":"RECALL"},{"data":"Bullet Time","floor":49,"key":"SMITH"}],"neow_cost":"NONE","seed_source_timestamp":346133450426731,"circlet_count":0,"master_deck":["Strike_G+1","Strike_G+1","Defend_G","Defend_G","Defend_G+1","Defend_G","Defend_G","Survivor","Neutralize","Dramatic Entrance","Crippling Poison","Dodge and Roll+1","PiercingWail","Blur","Caltrops","Backflip","Dagger Spray","A Thousand Cuts+1","Grand Finale","After Image","Deadly Poison","Bullet Time+1","Backflip+1","Accuracy","Noxious Fumes+1","Adrenaline","Deflect","Deflect","Blade Dance","Adrenaline","Blur+1","Envenom","PiercingWail+1","Well Laid Plans","Well Laid Plans","Skewer","PiercingWail+1","Footwork","Blur"],"relics":["Ring of the Snake","Lantern","Whetstone","Oddly Smooth Stone","Juzu Bracelet","Philosopher\u0027s Stone","Singing Bowl","Potion Belt","Pear","Dream Catcher","PreservedInsect","Coffee Dripper","Orichalcum","Mercury Hourglass","Ice Cream","Nunchaku"],"potions_floor_usage":[7,11,25,30,35,35,44,45,50,50,50],"damage_taken":[{"damage":2,"enemies":"Small Slimes","floor":1,"turns":4},{"damage":0,"enemies":"Jaw Worm","floor":2,"turns":4},{"damage":0,"enemies":"2 Louse","floor":3,"turns":2},{"damage":0,"enemies":"Blue Slaver","floor":6,"turns":4},{"damage":11,"enemies":"3 Sentries","floor":7,"turns":8},{"damage":0,"enemies":"Lots of Slimes","floor":10,"turns":3},{"damage":13,"enemies":"Lagavulin","floor":11,"turns":10},{"damage":13,"enemies":"3 Sentries","floor":13,"turns":7},{"damage":0,"enemies":"Exordium Thugs","floor":14,"turns":5},{"damage":15,"enemies":"Hexaghost","floor":16,"turns":12},{"damage":6,"enemies":"2 Thieves","floor":18,"turns":5},{"damage":0,"enemies":"3 Byrds","floor":19,"turns":6},{"damage":14,"enemies":"Slavers","floor":23,"turns":6},{"damage":10,"enemies":"Snake Plant","floor":25,"turns":4},{"damage":2,"enemies":"Sentry and Sphere","floor":27,"turns":7},{"damage":0,"enemies":"Snecko","floor":28,"turns":6},{"damage":7,"enemies":"Gremlin Leader","floor":30,"turns":6},{"damage":0,"enemies":"Shelled Parasite and Fungi","floor":31,"turns":6},{"damage":15,"enemies":"Automaton","floor":33,"turns":11},{"damage":16,"enemies":"3 Darklings","floor":35,"turns":3},{"damage":3,"enemies":"Orb Walker","floor":37,"turns":4},{"damage":19,"enemies":"Jaw Worm Horde","floor":38,"turns":4},{"damage":8,"enemies":"Maw","floor":39,"turns":8},{"damage":4,"enemies":"Nemesis","floor":40,"turns":7},{"damage":0,"enemies":"4 Shapes","floor":42,"turns":7},{"damage":5,"enemies":"Giant Head","floor":44,"turns":9},{"damage":14,"enemies":"Transient","floor":45,"turns":5},{"damage":33,"enemies":"2 Orb Walkers","floor":47,"turns":6},{"damage":46,"enemies":"Time Eater","floor":50,"turns":8}],"seed_played":"7214329742597294903","potions_obtained":[{"floor":3,"key":"AttackPotion"},{"floor":10,"key":"Weak Potion"},{"floor":14,"key":"FairyPotion"},{"floor":18,"key":"Energy Potion"},{"floor":23,"key":"Regen Potion"},{"floor":27,"key":"SteroidPotion"},{"floor":33,"key":"Explosive Potion"},{"floor":38,"key":"Fire Potion"},{"floor":39,"key":"FearPotion"},{"floor":42,"key":"Block Potion"},{"floor":47,"key":"Poison Potion"}],"is_trial":false,"path_per_floor":["M","M","M","$","?","M","E","R","T","M","E","?","E","M","R","B",null,"M","M","$","?","?","E","R","M","T","M","M","?","E","M","R","B",null,"M","$","M","M","M","E","R","M","T","E","M","?","?","$","R","B"],"character_chosen":"THE_SILENT","items_purchased":["PiercingWail","Blur","Singing Bowl","Noxious Fumes","GhostInAJar","Well Laid Plans","Footwork","Blur"],"campfire_rested":2,"item_purchase_floors":[4,4,20,20,36,36,48,48],"current_hp_per_floor":[68,68,68,68,54,54,43,64,64,64,51,51,38,38,59,44,70,64,64,64,64,64,52,52,56,66,64,64,64,57,57,57,42,84,68,68,65,46,40,38,38,38,38,35,23,23,11,11,11,0],"gold":109,"neow_bonus":"RANDOM_COLORLESS","is_prod":false,"is_daily":false,"chose_seed":false,"campfire_upgraded":3,"win_rate":0,"timestamp":1567313621,"path_taken":["M","M","M","$","?","M","E","R","T","M","E","?","E","M","R","BOSS","M","M","$","?","?","E","R","M","T","M","M","?","E","M","R","BOSS","M","$","M","M","M","E","R","M","T","E","M","?","?","$","R","BOSS"],"build_version":"2019-07-17","purchased_purges":0,"victory":false,"max_hp_per_floor":[70,70,70,70,70,70,70,70,70,70,70,70,70,70,70,70,70,70,70,70,70,70,72,72,74,84,84,84,84,84,84,84,84,84,84,84,84,84,86,88,88,88,88,90,92,92,94,94,94,94],"card_choices":[{"not_picked":["Flying Knee","Endless Agony"],"picked":"Crippling Poison","floor":1},{"not_picked":["Poisoned Stab","Accuracy"],"picked":"Dodge and Roll","floor":2},{"not_picked":["Underhanded Strike","Cloak And Dagger","Blade Dance"],"picked":"SKIP","floor":3},{"not_picked":["Flechettes","Skewer"],"picked":"Caltrops","floor":6},{"not_picked":["Distraction","Cloak And Dagger"],"picked":"Backflip","floor":7},{"not_picked":["Underhanded Strike","Outmaneuver"],"picked":"Dagger Spray","floor":10},{"not_picked":["Flying Knee","Setup"],"picked":"A Thousand Cuts","floor":11},{"not_picked":["Bane","Dagger Throw"],"picked":"After Image","floor":13},{"not_picked":["Concentrate","Slice"],"picked":"Deadly Poison","floor":14},{"not_picked":["Venomology","Storm of Steel"],"picked":"Bullet Time","floor":16},{"not_picked":["Deflect+1","Predator"],"picked":"Backflip+1","floor":18},{"not_picked":["Prepared+1","Quick Slash"],"picked":"Accuracy","floor":19},{"not_picked":["Heel Hook","Masterful Stab","Storm of Steel"],"picked":"Singing Bowl","floor":23},{"not_picked":["Prepared","Reflex","Escape Plan"],"picked":"Singing Bowl","floor":25},{"not_picked":["Dagger Throw","Choke+1"],"picked":"Deflect","floor":27},{"not_picked":["Outmaneuver+1","Blur"],"picked":"Blade Dance","floor":28},{"not_picked":["Grand Finale","Riddle With Holes"],"picked":"Adrenaline","floor":30},{"not_picked":["Flying Knee+1","Distraction"],"picked":"Blur+1","floor":31},{"not_picked":["Wraith Form v2","After Image"],"picked":"Envenom","floor":33},{"not_picked":["Dagger Throw","Concentrate+1"],"picked":"PiercingWail+1","floor":35},{"not_picked":["Acrobatics+1","Sucker Punch+1"],"picked":"Well Laid Plans","floor":37},{"not_picked":["Tools of the Trade","All Out Attack+1"],"picked":"Skewer","floor":38},{"not_picked":["Flying Knee","Deflect","Crippling Poison"],"picked":"Singing Bowl","floor":39},{"not_picked":["Sucker Punch+1","Well Laid Plans","Tactician"],"picked":"Singing Bowl","floor":40},{"not_picked":["Blade Dance","Deflect+1"],"picked":"PiercingWail+1","floor":42},{"not_picked":["Blur","Outmaneuver+1","Calculated Gamble"],"picked":"Singing Bowl","floor":44},{"not_picked":["Dagger Throw+1","Cloak And Dagger","Caltrops"],"picked":"Singing Bowl","floor":45},{"not_picked":["Quick Slash+1","Deadly Poison+1","Glass Knife"],"picked":"Singing Bowl","floor":47}],"player_experience":210072,"relics_obtained":[{"floor":7,"key":"Lantern"},{"floor":9,"key":"Whetstone"},{"floor":11,"key":"Oddly Smooth Stone"},{"floor":13,"key":"Juzu Bracelet"},{"floor":23,"key":"Potion Belt"},{"floor":26,"key":"Pear"},{"floor":30,"key":"PreservedInsect"},{"floor":40,"key":"Orichalcum"},{"floor":43,"key":"Mercury Hourglass"},{"floor":44,"key":"Ice Cream"},{"floor":47,"key":"Nunchaku"}],"event_choices":[{"damage_healed":0,"gold_gain":0,"player_choice":"Entered Light","damage_taken":14,"max_hp_gain":0,"max_hp_loss":0,"event_name":"Shining Light","floor":5,"gold_loss":0,"cards_upgraded":["Dodge and Roll","Defend_G"]},{"damage_healed":0,"gold_gain":0,"cards_transformed":["Strike_G"],"player_choice":"Change","damage_taken":0,"max_hp_gain":0,"max_hp_loss":0,"event_name":"Living Wall","floor":12,"gold_loss":0,"cards_obtained":["Grand Finale"]},{"damage_healed":0,"gold_gain":0,"player_choice":"Ignored","damage_taken":0,"max_hp_gain":0,"max_hp_loss":0,"event_name":"The Mausoleum","floor":21,"gold_loss":0},{"damage_healed":0,"gold_gain":0,"cards_transformed":["Strike_G","Strike_G"],"player_choice":"Became Test Subject","damage_taken":0,"max_hp_gain":0,"max_hp_loss":0,"event_name":"Drug Dealer","floor":22,"gold_loss":0,"cards_obtained":["Adrenaline","Deflect"]},{"damage_healed":0,"gold_gain":0,"player_choice":"Obtained Relic","damage_taken":0,"relics_obtained":["Dream Catcher"],"max_hp_gain":0,"max_hp_loss":0,"event_name":"Addict","floor":29,"gold_loss":85},{"damage_healed":0,"gold_gain":0,"player_choice":"Ignored","damage_taken":0,"max_hp_gain":0,"max_hp_loss":0,"event_name":"Tomb of Lord Red Mask","floor":46,"gold_loss":0},{"damage_healed":0,"gold_gain":0,"player_choice":"Fight","damage_taken":0,"max_hp_gain":0,"max_hp_loss":0,"event_name":"Mysterious Sphere","floor":47,"gold_loss":0}],"is_beta":false,"boss_relics":[{"not_picked":["HoveringKite","Ring of the Serpent"],"picked":"Philosopher\u0027s Stone"},{"not_picked":["Pandora\u0027s Box","Lizard Tail"],"picked":"Coffee Dripper"}],"items_purged_floors":[],"is_endless":false,"potions_floor_spawned":[3,10,14,18,23,27,33,38,39,42,47],"killed_by":"Time Eater","ascension_level":0}