{"gold_per_floor":[115,131,306,27,27,58,58,81,106,106,130,10,49,14,14,14],"floor_reached":16,"playtime":1051,"items_purged":["Doubt"],"score":219,"play_id":"d7281d43-e318-4105-b387-3b2f2677b5f3","local_time":"20190217142356","is_ascension_mode":true,"campfire_choices":[{"data":"Genetic Algorithm","floor":7,"key":"SMITH"},{"floor":15,"key":"REST"}],"neow_cost":"NONE","seed_source_timestamp":141563199233202,"circlet_count":0,"master_deck":["AscendersBane","Strike_B","Strike_B","Strike_B","Strike_B","Defend_B","Defend_B","Defend_B","Defend_B","Zap","Dualcast","Genetic Algorithm+1","Coolheaded","Glacier","Redo","Creative AI","Bandage Up","Gash","Genetic Algorithm+1"],"relics":["Cracked Core","NeowsBlessing","Membership Card","Golden Idol","Potion Belt","Pen Nib","Toxic Egg 2","Vajra"],"potions_floor_usage":[11,16],"damage_taken":[{"damage":0,"enemies":"Jaw Worm","floor":1,"turns":1},{"damage":0,"enemies":"2 Louse","floor":2,"turns":1},{"damage":0,"enemies":"3 Sentries","floor":6,"turns":1},{"damage":3,"enemies":"Cultist","floor":8,"turns":4},{"damage":15,"enemies":"Large Slime","floor":11,"turns":8},{"damage":48,"enemies":"Gremlin Nob","floor":13,"turns":6},{"damage":49,"enemies":"Hexaghost","floor":16,"turns":15}],"seed_played":"8482215179077161348","potions_obtained":[{"floor":8,"key":"GamblersBrew"},{"floor":13,"key":"SpeedPotion"}],"is_trial":false,"path_per_floor":["M","M","?","$","?","E","R","M","T","?","M","$","E","?","R","B"],"character_chosen":"DEFECT","items_purchased":["Membership Card","Glacier","Toxic Egg 2"],"campfire_rested":1,"item_purchase_floors":[4,4,12],"current_hp_per_floor":[68,68,68,68,68,68,68,65,65,65,54,54,6,23,43,0],"gold":14,"neow_bonus":"THREE_ENEMY_KILL","is_prod":false,"is_daily":false,"chose_seed":false,"campfire_upgraded":1,"win_rate":0,"timestamp":1550442236,"path_taken":["M","M","?","$","?","E","R","M","T","?","?","$","E","?","R","BOSS"],"build_version":"2019-01-23","purchased_purges":1,"victory":false,"max_hp_per_floor":[75,75,75,75,69,69,69,69,69,69,69,69,69,69,69,69],"card_choices":[{"not_picked":["Beam Cell","Tempest"],"picked":"Genetic Algorithm","floor":1},{"not_picked":["Redo","Beam Cell"],"picked":"Coolheaded","floor":2},{"not_picked":["Go for the Eyes","Storm"],"picked":"Redo","floor":6},{"not_picked":["Sweeping Beam","Streamline"],"picked":"Creative AI","floor":8},{"not_picked":["Go for the Eyes","Compile Driver"],"picked":"Gash","floor":11},{"not_picked":["Stack+1","Consume+1"],"picked":"Genetic Algorithm+1","floor":13}],"player_experience":657728,"relics_obtained":[{"floor":6,"key":"Potion Belt"},{"floor":9,"key":"Pen Nib"},{"floor":13,"key":"Vajra"}],"event_choices":[{"damage_healed":0,"gold_gain":175,"player_choice":"AGREE","damage_taken":0,"max_hp_gain":0,"max_hp_loss":0,"event_name":"Liars Game","floor":3,"gold_loss":0,"cards_obtained":["Doubt"]},{"damage_healed":0,"gold_gain":0,"player_choice":"Lose Max HP","damage_taken":0,"relics_obtained":["Golden Idol"],"max_hp_gain":0,"max_hp_loss":6,"event_name":"Golden Idol","floor":5,"gold_loss":0},{"damage_healed":0,"gold_gain":0,"player_choice":"1 cards matched","damage_taken":0,"max_hp_gain":0,"max_hp_loss":0,"event_name":"Match and Keep!","floor":10,"gold_loss":0,"cards_obtained":["Bandage Up"]},{"damage_healed":17,"gold_gain":0,"player_choice":"Healed","damage_taken":0,"max_hp_gain":0,"max_hp_loss":0,"event_name":"The Cleric","floor":14,"gold_loss":35}],"is_beta":false,"boss_relics":[],"items_purged_floors":[4],"is_endless":false,"potions_floor_spawned":[8,13],"killed_by":"Hexaghost","ascension_level":13}