{"gold_per_floor":[115,131,151,151,218,218,253,253,322,372,372,382,432,94,94,169,169,188,238,251,351,401,401,461,474,474,474,540,555,555],"floor_reached":30,"playtime":2148,"items_purged":["Regret"],"score":477,"play_id":"f64a480a-512f-4003-9b99-24d2c55d47a1","local_time":"20190406222100","is_ascension_mode":true,"campfire_choices":[{"data":"Sunder","floor":6,"key":"SMITH"},{"data":"Dark Shackles","floor":8,"key":"SMITH"},{"floor":11,"key":"REST"},{"data":"Thunder Strike","floor":15,"key":"SMITH"},{"data":"Defragment","floor":23,"key":"SMITH"},{"floor":27,"key":"REST"}],"neow_cost":"TEN_PERCENT_HP_LOSS","seed_source_timestamp":345887478255725,"circlet_count":0,"master_deck":["AscendersBane","Defend_B","Defend_B+1","Defend_B","Defend_B","Zap","Dualcast","Dark Shackles+1","Purity","Tempest","Genetic Algorithm+1","Ball Lightning","Sunder+1","Glacier","Thunder Strike+1","Static Discharge","Biased Cognition","Tempest+1","Bite","Bite","Bite","Bite","Bite","Defragment+1","Glacier"],"relics":["Cracked Core","SsserpentHead","Peace Pipe","Dodecahedron","War Paint","Runic Capacitor","Eternal Feather","Pear"],"potions_floor_usage":[5,7,18,30,30],"damage_taken":[{"damage":7,"enemies":"Jaw Worm","floor":1,"turns":4},{"damage":1,"enemies":"Cultist","floor":2,"turns":4},{"damage":11,"enemies":"2 Louse","floor":3,"turns":3},{"damage":10,"enemies":"Large Slime","floor":5,"turns":4},{"damage":25,"enemies":"3 Sentries","floor":7,"turns":5},{"damage":6,"enemies":"Looter","floor":12,"turns":3},{"damage":18,"enemies":"Hexaghost","floor":16,"turns":10},{"damage":5,"enemies":"3 Byrds","floor":18,"turns":4},{"damage":10,"enemies":"2 Thieves","floor":20,"turns":4},{"damage":21,"enemies":"Sentry and Sphere","floor":24,"turns":5},{"damage":19,"enemies":"Snecko","floor":25,"turns":5},{"damage":18,"enemies":"Centurion and Healer","floor":28,"turns":6},{"damage":19,"enemies":"Snake Plant","floor":29,"turns":3},{"damage":21,"enemies":"Slavers","floor":30,"turns":2}],"seed_played":"5484466490584348146","potions_obtained":[{"floor":2,"key":"GamblersBrew"},{"floor":5,"key":"Strength Potion"},{"floor":16,"key":"GamblersBrew"},{"floor":20,"key":"AttackPotion"},{"floor":28,"key":"FearPotion"},{"floor":29,"key":"Weak Potion"}],"is_trial":false,"path_per_floor":["M","M","M","?","M","R","E","R","T","?","R","M","?","$","R","B",null,"M","?","M","?","?","R","M","M","T","R","M","M","E"],"character_chosen":"DEFECT","items_purchased":["Runic Capacitor","Static Discharge"],"campfire_rested":2,"item_purchase_floors":[14,14],"current_hp_per_floor":[57,56,45,45,35,35,10,10,10,10,29,23,23,23,23,5,49,44,44,38,38,32,44,23,12,22,50,36,17,0],"gold":555,"neow_bonus":"RANDOM_COLORLESS_2","is_prod":false,"is_daily":false,"chose_seed":false,"campfire_upgraded":4,"win_rate":0,"timestamp":1554603660,"path_taken":["M","M","M","?","?","R","E","R","T","?","R","M","?","$","R","BOSS","M","?","M","?","?","R","?","M","T","R","?","M","E"],"build_version":"2019-01-23","purchased_purges":1,"victory":false,"max_hp_per_floor":[64,64,64,64,64,64,64,64,64,64,64,64,64,64,64,64,64,64,44,44,44,44,44,44,44,54,54,54,54,54],"card_choices":[{"not_picked":["Blizzard","Cold Snap"],"picked":"Tempest","floor":1},{"not_picked":["Rebound","Scrape"],"picked":"Genetic Algorithm","floor":2},{"not_picked":["Stack","Hologram"],"picked":"Ball Lightning","floor":3},{"not_picked":["Turbo","Streamline"],"picked":"Sunder","floor":5},{"not_picked":["Redo","Darkness"],"picked":"Glacier","floor":7},{"not_picked":["Steam Power","Turbo"],"picked":"Thunder Strike","floor":12},{"not_picked":["All For One","Hyperbeam"],"picked":"Biased Cognition","floor":16},{"not_picked":["Steam","Genetic Algorithm"],"picked":"Tempest+1","floor":18},{"not_picked":["Self Repair","Conserve Battery"],"picked":"Defragment","floor":20},{"not_picked":["Force Field+1","Steam","Cold Snap+1"],"picked":"SKIP","floor":24},{"not_picked":["Compile Driver","Sunder","Hologram+1"],"picked":"SKIP","floor":25},{"not_picked":["Streamline","Steam Power","Conserve Battery"],"picked":"SKIP","floor":28},{"not_picked":["Turbo","Beam Cell"],"picked":"Glacier","floor":29}],"player_experience":837342,"relics_obtained":[{"floor":7,"key":"Peace Pipe"},{"floor":9,"key":"Dodecahedron"},{"floor":26,"key":"Pear"}],"event_choices":[{"damage_healed":0,"gold_gain":0,"player_choice":"Trade","damage_taken":0,"relics_obtained":["SsserpentHead"],"max_hp_gain":0,"max_hp_loss":0,"event_name":"FaceTrader","floor":4,"gold_loss":0},{"damage_healed":0,"gold_gain":0,"player_choice":"Ignored","damage_taken":0,"max_hp_gain":0,"max_hp_loss":0,"event_name":"Shining Light","floor":10,"gold_loss":0},{"damage_healed":0,"gold_gain":0,"player_choice":"Box","damage_taken":0,"relics_obtained":["War Paint"],"max_hp_gain":0,"max_hp_loss":0,"event_name":"Big Fish","floor":13,"gold_loss":0,"cards_obtained":["Regret"]},{"damage_healed":0,"gold_gain":0,"player_choice":"Became a vampire","damage_taken":0,"max_hp_gain":0,"max_hp_loss":20,"event_name":"Vampires","floor":19,"gold_loss":0,"cards_obtained":["Bite","Bite","Bite","Bite","Bite"]},{"damage_healed":0,"gold_gain":50,"player_choice":"Stole From Cult","damage_taken":0,"max_hp_gain":0,"max_hp_loss":0,"event_name":"Nest","floor":21,"gold_loss":0},{"damage_healed":0,"gold_gain":0,"player_choice":"","damage_taken":6,"max_hp_gain":0,"max_hp_loss":0,"event_name":"Knowing Skull","floor":22,"potions_obtained":[],"gold_loss":0,"cards_obtained":[]}],"is_beta":false,"boss_relics":[{"not_picked":["Black Star","Orrery"],"picked":"Eternal Feather"}],"items_purged_floors":[14],"is_endless":false,"potions_floor_spawned":[2,5,16,20,28,29],"killed_by":"Slavers","ascension_level":19}