{"gold_per_floor":[115,14,24,42,62,95,105,105,129,158,173,173,202,214,214,316,316,334,136,153,170,190,190,190,190,190,190,216,216,227,244,244,244],"floor_reached":33,"playtime":2354,"items_purged":["Pain","Strike_B"],"score":306,"play_id":"5544b5eb-f3cd-4608-86ef-46acb438184f","local_time":"20190112003121","is_ascension_mode":false,"campfire_choices":[{"data":"Go for the Eyes","floor":8,"key":"SMITH"},{"floor":12,"key":"REST"},{"data":"White Noise","floor":15,"key":"SMITH"},{"data":"Blind","floor":23,"key":"SMITH"},{"floor":25,"key":"RECALL"},{"floor":29,"key":"REST"},{"floor":32,"key":"REST"}],"neow_cost":"CURSE","seed_source_timestamp":516323536476366,"circlet_count":0,"master_deck":["Strike_B","Strike_B","Strike_B","Defend_B","Defend_B","Defend_B","Defend_B","Zap","Dualcast","Gash","Go for the Eyes+1","Gash","Gash","White Noise+1","BootSequence","Core Surge","Gash","Blind+1","Leap"],"relics":["Cracked Core","Unceasing Top","Potion Belt","Pen Nib","Odd Mushroom","Strawberry","Busted Crown","PreservedInsect"],"potions_floor_usage":[6,7,13,13,22,28,30,30,33],"damage_taken":[{"damage":5,"enemies":"Small Slimes","floor":1,"turns":3},{"damage":1,"enemies":"2 Louse","floor":3,"turns":2},{"damage":1,"enemies":"Jaw Worm","floor":4,"turns":4},{"damage":0,"enemies":"Looter","floor":5,"turns":2},{"damage":17,"enemies":"Gremlin Nob","floor":6,"turns":4},{"damage":0,"enemies":"Lots of Slimes","floor":7,"turns":1},{"damage":22,"enemies":"The Mushroom Lair","floor":10,"turns":4},{"damage":7,"enemies":"2 Fungi Beasts","floor":11,"turns":3},{"damage":9,"enemies":"Lagavulin","floor":13,"turns":4},{"damage":0,"enemies":"Looter","floor":14,"turns":2},{"damage":40,"enemies":"Hexaghost","floor":16,"turns":9},{"damage":12,"enemies":"2 Thieves","floor":18,"turns":3},{"damage":10,"enemies":"Spheric Guardian","floor":20,"turns":3},{"damage":5,"enemies":"Shelled Parasite and Fungi","floor":21,"turns":3},{"damage":6,"enemies":"Centurion and Healer","floor":22,"turns":4},{"damage":3,"enemies":"Colosseum Slavers","floor":24,"turns":3},{"damage":41,"enemies":"Slavers","floor":28,"turns":6},{"damage":13,"enemies":"Snecko","floor":30,"turns":6},{"damage":1,"enemies":"3 Cultists","floor":31,"turns":4},{"damage":60,"enemies":"Automaton","floor":33,"turns":6}],"seed_played":"2776025490390003470","potions_obtained":[{"floor":1,"key":"Explosive Potion"},{"floor":3,"key":"EssenceOfSteel"},{"floor":10,"key":"EssenceOfSteel"},{"floor":11,"key":"Swift Potion"},{"floor":13,"key":"Energy Potion"},{"floor":18,"key":"Poison Potion"},{"floor":21,"key":"Regen Potion"},{"floor":28,"key":"Swift Potion"},{"floor":30,"key":"Strength Potion"}],"is_trial":false,"path_per_floor":["M","$","M","M","M","E","M","R","T","?","M","R","E","M","R","B",null,"M","$","M","M","M","R","?","R","T","?","E","R","M","M","R","B"],"character_chosen":"DEFECT","items_purchased":["Go for the Eyes","Blind"],"campfire_rested":3,"item_purchase_floors":[2,19],"current_hp_per_floor":[70,70,69,68,68,51,51,51,51,29,22,44,42,42,42,2,82,70,70,60,55,61,61,58,58,58,58,17,41,28,27,51,0],"gold":244,"neow_bonus":"ONE_RARE_RELIC","is_prod":false,"is_daily":false,"chose_seed":false,"campfire_upgraded":3,"win_rate":0,"timestamp":1547281881,"path_taken":["M","$","M","M","M","E","M","R","T","?","M","R","E","M","R","BOSS","M","$","M","M","M","R","?","R","T","?","E","R","M","M","R","BOSS"],"build_version":"2019-01-10","purchased_purges":2,"victory":false,"max_hp_per_floor":[75,75,75,75,75,75,75,75,75,75,75,75,82,82,82,82,82,82,82,82,82,82,82,82,82,82,82,82,82,82,82,82,82],"card_choices":[{"not_picked":["Go for the Eyes","Storm"],"picked":"Gash","floor":1},{"not_picked":["Barrage","Sweeping Beam","Tempest"],"picked":"SKIP","floor":3},{"not_picked":["Conserve Battery","Cold Snap"],"picked":"Gash","floor":4},{"not_picked":["Defragment","Capacitor","Coolheaded"],"picked":"SKIP","floor":5},{"not_picked":["Compile Driver","Meteor Strike","Glacier"],"picked":"SKIP","floor":6},{"not_picked":["Skim","Auto Shields"],"picked":"Gash","floor":7},{"not_picked":["Sweeping Beam","Reinforced Body"],"picked":"White Noise","floor":10},{"not_picked":["Turbo","Blizzard","Ball Lightning"],"picked":"SKIP","floor":11},{"not_picked":["Double Energy","Sunder"],"picked":"BootSequence","floor":13},{"not_picked":["Redo","Barrage","Cold Snap"],"picked":"SKIP","floor":14},{"not_picked":["Echo Form","Amplify"],"picked":"Core Surge","floor":16},{"not_picked":[],"picked":"Gash","floor":18},{"not_picked":["Barrage"],"picked":"SKIP","floor":20},{"not_picked":["Streamline"],"picked":"SKIP","floor":21},{"not_picked":["Biased Cognition"],"picked":"SKIP","floor":22},{"not_picked":["Reinforced Body"],"picked":"SKIP","floor":28},{"not_picked":[],"picked":"Leap","floor":30},{"not_picked":["Undo"],"picked":"SKIP","floor":31}],"player_experience":434992,"relics_obtained":[{"floor":6,"key":"Potion Belt"},{"floor":9,"key":"Pen Nib"},{"floor":10,"key":"Odd Mushroom"},{"floor":13,"key":"Strawberry"},{"floor":28,"key":"PreservedInsect"}],"event_choices":[{"damage_healed":0,"gold_gain":0,"player_choice":"Fought Mushrooms","damage_taken":0,"max_hp_gain":0,"max_hp_loss":0,"event_name":"Mushrooms","floor":10,"gold_loss":0},{"damage_healed":0,"gold_gain":0,"player_choice":"Fight","damage_taken":0,"max_hp_gain":0,"max_hp_loss":0,"event_name":"Colosseum","floor":24,"gold_loss":0},{"damage_healed":0,"gold_gain":0,"player_choice":"Fled From Nobs","damage_taken":0,"max_hp_gain":0,"max_hp_loss":0,"event_name":"Colosseum","floor":24,"gold_loss":0},{"damage_healed":0,"gold_gain":0,"player_choice":"Ignored","damage_taken":0,"max_hp_gain":0,"max_hp_loss":0,"event_name":"Ghosts","floor":27,"gold_loss":0}],"is_beta":false,"boss_relics":[{"not_picked":["White Beast Statue","Philosopher\u0027s Stone"],"picked":"Busted Crown"}],"items_purged_floors":[2,19],"is_endless":false,"potions_floor_spawned":[1,3,10,11,13,18,21,24,28,30],"killed_by":"Automaton","ascension_level":0}