{"gold_per_floor":[119,119,134,147,161,161,171,206,283,308,308,336,353,21,21,124,124,134,151,151,1,1,34,34,44,44,44,55,80,91,191,191,287,287,306,319,319,41,58,85,85,118,164,191,191,220,235,251,251,251],"floor_reached":51,"playtime":9592,"items_purged":["Strike_R","Defend_R","Armaments"],"score":943,"play_id":"08d05107-ca69-46af-89fc-0af1a605c7ce","local_time":"20190720220542","is_ascension_mode":true,"campfire_choices":[{"floor":6,"key":"REST"},{"floor":15,"key":"DIG"},{"floor":24,"key":"DIG"},{"floor":27,"key":"DIG"},{"floor":32,"key":"DIG"},{"floor":45,"key":"REST"},{"floor":49,"key":"DIG"}],"neow_cost":"PERCENT_DAMAGE","seed_source_timestamp":77334862338273,"circlet_count":0,"master_deck":["Strike_R","Strike_R","Strike_R","Defend_R","Defend_R","Defend_R","Bash","Hemokinesis","Clash","Dropkick","Limit Break+1","Ghostly Armor+1","Shockwave","Fire Breathing","Twin Strike","Bludgeon","Armaments+1","Inflame","Feel No Pain+1","Armaments+1","Disarm+1","Flex+1","Immolate","Double Tap+1","Bloodletting+1","Burning Pact+1","Anger+1","Bash","Rupture","Fiend Fire","Warcry+1","Shrug It Off+1","True Grit+1","Bloodletting+1"],"relics":["Burning Blood","Gambling Chip","Mercury Hourglass","Bird Faced Urn","Shovel","Bag of Preparation","Sling","Letter Opener","Philosopher\u0027s Stone","MutagenicStrength","Boot","Pocketwatch","Kunai","Toxic Egg 2","War Paint","StoneCalendar","Paper Frog","Dodecahedron","Runic Pyramid","Blood Vial","Ancient Tea Set","Bag of Marbles","Anchor","Ice Cream","Prayer Wheel","Pen Nib"],"potions_floor_usage":[8,12,12,16,16,19,23,44,48,50],"damage_taken":[{"damage":4,"enemies":"Jaw Worm","floor":1,"turns":5},{"damage":4,"enemies":"Cultist","floor":3,"turns":4},{"damage":8,"enemies":"Small Slimes","floor":4,"turns":3},{"damage":20,"enemies":"Exordium Wildlife","floor":5,"turns":7},{"damage":6,"enemies":"Red Slaver","floor":7,"turns":4},{"damage":28,"enemies":"Lagavulin","floor":8,"turns":8},{"damage":7,"enemies":"Gremlin Nob","floor":10,"turns":3},{"damage":8,"enemies":"3 Sentries","floor":12,"turns":5},{"damage":4,"enemies":"Blue Slaver","floor":13,"turns":4},{"damage":25,"enemies":"The Guardian","floor":16,"turns":8},{"damage":13,"enemies":"3 Byrds","floor":18,"turns":4},{"damage":3,"enemies":"Spheric Guardian","floor":19,"turns":3},{"damage":11,"enemies":"Book of Stabbing","floor":23,"turns":2},{"damage":3,"enemies":"3 Cultists","floor":25,"turns":4},{"damage":18,"enemies":"Centurion and Healer","floor":28,"turns":4},{"damage":16,"enemies":"Gremlin Leader","floor":29,"turns":4},{"damage":9,"enemies":"Snake Plant","floor":30,"turns":2},{"damage":1,"enemies":"Colosseum Slavers","floor":31,"turns":3},{"damage":18,"enemies":"Colosseum Nobs","floor":31,"turns":4},{"damage":93,"enemies":"Automaton","floor":33,"turns":7},{"damage":11,"enemies":"3 Darklings","floor":35,"turns":3},{"damage":6,"enemies":"3 Shapes","floor":36,"turns":3},{"damage":14,"enemies":"Sphere and 2 Shapes","floor":39,"turns":3},{"damage":3,"enemies":"Reptomancer","floor":40,"turns":2},{"damage":25,"enemies":"Giant Head","floor":42,"turns":6},{"damage":52,"enemies":"Nemesis","floor":44,"turns":3},{"damage":6,"enemies":"Giant Head","floor":46,"turns":4},{"damage":3,"enemies":"Transient","floor":47,"turns":5},{"damage":3,"enemies":"3 Darklings","floor":48,"turns":3},{"damage":25,"enemies":"Awakened One","floor":50,"turns":8}],"seed_played":"-7745163204154089027","potions_obtained":[{"floor":1,"key":"EssenceOfSteel"},{"floor":4,"key":"Explosive Potion"},{"floor":8,"key":"AttackPotion"},{"floor":10,"key":"LiquidBronze"},{"floor":13,"key":"PowerPotion"},{"floor":19,"key":"Energy Potion"},{"floor":22,"key":"AttackPotion"},{"floor":22,"key":"FairyPotion"},{"floor":23,"key":"Swift Potion"},{"floor":29,"key":"FairyPotion"},{"floor":31,"key":"SteroidPotion"},{"floor":33,"key":"Fire Potion"},{"floor":40,"key":"Regen Potion"},{"floor":44,"key":"AttackPotion"},{"floor":47,"key":"EssenceOfSteel"}],"is_trial":false,"path_per_floor":["M","?","M","M","M","R","M","E","T","E","T","E","M","$","R","B",null,"M","M","?","$","?","E","R","M","T","R","M","E","M","?","R","B",null,"M","M","?","$","M","E","?","E","T","E","R","E","M","M","R","B",null],"character_chosen":"IRONCLAD","items_purchased":["Sling","Block Potion","PowerPotion","Blood Vial"],"campfire_rested":2,"item_purchase_floors":[14,14,21,38],"current_hp_per_floor":[74,74,76,74,60,88,88,66,66,65,65,63,65,65,65,50,96,89,94,94,94,94,89,89,96,96,96,86,80,79,78,78,15,96,93,95,95,95,88,93,93,82,82,43,71,75,84,93,93,81],"gold":251,"neow_bonus":"TWENTY_PERCENT_HP_BONUS","is_prod":false,"is_daily":false,"chose_seed":false,"campfire_upgraded":0,"win_rate":0,"timestamp":1563674742,"path_taken":["M","?","M","?","M","R","M","E","T","E","?","E","M","$","R","BOSS","M","M","?","$","?","E","R","M","T","R","?","E","M","?","R","BOSS","M","M","?","$","M","E","?","E","T","E","R","E","M","M","R","BOSS"],"build_version":"2019-07-05","purchased_purges":3,"victory":true,"max_hp_per_floor":[96,96,96,96,96,96,96,96,96,96,96,96,96,96,96,96,96,96,96,96,96,96,96,96,96,96,96,96,96,96,96,96,96,96,96,96,96,96,96,96,96,96,96,96,96,96,96,96,96,96],"card_choices":[{"not_picked":["Wild Strike","Warcry"],"picked":"Hemokinesis","floor":1},{"not_picked":["Intimidate","Perfected Strike"],"picked":"Armaments","floor":3},{"not_picked":["Pummel","Disarm"],"picked":"Clash","floor":4},{"not_picked":["Hemokinesis","Iron Wave"],"picked":"Dropkick","floor":5},{"not_picked":["Pummel","Thunderclap"],"picked":"Limit Break","floor":7},{"not_picked":["Sword Boomerang","Armaments"],"picked":"Ghostly Armor","floor":8},{"not_picked":["Brutality","Wild Strike"],"picked":"Shockwave","floor":10},{"not_picked":["Body Slam","Sword Boomerang"],"picked":"Fire Breathing","floor":12},{"not_picked":["Heavy Blade","Disarm"],"picked":"Twin Strike","floor":13},{"not_picked":["Impervious","Juggernaut"],"picked":"Bludgeon","floor":16},{"not_picked":["Corruption","Thunderclap"],"picked":"Armaments+1","floor":18},{"not_picked":["Clothesline","Clash"],"picked":"Inflame","floor":19},{"not_picked":["Infernal Blade","Anger"],"picked":"Feel No Pain+1","floor":23},{"not_picked":["Headbutt+1","Twin Strike"],"picked":"Armaments+1","floor":25},{"not_picked":["Twin Strike","Thunderclap"],"picked":"Disarm+1","floor":28},{"not_picked":["Bloodletting+1","Power Through+1"],"picked":"Flex+1","floor":29},{"not_picked":["Clothesline+1","Cleave+1","Fire Breathing"],"picked":"SKIP","floor":30},{"not_picked":["Headbutt","Clothesline+1"],"picked":"Immolate","floor":31},{"not_picked":["Brutality","Offering+1"],"picked":"Double Tap+1","floor":33},{"not_picked":["Heavy Blade+1","Second Wind+1"],"picked":"Bloodletting+1","floor":35},{"not_picked":["Clash","Bloodletting+1"],"picked":"Burning Pact+1","floor":36},{"not_picked":["Feel No Pain","Twin Strike+1"],"picked":"Anger+1","floor":39},{"not_picked":["Armaments+1","Rage+1","Perfected Strike+1"],"picked":"SKIP","floor":40},{"not_picked":["Flame Barrier+1","Brutality"],"picked":"Fiend Fire","floor":42},{"not_picked":["Headbutt+1","Pummel+1"],"picked":"Warcry+1","floor":44},{"not_picked":["Headbutt","Clothesline"],"picked":"Shrug It Off+1","floor":46},{"not_picked":["Flame Barrier+1","Sword Boomerang"],"picked":"True Grit+1","floor":47},{"not_picked":["Body Slam","Heavy Blade+1","Rupture+1"],"picked":"SKIP","floor":47},{"not_picked":["Twin Strike+1","Bludgeon"],"picked":"Bloodletting+1","floor":48},{"not_picked":["Shockwave+1","Reckless Charge","Thunderclap+1"],"picked":"SKIP","floor":48}],"player_experience":94374,"relics_obtained":[{"floor":8,"key":"Gambling Chip"},{"floor":9,"key":"Mercury Hourglass"},{"floor":10,"key":"Bird Faced Urn"},{"floor":11,"key":"Shovel"},{"floor":12,"key":"Bag of Preparation"},{"floor":15,"key":"Letter Opener"},{"floor":23,"key":"Boot"},{"floor":24,"key":"Pocketwatch"},{"floor":26,"key":"Kunai"},{"floor":27,"key":"Toxic Egg 2"},{"floor":29,"key":"War Paint"},{"floor":31,"key":"StoneCalendar"},{"floor":31,"key":"Paper Frog"},{"floor":32,"key":"Dodecahedron"},{"floor":40,"key":"Ancient Tea Set"},{"floor":42,"key":"Bag of Marbles"},{"floor":43,"key":"Anchor"},{"floor":44,"key":"Ice Cream"},{"floor":46,"key":"Prayer Wheel"},{"floor":49,"key":"Pen Nib"}],"event_choices":[{"cards_removed":["Strike_R"],"damage_healed":0,"gold_gain":0,"player_choice":"Purged","damage_taken":0,"max_hp_gain":0,"max_hp_loss":0,"event_name":"Purifier","floor":2,"gold_loss":0},{"damage_healed":0,"gold_gain":0,"player_choice":"Inject Mutagens","damage_taken":0,"relics_obtained":["MutagenicStrength"],"max_hp_gain":0,"max_hp_loss":0,"event_name":"Drug Dealer","floor":20,"gold_loss":0},{"damage_healed":0,"gold_gain":0,"player_choice":"Got Potions","damage_taken":0,"max_hp_gain":0,"max_hp_loss":0,"event_name":"Lab","floor":22,"gold_loss":0},{"damage_healed":0,"gold_gain":0,"player_choice":"Fight","damage_taken":0,"max_hp_gain":0,"max_hp_loss":0,"event_name":"Colosseum","floor":31,"gold_loss":0},{"damage_healed":0,"gold_gain":0,"player_choice":"Fought Nobs","damage_taken":0,"max_hp_gain":0,"max_hp_loss":0,"event_name":"Colosseum","floor":31,"gold_loss":0},{"damage_healed":0,"gold_gain":0,"player_choice":"Ignored","damage_taken":0,"max_hp_gain":0,"max_hp_loss":0,"event_name":"Tomb of Lord Red Mask","floor":37,"gold_loss":0},{"damage_healed":0,"gold_gain":0,"player_choice":"2 cards matched","damage_taken":0,"max_hp_gain":0,"max_hp_loss":0,"event_name":"Match and Keep!","floor":41,"gold_loss":0,"cards_obtained":["Bash","Rupture"]}],"is_beta":false,"boss_relics":[{"not_picked":["Black Blood","Eternal Feather"],"picked":"Philosopher\u0027s Stone"},{"not_picked":["Velvet Choker","White Beast Statue"],"picked":"Runic Pyramid"}],"items_purged_floors":[14,21,38],"is_endless":false,"potions_floor_spawned":[1,4,8,10,13,19,23,29,31,33,40,42,44,47],"ascension_level":1}