{"gold_per_floor":[369,382,33,43,118,118,118,143,166,183,183],"floor_reached":11,"playtime":888,"items_purged":["Strike_R"],"score":124,"play_id":"9a2ed940-9722-441f-9235-1a2d355f1812","local_time":"20190116124506","is_ascension_mode":true,"campfire_choices":[{"data":"True Grit","floor":6,"key":"SMITH"}],"neow_cost":"TEN_PERCENT_HP_LOSS","seed_source_timestamp":70630352648548,"circlet_count":0,"master_deck":["AscendersBane","Strike_R","Strike_R","Strike_R","Defend_R","Defend_R","Defend_R","Defend_R","Bash","Metallicize","Seeing Red","Fiend Fire","Combust","True Grit+1","Flex","Cleave","Rupture"],"relics":["Burning Blood","Boot","PreservedInsect"],"potions_floor_usage":[8,10,11],"damage_taken":[{"damage":9,"enemies":"Jaw Worm","floor":1,"turns":6},{"damage":7,"enemies":"Small Slimes","floor":2,"turns":4},{"damage":2,"enemies":"Cultist","floor":4,"turns":3},{"damage":47,"enemies":"Lagavulin","floor":8,"turns":8},{"damage":7,"enemies":"2 Fungi Beasts","floor":10,"turns":3},{"damage":11,"enemies":"Large Slime","floor":11,"turns":4}],"seed_played":"35799883391346075","potions_obtained":[{"floor":1,"key":"Ancient Potion"},{"floor":8,"key":"Strength Potion"},{"floor":10,"key":"FearPotion"}],"is_trial":false,"path_per_floor":["M","M","$","M","?","R","?","E","T","M","M"],"character_chosen":"IRONCLAD","items_purchased":["Fiend Fire","Combust","True Grit"],"campfire_rested":0,"item_purchase_floors":[3,3,3],"current_hp_per_floor":[65,64,64,68,57,57,50,9,9,8,0],"gold":183,"neow_bonus":"TWO_FIFTY_GOLD","is_prod":false,"is_daily":false,"chose_seed":false,"campfire_upgraded":1,"win_rate":0,"timestamp":1547671506,"path_taken":["M","M","$","M","?","R","?","E","T","M","M"],"build_version":"2019-01-10","purchased_purges":1,"victory":false,"max_hp_per_floor":[68,68,68,68,68,68,68,68,68,68,68],"card_choices":[{"not_picked":["Havoc","Battle Trance"],"picked":"Metallicize","floor":1},{"not_picked":["Burning Pact","Twin Strike"],"picked":"Seeing Red","floor":2},{"not_picked":["Power Through","Perfected Strike"],"picked":"Flex","floor":4},{"not_picked":["Body Slam","Iron Wave"],"picked":"Cleave","floor":8},{"not_picked":["Rampage","Dark Embrace"],"picked":"Rupture","floor":10}],"player_experience":455389,"relics_obtained":[{"floor":8,"key":"Boot"},{"floor":9,"key":"PreservedInsect"}],"event_choices":[{"damage_healed":0,"gold_gain":75,"player_choice":"Gather Gold","damage_taken":11,"max_hp_gain":0,"max_hp_loss":0,"event_name":"World of Goop","floor":5,"gold_loss":0},{"cards_removed":["Strike_R"],"damage_healed":0,"gold_gain":0,"player_choice":"Card Removal","damage_taken":7,"max_hp_gain":0,"max_hp_loss":0,"event_name":"Golden Wing","floor":7,"gold_loss":0}],"is_beta":false,"boss_relics":[],"items_purged_floors":[3],"is_endless":false,"potions_floor_spawned":[1,8,10],"killed_by":"Large Slime","ascension_level":14}