{"gold_per_floor":[110,130,16,27,27,56,131,131,156,167,167,67,81,99,99,195,195,206,217,217,291,291,15,15,30,30,30,46,75,75,92,92,191,191,203,216,216,17,30,30,50,50,132,146,163,263,263],"floor_reached":47,"playtime":5065,"items_purged":["Decay","Strike_B","Darkness","Gash"],"score":449,"play_id":"3ceb4760-7971-47a2-a81d-ef9af0e509bb","local_time":"20190915161218","is_ascension_mode":false,"campfire_choices":[{"floor":8.0,"key":"REST"},{"data":"Apotheosis","floor":11.0,"key":"SMITH"},{"data":"Dualcast","floor":15.0,"key":"SMITH"},{"data":"Barrage","floor":27.0,"key":"SMITH"},{"floor":30.0,"key":"REST"},{"floor":32.0,"key":"REST"},{"floor":40.0,"key":"REST"},{"floor":42.0,"key":"REST"}],"neow_cost":"CURSE","seed_source_timestamp":0,"circlet_count":0,"master_deck":["Strike_B+1","Strike_B+1","Defend_B+1","Defend_B+1","Defend_B+1","Zap","Dualcast+1","Apotheosis+1","Flash of Steel","Ball Lightning","Ball Lightning","Capacitor","Leap","White Noise","Biased Cognition","Electrodynamics","Coolheaded","Barrage+1","Sunder","RitualDagger","Core Surge","Glacier+1","Buffer","Go for the Eyes","Reinforced Body+1","Cold Snap","Streamline+1"],"special_seed":0,"relics":["Cracked Core"],"potions_floor_usage":[45,45,47],"damage_taken":[{"damage":5.0,"enemies":"Cultist","floor":1.0,"turns":4.0},{"damage":8.0,"enemies":"2 Louse","floor":2.0,"turns":2.0},{"damage":1.0,"enemies":"Jaw Worm","floor":4.0,"turns":3.0},{"damage":17.0,"enemies":"Gremlin Nob","floor":6.0,"turns":4.0},{"damage":1.0,"enemies":"3 Louse","floor":10.0,"turns":4.0},{"damage":6.0,"enemies":"2 Fungi Beasts","floor":13.0,"turns":2.0},{"damage":12.0,"enemies":"Exordium Wildlife","floor":14.0,"turns":4.0},{"damage":5.0,"enemies":"Hexaghost","floor":16.0,"turns":7.0},{"damage":14.0,"enemies":"Shell Parasite","floor":18.0,"turns":4.0},{"damage":5.0,"enemies":"3 Byrds","floor":19.0,"turns":2.0},{"damage":6.0,"enemies":"3 Cultists","floor":25.0,"turns":3.0},{"damage":18.0,"enemies":"Centurion and Healer","floor":28.0,"turns":6.0},{"damage":21.0,"enemies":"Slavers","floor":29.0,"turns":6.0},{"damage":14.0,"enemies":"Sentry and Sphere","floor":31.0,"turns":8.0},{"damage":32.0,"enemies":"Champ","floor":33.0,"turns":11.0},{"damage":43.0,"enemies":"3 Darklings","floor":35.0,"turns":4.0},{"damage":0.0,"enemies":"3 Shapes","floor":36.0,"turns":5.0},{"damage":24.0,"enemies":"Spire Growth","floor":39.0,"turns":6.0},{"damage":15.0,"enemies":"Sphere and 2 Shapes","floor":41.0,"turns":5.0},{"damage":16,"enemies":"Jaw Worm Horde","floor":44,"turns":3},{"damage":8,"enemies":"Transient","floor":45,"turns":5},{"damage":14,"enemies":"4 Shapes","floor":47,"turns":1}],"seed_played":"4535509687913677969","potions_obtained":[{"floor":1.0,"key":"LiquidBronze"},{"floor":2.0,"key":"GamblersBrew"},{"floor":6.0,"key":"SpeedPotion"},{"floor":16.0,"key":"Swift Potion"},{"floor":29.0,"key":"Regen Potion"},{"floor":31.0,"key":"Ancient Potion"},{"floor":33.0,"key":"Fire Potion"},{"floor":36.0,"key":"SteroidPotion"},{"floor":44,"key":"Weak Potion"},{"floor":45,"key":"FocusPotion"}],"is_trial":false,"path_per_floor":["M","M","$","M","T","E","?","R","T","M","R","$","M","M","R","B",null,"M","M","?","T","?","$","?","M","T","R","M","E","R","M","R","B",null,"M","M","?","$","M","R","M","R","T","M","M","?","M"],"character_chosen":"DEFECT","items_purchased":["Capacitor","Sunder","EssenceOfSteel","Dexterity Potion"],"campfire_rested":5,"item_purchase_floors":[3,23,23,38],"current_hp_per_floor":[70,62,62,61,61,44,33,55,55,54,54,54,48,36,36,31,75,61,56,56,56,56,56,50,44,44,44,26,5,27,28,50,18,75,32,32,32,32,8,30,15,37,37,21,13,13,0],"gold":263,"neow_bonus":"RANDOM_COLORLESS_2","is_prod":false,"is_daily":false,"chose_seed":false,"campfire_upgraded":3,"win_rate":0,"timestamp":1568589138,"path_taken":["M","M","$","M","?","E","?","R","T","M","R","$","M","M","R","BOSS","M","M","?","?","?","$","?","?","T","R","M","E","R","M","R","BOSS","M","M","?","$","M","R","M","R","T","M","M","?","?"],"build_version":"2019-07-17","purchased_purges":4,"victory":false,"max_hp_per_floor":[75,75,75,75,75,75,75,75,75,75,75,75,75,75,75,75,75,75,75,75,75,75,75,75,75,75,75,75,75,75,75,75,75,75,75,75,75,75,75,75,75,75,75,75,75,75,75],"card_choices":[{"not_picked":["Hello World","Steam Power"],"picked":"Ball Lightning","floor":1.0},{"not_picked":["Turbo","Recycle"],"picked":"Ball Lightning","floor":2.0},{"not_picked":["Beam Cell","Gash","Sweeping Beam"],"picked":"SKIP","floor":4.0},{"not_picked":["Conserve Battery","Skim"],"picked":"Leap","floor":6.0},{"not_picked":["Streamline","Hologram"],"picked":"White Noise","floor":10.0},{"not_picked":["Turbo","Rebound","Streamline"],"picked":"SKIP","floor":13.0},{"not_picked":["Gash","Stack"],"picked":"Biased Cognition","floor":14.0},{"not_picked":["Amplify","Fission"],"picked":"Electrodynamics","floor":16.0},{"not_picked":["Lockon","Ball Lightning"],"picked":"Coolheaded","floor":18.0},{"not_picked":["Rebound+1","Turbo"],"picked":"Barrage","floor":19.0},{"not_picked":["Coolheaded","Blizzard"],"picked":"Core Surge","floor":25.0},{"not_picked":["Beam Cell","Scrape"],"picked":"Glacier+1","floor":28.0},{"not_picked":["Capacitor","Turbo"],"picked":"Stack","floor":29.0},{"not_picked":["Genetic Algorithm","Redo","Ball Lightning"],"picked":"SKIP","floor":31.0},{"not_picked":["Electrodynamics","Biased Cognition"],"picked":"Buffer","floor":33.0},{"not_picked":["Coolheaded","Undo"],"picked":"Go for the Eyes","floor":35.0},{"not_picked":["Genetic Algorithm+1","Ball Lightning"],"picked":"Reinforced Body+1","floor":36.0},{"not_picked":["Hologram+1","Gash+1"],"picked":"Cold Snap","floor":39.0},{"not_picked":["Melter+1","Capacitor+1","Conserve Battery+1"],"picked":"SKIP","floor":41.0},{"not_picked":["Multi-Cast","Undo+1","Conserve Battery"],"picked":"SKIP","floor":44},{"not_picked":["Force Field","Compile Driver"],"picked":"Streamline+1","floor":45}],"player_experience":608992,"relics_obtained":[],"event_choices":[{"damage_healed":0.0,"max_hp_gain":0.0,"max_hp_loss":0.0,"gold_gain":75.0,"event_name":"World of Goop","player_choice":"Gather Gold","floor":7.0,"gold_loss":0.0,"damage_taken":11.0},{"damage_healed":0.0,"max_hp_gain":0.0,"max_hp_loss":0.0,"gold_gain":0.0,"cards_transformed":["Strike_B","Defend_B"],"event_name":"Drug Dealer","player_choice":"Became Test Subject","floor":20.0,"gold_loss":0.0,"damage_taken":0.0,"cards_obtained":["Gash","Darkness"]},{"damage_healed":0.0,"max_hp_gain":0.0,"max_hp_loss":0.0,"gold_gain":0.0,"event_name":"Back to Basics","player_choice":"Simplicity","floor":22.0,"gold_loss":0.0,"damage_taken":0.0,"cards_upgraded":["Strike_B","Strike_B","Defend_B","Defend_B","Defend_B"]},{"damage_healed":0.0,"max_hp_gain":0.0,"max_hp_loss":0.0,"gold_gain":0.0,"event_name":"Nest","player_choice":"Joined the Cult","floor":24.0,"gold_loss":0.0,"damage_taken":6.0,"cards_obtained":["RitualDagger"]},{"cards_removed":["Stack"],"damage_healed":0.0,"max_hp_gain":0.0,"max_hp_loss":0.0,"gold_gain":0.0,"event_name":"Falling","player_choice":"Removed Skill","floor":37.0,"gold_loss":0.0,"damage_taken":0.0},{"damage_healed":0,"gold_gain":100,"player_choice":"Pray","damage_taken":0,"max_hp_gain":0,"max_hp_loss":0,"event_name":"Golden Shrine","floor":46,"gold_loss":0}],"is_beta":false,"boss_relics":[{"not_picked":["Black Star","White Beast Statue","Runic Dome"]},{"not_picked":["Astrolabe","Snecko Eye","Runic Pyramid"]}],"items_purged_floors":[3,12,23,38],"is_endless":false,"potions_floor_spawned":[1,2,6,16,29,31,33,36,44,45],"killed_by":"4 Shapes","ascension_level":0}