{"gold_per_floor":[114,114,129,79,79,79,114,140,140,140,180,180,195,214,214,335,335,320,18,18,18,18,18,18,18,18,18,18,18,18,18,18,18,18,18],"floor_reached":35,"playtime":2484,"items_purged":[],"score":482,"play_id":"adceb691-7c1e-49d0-9e2e-878b69daae5d","local_time":"20190831201657","is_ascension_mode":true,"campfire_choices":[{"data":"Dramatic Entrance","floor":6,"key":"SMITH"},{"floor":10,"key":"REST"},{"floor":12,"key":"REST"},{"data":"Flash of Steel","floor":15,"key":"SMITH"},{"data":"Whirlwind","floor":23,"key":"SMITH"},{"data":"Thunderclap","floor":25,"key":"SMITH"},{"data":"Clothesline","floor":28,"key":"SMITH"},{"floor":32,"key":"RECALL"}],"neow_cost":"CURSE","seed_source_timestamp":89111059070579,"circlet_count":0,"master_deck":["Defend_R","Defend_R","Defend_R","Defend_R","Bash","Dramatic Entrance+1","Flash of Steel+1","Headbutt","Metallicize","Cleave","Thunderclap+1","Heavy Blade","Exhume","Whirlwind+1","Bite","Bite","Bite","Bite","Bite","Clash+1","Clothesline+1","Immolate"],"relics":["Burning Blood","Golden Idol","Happy Flower","Regal Pillow","Incense Burner","Nunchaku","Ectoplasm","Unceasing Top","Dead Branch","Ice Cream","MutagenicStrength","Philosopher\u0027s Stone"],"potions_floor_usage":[18,24],"damage_taken":[{"damage":17,"enemies":"Small Slimes","floor":1,"turns":3},{"damage":8,"enemies":"2 Louse","floor":3,"turns":2},{"damage":47,"enemies":"Lagavulin","floor":7,"turns":8},{"damage":26,"enemies":"Gremlin Nob","floor":11,"turns":4},{"damage":2,"enemies":"Jaw Worm","floor":13,"turns":3},{"damage":0,"enemies":"3 Louse","floor":14,"turns":2},{"damage":47,"enemies":"The Guardian","floor":16,"turns":10},{"damage":6,"enemies":"2 Thieves","floor":18,"turns":2},{"damage":23,"enemies":"Gremlin Leader","floor":24,"turns":5},{"damage":0,"enemies":"3 Byrds","floor":27,"turns":3},{"damage":19,"enemies":"Slavers","floor":29,"turns":4},{"damage":21,"enemies":"Champ","floor":33,"turns":12},{"damage":58,"enemies":"3 Shapes","floor":35,"turns":2}],"seed_played":"9137155736405612243","potions_obtained":[{"floor":11,"key":"SpeedPotion"},{"floor":16,"key":"AttackPotion"},{"floor":29,"key":"Swift Potion"},{"floor":33,"key":"Strength Potion"}],"is_trial":false,"path_per_floor":["M","?","M","?","?","R","E","T","T","R","E","R","M","M","R","B",null,"M","$","?","?","$","R","E","R","T","M","R","E","?","?","R","B",null,"M"],"character_chosen":"IRONCLAD","items_purchased":["Unceasing Top"],"campfire_rested":2,"item_purchase_floors":[19],"current_hp_per_floor":[69,74,72,72,72,72,31,31,31,69,49,79,79,79,79,38,79,79,79,64,58,58,58,53,53,53,58,58,49,49,49,49,56,58,0],"gold":18,"neow_bonus":"RANDOM_COLORLESS_2","is_prod":false,"is_daily":false,"chose_seed":false,"campfire_upgraded":5,"win_rate":0,"timestamp":1567297017,"path_taken":["M","?","M","?","?","R","E","?","T","R","E","R","M","M","R","BOSS","M","$","?","?","?","R","E","R","T","M","R","E","?","?","R","BOSS","M"],"build_version":"2019-07-17","purchased_purges":0,"victory":false,"max_hp_per_floor":[80,85,85,85,79,79,79,79,79,79,79,79,79,79,79,79,79,79,79,84,58,58,58,58,58,58,58,58,58,58,58,58,58,58,58],"card_choices":[{"not_picked":["Body Slam","Havoc"],"picked":"Headbutt","floor":1},{"not_picked":["Body Slam","Iron Wave","Clothesline"],"picked":"SKIP","floor":3},{"not_picked":["Reckless Charge","Body Slam"],"picked":"Metallicize","floor":7},{"not_picked":["Anger","Pommel Strike"],"picked":"Cleave","floor":11},{"not_picked":["Havoc","True Grit"],"picked":"Thunderclap","floor":13},{"not_picked":["Headbutt","Battle Trance"],"picked":"Heavy Blade","floor":14},{"not_picked":["Dark Embrace","Fiend Fire"],"picked":"Exhume","floor":16},{"not_picked":["Cleave+1","Metallicize"],"picked":"Whirlwind","floor":18},{"not_picked":["Havoc","Power Through"],"picked":"Clash+1","floor":24},{"not_picked":["Pummel","Anger"],"picked":"Clothesline","floor":27},{"not_picked":["Corruption","Feel No Pain+1","Body Slam"],"picked":"SKIP","floor":29},{"not_picked":["Exhume","Reaper"],"picked":"Immolate","floor":33}],"player_experience":278246,"relics_obtained":[{"floor":7,"key":"Happy Flower"},{"floor":8,"key":"Regal Pillow"},{"floor":9,"key":"Incense Burner"},{"floor":11,"key":"Nunchaku"},{"floor":24,"key":"Dead Branch"},{"floor":29,"key":"Ice Cream"}],"event_choices":[{"damage_healed":0,"gold_gain":0,"player_choice":"Donut","damage_taken":0,"max_hp_gain":5,"max_hp_loss":0,"event_name":"Big Fish","floor":2,"gold_loss":0},{"cards_removed":["Pain"],"damage_healed":0,"gold_gain":0,"player_choice":"Card Removal","damage_taken":0,"max_hp_gain":0,"max_hp_loss":0,"event_name":"The Cleric","floor":4,"gold_loss":50},{"damage_healed":0,"gold_gain":0,"player_choice":"Lose Max HP","damage_taken":0,"relics_obtained":["Golden Idol"],"max_hp_gain":0,"max_hp_loss":6,"event_name":"Golden Idol","floor":5,"gold_loss":0},{"damage_healed":0,"gold_gain":0,"player_choice":"Shed Blood","damage_taken":20,"max_hp_gain":5,"max_hp_loss":0,"event_name":"Forgotten Altar","floor":20,"gold_loss":0},{"damage_healed":0,"gold_gain":0,"player_choice":"Became a vampire","damage_taken":0,"max_hp_gain":0,"max_hp_loss":26,"event_name":"Vampires","floor":21,"gold_loss":0,"cards_obtained":["Bite","Bite","Bite","Bite","Bite"]},{"damage_healed":0,"gold_gain":0,"player_choice":"Inject Mutagens","damage_taken":0,"relics_obtained":["MutagenicStrength"],"max_hp_gain":0,"max_hp_loss":0,"event_name":"Drug Dealer","floor":30,"gold_loss":0}],"is_beta":false,"boss_relics":[{"not_picked":["Black Blood","Velvet Choker"],"picked":"Ectoplasm"},{"not_picked":["Orrery","Mark of Pain"],"picked":"Philosopher\u0027s Stone"}],"items_purged_floors":[],"is_endless":false,"potions_floor_spawned":[11,16,29,33],"killed_by":"3 Shapes","ascension_level":3}