{"gold_per_floor":[114,129,129,129,144,144,144,159,159,174,189,189,189,189,189,289,289,304,319,334,57,57,57,87,87,142,142,157,172,187,187,187,287,287,302,26,41,56,56,56,71,86,86,86,101,431,446,461,461,461],"floor_reached":51,"playtime":4242,"items_purged":["Grand Finale"],"score":845,"play_id":"524a5ece-456d-48df-ae13-daec1fb601d5","local_time":"20181109131700","daily_mods":["Shiny","Red Cards","Lethality"],"is_ascension_mode":false,"campfire_choices":[{"floor":6,"key":"REST"},{"data":"Dark Embrace","floor":13,"key":"SMITH"},{"data":"Demon Form","floor":15,"key":"SMITH"},{"floor":23,"key":"REST"},{"data":"Adrenaline","floor":25,"key":"SMITH"},{"data":"Adrenaline","floor":27,"key":"SMITH"},{"floor":32,"key":"REST"},{"data":"Tools of the Trade","floor":40,"key":"SMITH"},{"data":"Feel No Pain","floor":44,"key":"SMITH"},{"data":"Offering","floor":49,"key":"SMITH"}],"neow_cost":"","seed_source_timestamp":0,"circlet_count":0,"master_deck":["Double Tap","Demon Form+1","Bludgeon","Feed+1","Limit Break","Barricade","Fiend Fire","Dark Embrace+1","Impervious","Juggernaut","Brutality","Reaper","Exhume","Offering+1","Immolate","Venomology","Corpse Explosion","Malaise","Phantasmal Killer","Die Die Die","Adrenaline+1","Envenom","Doppelganger+1","Burst","Wraith Form v2","Tools of the Trade+1","Unload","After Image","Bullet Time","Storm of Steel","Glass Knife","A Thousand Cuts","Anger","Die Die Die","Feel No Pain+1","Terror","Adrenaline+1","Endless Agony","Warcry","Infinite Blades","True Grit","Flying Knee","Backstab","RitualDagger","Feel No Pain","Apotheosis","Flex+1","Disarm","Dagger Spray+1","Havoc","Parasite"],"special_seed":17844,"relics":["Ring of the Snake","Pear","Mummified Hand","Busted Crown","Lantern","MutagenicStrength","Bottled Lightning","Tiny Chest","Philosopher\u0027s Stone","Bag of Preparation","Old Coin"],"potions_floor_usage":[18,19,19,20,33,42,42,46,48,50,50,50,50],"damage_taken":[{"damage":31,"enemies":"2 Louse","floor":1,"turns":4},{"damage":21,"enemies":"Small Slimes","floor":2,"turns":2},{"damage":0,"enemies":"Cultist","floor":5,"turns":2},{"damage":0,"enemies":"Looter","floor":8,"turns":1},{"damage":0,"enemies":"2 Fungi Beasts","floor":10,"turns":2},{"damage":15,"enemies":"Blue Slaver","floor":11,"turns":3},{"damage":63,"enemies":"Hexaghost","floor":16,"turns":5},{"damage":6,"enemies":"3 Byrds","floor":18,"turns":4},{"damage":13,"enemies":"Shell Parasite","floor":19,"turns":2},{"damage":20,"enemies":"Shelled Parasite and Fungi","floor":20,"turns":4},{"damage":2,"enemies":"Book of Stabbing","floor":24,"turns":3},{"damage":21,"enemies":"Centurion and Healer","floor":28,"turns":2},{"damage":0,"enemies":"Snecko","floor":29,"turns":2},{"damage":0,"enemies":"3 Cultists","floor":30,"turns":1},{"damage":23,"enemies":"Automaton","floor":33,"turns":6},{"damage":7,"enemies":"3 Shapes","floor":35,"turns":3},{"damage":0,"enemies":"Orb Walker","floor":37,"turns":1},{"damage":0,"enemies":"Jaw Worm Horde","floor":38,"turns":2},{"damage":3,"enemies":"3 Darklings","floor":41,"turns":4},{"damage":2,"enemies":"Sphere and 2 Shapes","floor":42,"turns":3},{"damage":0,"enemies":"Maw","floor":45,"turns":2},{"damage":0,"enemies":"Giant Head","floor":46,"turns":2},{"damage":1,"enemies":"Writhing Mass","floor":47,"turns":2},{"damage":6,"enemies":"Transient","floor":48,"turns":3},{"damage":23,"enemies":"Donu and Deca","floor":50,"turns":5}],"seed_played":"-5248013741423723196","potions_obtained":[{"floor":10,"key":"Explosive Potion"},{"floor":16,"key":"Dexterity Potion"},{"floor":18,"key":"Explosive Potion"},{"floor":19,"key":"SkillPotion"},{"floor":29,"key":"Swift Potion"},{"floor":35,"key":"Strength Potion"},{"floor":37,"key":"SpeedPotion"},{"floor":45,"key":"GamblersBrew"},{"floor":47,"key":"PowerPotion"}],"is_trial":false,"path_per_floor":["M","M","?","?","M","R","?","M","T","M","M","?","R","?","R","B",null,"M","M","M","$","?","R","E","R","T","R","M","M","M","?","R","B",null,"M","$","M","M","?","R","M","M","T","R","M","E","M","M","R","B",null],"character_chosen":"THE_SILENT","items_purchased":["Infinite Blades","Lantern","True Grit","Feel No Pain","Apotheosis"],"campfire_rested":3,"item_purchase_floors":[21,21,21,36,36],"current_hp_per_floor":[53,32,18,18,18,39,49,63,63,67,59,64,64,64,64,38,93,91,78,62,62,62,92,90,90,90,90,69,69,69,63,93,78,101,101,101,101,101,101,101,98,98,98,98,98,98,101,105,105,109],"gold":461,"neow_bonus":"","is_prod":false,"is_daily":true,"chose_seed":false,"campfire_upgraded":7,"win_rate":0,"timestamp":1541787420,"path_taken":["M","M","?","?","M","R","?","M","T","M","?","?","R","?","R","BOSS","M","M","M","$","?","R","E","R","T","R","M","M","M","?","R","BOSS","M","$","M","M","?","R","M","M","T","R","?","E","M","M","R","BOSS"],"build_version":"2018-11-08","purchased_purges":1,"victory":true,"max_hp_per_floor":[70,70,70,70,70,70,80,80,80,84,84,89,89,89,89,93,93,97,97,101,101,101,101,101,101,101,101,101,101,101,101,101,101,101,101,101,101,101,101,101,101,101,101,101,101,101,105,105,105,109],"card_choices":[{"not_picked":["Shrug It Off","Clash"],"picked":"Anger","floor":1},{"not_picked":["Cloak And Dagger","Disarm"],"picked":"Die Die Die","floor":2},{"not_picked":["Outmaneuver","Riddle With Holes","Disarm"],"picked":"SKIP","floor":5},{"not_picked":["Carnage","Wild Strike"],"picked":"Feel No Pain","floor":8},{"not_picked":["Twin Strike","Shrug It Off"],"picked":"Terror","floor":10},{"not_picked":["Concentrate","Dagger Spray","Dual Wield"],"picked":"SKIP","floor":11},{"not_picked":["Offering","Juggernaut"],"picked":"Adrenaline","floor":16},{"not_picked":["Body Slam"],"picked":"SKIP","floor":18},{"not_picked":[],"picked":"Endless Agony","floor":19},{"not_picked":[],"picked":"Warcry","floor":20},{"not_picked":[],"picked":"Flying Knee","floor":24},{"not_picked":[],"picked":"Backstab","floor":28},{"not_picked":["Cleave"],"picked":"SKIP","floor":29},{"not_picked":["Sucker Punch"],"picked":"SKIP","floor":30},{"not_picked":["Clothesline"],"picked":"SKIP","floor":35},{"not_picked":[],"picked":"Flex+1","floor":37},{"not_picked":[],"picked":"Disarm","floor":38},{"not_picked":[],"picked":"Dagger Spray+1","floor":41},{"not_picked":["Iron Wave"],"picked":"SKIP","floor":42},{"not_picked":["Iron Wave"],"picked":"SKIP","floor":45},{"not_picked":[],"picked":"Havoc","floor":46},{"not_picked":["Dagger Spray"],"picked":"SKIP","floor":47},{"not_picked":["Entrench+1"],"picked":"SKIP","floor":48}],"player_experience":103921,"relics_obtained":[{"floor":9,"key":"Mummified Hand"},{"floor":24,"key":"Bottled Lightning"},{"floor":26,"key":"Tiny Chest"},{"floor":43,"key":"Bag of Preparation"},{"floor":46,"key":"Old Coin"}],"event_choices":[{"damage_healed":0,"gold_gain":0,"player_choice":"Entered Light","damage_taken":14,"max_hp_gain":0,"max_hp_loss":0,"event_name":"Shining Light","floor":3,"gold_loss":0,"cards_upgraded":["Doppelganger","Feed"]},{"damage_healed":0,"gold_gain":0,"player_choice":"Ignored","damage_taken":0,"max_hp_gain":0,"max_hp_loss":0,"event_name":"Liars Game","floor":4,"gold_loss":0},{"damage_healed":0,"gold_gain":0,"player_choice":"Gave Potion","damage_taken":0,"relics_obtained":["Pear"],"max_hp_gain":0,"max_hp_loss":0,"event_name":"WeMeetAgain","floor":7,"gold_loss":0},{"damage_healed":0,"gold_gain":0,"player_choice":"Donut","damage_taken":0,"max_hp_gain":5,"max_hp_loss":0,"event_name":"Big Fish","floor":12,"gold_loss":0},{"cards_removed":["Berserk"],"damage_healed":0,"gold_gain":0,"player_choice":"Forget","damage_taken":0,"max_hp_gain":0,"max_hp_loss":0,"event_name":"Living Wall","floor":14,"gold_loss":0},{"damage_healed":0,"gold_gain":0,"player_choice":"Inject Mutagens","damage_taken":0,"relics_obtained":["MutagenicStrength"],"max_hp_gain":0,"max_hp_loss":0,"event_name":"Drug Dealer","floor":22,"gold_loss":0},{"damage_healed":0,"gold_gain":0,"player_choice":"Joined the Cult","damage_taken":6,"max_hp_gain":0,"max_hp_loss":0,"event_name":"Nest","floor":31,"gold_loss":0,"cards_obtained":["RitualDagger"]},{"cards_removed":["Night Terror"],"damage_healed":0,"gold_gain":0,"player_choice":"Purged","damage_taken":0,"max_hp_gain":0,"max_hp_loss":0,"event_name":"Purifier","floor":39,"gold_loss":0}],"is_beta":false,"boss_relics":[{"not_picked":["Cursed Key","Orrery"],"picked":"Busted Crown"},{"not_picked":["Lizard Tail","White Beast Statue"],"picked":"Philosopher\u0027s Stone"}],"items_purged_floors":[36],"is_endless":false,"potions_floor_spawned":[10,16,18,19,29,30,35,37,45,47],"ascension_level":0}