{"gold_per_floor":[115,115,130,18,18,18,18,45,45,45,61,61,78,100,100,177,177,194,119,119,119,2,2,15,26,26,26,42,60,60,60],"floor_reached":31,"playtime":2076,"items_purged":["Shame"],"score":419,"play_id":"cd195ecd-c227-4151-8319-418b17b3e8a5","local_time":"20190225232501","is_ascension_mode":true,"campfire_choices":[{"floor":6,"key":"REST"},{"floor":10,"key":"REST"},{"floor":12,"key":"REST"},{"floor":15,"key":"REST"},{"floor":23,"key":"REST"},{"floor":27,"key":"REST"},{"floor":30,"key":"REST"}],"neow_cost":"PERCENT_DAMAGE","seed_source_timestamp":329574102024636,"circlet_count":0,"master_deck":["AscendersBane","Defend_B","Defend_B","Defend_B","Defend_B","Zap","Dualcast","Genetic Algorithm","Loop","Leap","White Noise","Rainbow","Sweeping Beam","Biased Cognition","Consume","Rip and Tear","Capacitor","Capacitor","Leap","Defragment","Chaos"],"relics":["Cracked Core","WingedGreaves","Singing Bowl","Ornamental Fan","Sundial","Odd Mushroom","Velvet Choker","Pantograph","Dodecahedron"],"potions_floor_usage":[3,14,16,25,28,29],"damage_taken":[{"damage":7,"enemies":"Small Slimes","floor":1,"turns":3},{"damage":1,"enemies":"Cultist","floor":3,"turns":4},{"damage":53,"enemies":"3 Sentries","floor":8,"turns":13},{"damage":5,"enemies":"Jaw Worm","floor":11,"turns":3},{"damage":5,"enemies":"2 Fungi Beasts","floor":13,"turns":4},{"damage":14,"enemies":"The Mushroom Lair","floor":14,"turns":7},{"damage":26,"enemies":"Slime Boss","floor":16,"turns":7},{"damage":38,"enemies":"2 Thieves","floor":18,"turns":4},{"damage":6,"enemies":"Chosen","floor":24,"turns":5},{"damage":20,"enemies":"Centurion and Healer","floor":25,"turns":8},{"damage":21,"enemies":"Sentry and Sphere","floor":28,"turns":7},{"damage":11,"enemies":"Shelled Parasite and Fungi","floor":29,"turns":8},{"damage":40,"enemies":"Slavers","floor":31,"turns":3}],"seed_played":"-1833154256364146183","potions_obtained":[{"floor":1,"key":"Energy Potion"},{"floor":13,"key":"Weak Potion"},{"floor":14,"key":"LiquidBronze"},{"floor":16,"key":"FearPotion"},{"floor":25,"key":"SpeedPotion"},{"floor":28,"key":"SpeedPotion"}],"is_trial":false,"path_per_floor":["M","?","M","$","?","R","T","E","T","R","M","R","M","?","R","B",null,"M","?","?","?","$","R","M","M","T","R","M","M","R","E"],"character_chosen":"DEFECT","items_purchased":["Leap","White Noise","Capacitor"],"campfire_rested":7,"item_purchase_floors":[4,4,22],"current_hp_per_floor":[39,39,38,38,38,59,59,6,6,27,22,43,40,28,50,24,62,24,24,24,24,24,46,40,22,22,45,24,13,36,0],"gold":60,"neow_bonus":"ONE_RARE_RELIC","is_prod":false,"is_daily":false,"chose_seed":false,"campfire_upgraded":0,"win_rate":0,"timestamp":1551165901,"path_taken":["M","?","?","?","?","R","?","E","T","R","M","R","M","?","R","BOSS","M","?","?","?","$","R","M","M","T","R","M","M","R","E"],"build_version":"2019-01-23","purchased_purges":1,"victory":false,"max_hp_per_floor":[71,71,71,71,71,71,71,71,71,71,71,71,73,75,75,75,75,75,75,75,75,75,75,75,77,77,77,77,77,77,77],"card_choices":[{"not_picked":["Fusion","Rebound"],"picked":"Genetic Algorithm","floor":1},{"not_picked":["Skim","Sweeping Beam"],"picked":"Loop","floor":3},{"not_picked":["Undo","Coolheaded"],"picked":"Rainbow","floor":8},{"not_picked":["Undo","Streamline"],"picked":"Sweeping Beam","floor":11},{"not_picked":["Hello World","Barrage","Heatsinks"],"picked":"Singing Bowl","floor":13},{"not_picked":["Tempest","Sweeping Beam","Redo"],"picked":"Singing Bowl","floor":14},{"not_picked":["Seek","Hyperbeam"],"picked":"Biased Cognition","floor":16},{"not_picked":["Leap","Undo"],"picked":"Consume","floor":18},{"not_picked":["Fusion","Conserve Battery"],"picked":"Leap","floor":24},{"not_picked":["Coolheaded","Steam","Redo"],"picked":"Singing Bowl","floor":25},{"not_picked":["Leap","Rebound+1"],"picked":"Defragment","floor":28},{"not_picked":["Cold Snap","Turbo"],"picked":"Chaos","floor":29}],"player_experience":708983,"relics_obtained":[{"floor":7,"key":"Singing Bowl"},{"floor":8,"key":"Ornamental Fan"},{"floor":9,"key":"Sundial"},{"floor":14,"key":"Odd Mushroom"},{"floor":26,"key":"Dodecahedron"}],"event_choices":[{"cards_removed":["Strike_B"],"damage_healed":0,"gold_gain":0,"player_choice":"Offered Basic","damage_taken":0,"max_hp_gain":0,"max_hp_loss":0,"event_name":"Bonfire Elementals","floor":2,"gold_loss":0},{"damage_healed":0,"gold_gain":0,"player_choice":"Leave","damage_taken":0,"max_hp_gain":0,"max_hp_loss":0,"event_name":"The Cleric","floor":5,"gold_loss":0},{"damage_healed":0,"gold_gain":0,"player_choice":"Fought Mushrooms","damage_taken":0,"max_hp_gain":0,"max_hp_loss":0,"event_name":"Mushrooms","floor":14,"gold_loss":0},{"cards_removed":["Strike_B"],"damage_healed":0,"gold_gain":0,"player_choice":"Gave Gold","damage_taken":0,"max_hp_gain":0,"max_hp_loss":0,"event_name":"Beggar","floor":19,"gold_loss":75},{"damage_healed":0,"gold_gain":0,"player_choice":"Stole Relic","damage_taken":0,"relics_obtained":["Pantograph"],"max_hp_gain":0,"max_hp_loss":0,"event_name":"Addict","floor":20,"gold_loss":0,"cards_obtained":["Shame"]},{"damage_healed":0,"gold_gain":0,"cards_transformed":["Strike_B","Strike_B"],"player_choice":"Became Test Subject","damage_taken":0,"max_hp_gain":0,"max_hp_loss":0,"event_name":"Drug Dealer","floor":21,"gold_loss":0,"cards_obtained":["Rip and Tear","Capacitor"]}],"is_beta":false,"boss_relics":[{"not_picked":["Tiny House","Coffee Dripper"],"picked":"Velvet Choker"}],"items_purged_floors":[22],"is_endless":false,"potions_floor_spawned":[1,13,14,16,25,28],"killed_by":"Slavers","ascension_level":16}