{"gold_per_floor":[112,187,200,214,24,24,59,59,59,73,73,348,169,179,179,284,284,304,105,125,143,18,18,53,153,180,180,211,239,251,280,292,407,419,449,472,484,86,99,99,115,126,149,149,168,181,181,208,208,208],"floor_reached":51,"playtime":5986,"items_purged":["Strike_G","Defend_G","Regret","Strike_G"],"score":779,"play_id":"b85ff880-7161-4314-9561-4b8ed6ccadbe","local_time":"20181106135602","is_ascension_mode":true,"campfire_choices":[{"floor":6,"key":"REST"},{"data":"Noxious Fumes","floor":8,"key":"SMITH"},{"data":"Neutralize","floor":11,"key":"SMITH"},{"data":"Dodge and Roll","floor":15,"key":"SMITH"},{"data":"Magnetism","floor":23,"key":"SMITH"},{"floor":27,"key":"REST"},{"data":"Blur","floor":32,"key":"SMITH"},{"data":"Well Laid Plans","floor":44,"key":"SMITH"},{"floor":47,"key":"REST"},{"floor":49,"key":"REST"}],"neow_cost":"PERCENT_DAMAGE","seed_source_timestamp":608019177094007,"circlet_count":0,"master_deck":["Defend_G","Defend_G","Defend_G","Strike_G","Strike_G","Strike_G","Survivor","Neutralize+1","Acrobatics","Dagger Throw","Caltrops","Noxious Fumes+1","Backstab","Footwork","Footwork","Backflip","Backflip","Escape Plan","Predator","Noxious Fumes","Dodge and Roll+1","A Thousand Cuts","Reflex","Leg Sweep","Magnetism+1","Predator","Backflip+1","Prepared","Predator+1","Die Die Die","Blur","Blur+1","After Image","Deflect","Caltrops+1","Underhanded Strike+1","Underhanded Strike","Parasite","Endless Agony","Well Laid Plans+1","Underhanded Strike+1","Dodge and Roll+1","Reflex+1"],"relics":["Ring of the Serpent","Prayer Wheel","Mercury Hourglass","Meat on the Bone","HoveringKite","Vajra","Regal Pillow","MawBank","Paper Crane","Ornamental Fan","Ancient Tea Set","Mummified Hand"],"potions_floor_usage":[14,29,33,33,33,33,33,41,45],"damage_taken":[{"damage":2,"enemies":"Jaw Worm","floor":1,"turns":5},{"damage":0,"enemies":"Small Slimes","floor":3,"turns":3},{"damage":1,"enemies":"Cultist","floor":4,"turns":3},{"damage":7,"enemies":"3 Sentries","floor":7,"turns":9},{"damage":0,"enemies":"3 Louse","floor":10,"turns":2},{"damage":5,"enemies":"Red Slaver","floor":14,"turns":4},{"damage":5,"enemies":"Hexaghost","floor":16,"turns":9},{"damage":7,"enemies":"Chosen","floor":18,"turns":6},{"damage":10,"enemies":"Shell Parasite","floor":20,"turns":6},{"damage":16,"enemies":"3 Cultists","floor":21,"turns":5},{"damage":32,"enemies":"Slavers","floor":24,"turns":5},{"damage":32,"enemies":"Gremlin Leader","floor":28,"turns":6},{"damage":0,"enemies":"Snake Plant","floor":29,"turns":4},{"damage":4,"enemies":"Snecko","floor":31,"turns":5},{"damage":16,"enemies":"Collector","floor":33,"turns":9},{"damage":20,"enemies":"3 Darklings","floor":35,"turns":6},{"damage":3,"enemies":"Orb Walker","floor":36,"turns":5},{"damage":18,"enemies":"Writhing Mass","floor":39,"turns":6},{"damage":12,"enemies":"3 Darklings","floor":41,"turns":3},{"damage":18,"enemies":"Jaw Worm Horde","floor":42,"turns":6},{"damage":23,"enemies":"4 Shapes","floor":45,"turns":6},{"damage":25,"enemies":"Transient","floor":46,"turns":5},{"damage":0,"enemies":"Giant Head","floor":48,"turns":12},{"damage":63,"enemies":"Donu and Deca","floor":50,"turns":8}],"seed_played":"-8703501873813737880","potions_obtained":[{"floor":4,"key":"Poison Potion"},{"floor":7,"key":"Energy Potion"},{"floor":14,"key":"Fruit Juice"},{"floor":20,"key":"LiquidBronze"},{"floor":29,"key":"EntropicBrew"},{"floor":35,"key":"GamblersBrew"},{"floor":36,"key":"SkillPotion"},{"floor":41,"key":"SpeedPotion"}],"is_trial":false,"path_per_floor":["M","?","M","M","$","R","E","R","T","M","R","?","$","M","R","B",null,"M","$","M","M","$","R","E","?","T","R","E","M","?","M","R","B",null,"M","M","?","$","M","?","M","M","T","R","M","M","R","E","R","B",null],"character_chosen":"THE_SILENT","items_purchased":["Footwork","Backflip","Noxious Fumes","Magnetism","Predator","Ornamental Fan"],"campfire_rested":4,"item_purchase_floors":[5,5,13,19,19,38],"current_hp_per_floor":[47,36,36,35,35,56,49,49,49,49,49,49,49,49,49,44,75,68,68,58,42,42,42,22,22,22,59,39,39,39,47,47,43,75,55,52,52,52,46,46,46,40,40,40,29,16,53,53,75,24],"gold":208,"neow_bonus":"ONE_RARE_RELIC","is_prod":false,"is_daily":false,"chose_seed":false,"campfire_upgraded":6,"win_rate":0,"timestamp":1541530562,"path_taken":["M","?","M","M","$","R","E","R","T","M","R","?","$","?","R","BOSS","M","$","M","M","$","R","E","?","T","R","E","?","?","M","R","BOSS","M","M","?","$","M","?","?","M","T","R","M","?","R","E","R","BOSS"],"build_version":"2018-11-01","purchased_purges":4,"victory":true,"max_hp_per_floor":[70,70,70,70,70,70,70,70,70,70,70,70,70,75,75,75,75,75,75,75,75,75,75,75,75,75,75,75,75,75,75,75,75,75,75,75,75,75,75,75,75,75,75,75,75,75,75,75,75,75],"card_choices":[{"not_picked":["Sucker Punch","Poisoned Stab"],"picked":"Acrobatics","floor":1},{"not_picked":["Acrobatics","Underhanded Strike"],"picked":"Dagger Throw","floor":1},{"not_picked":["Deadly Poison","Quick Slash"],"picked":"Caltrops","floor":3},{"not_picked":["Catalyst","Masterful Stab"],"picked":"Noxious Fumes","floor":3},{"not_picked":["Dagger Throw","Wraith Form v2"],"picked":"Backstab","floor":4},{"not_picked":["Dodge and Roll","PiercingWail"],"picked":"Footwork","floor":4},{"not_picked":["Dagger Spray","PiercingWail"],"picked":"Backflip","floor":7},{"not_picked":["Dagger Spray","Skewer"],"picked":"Escape Plan","floor":10},{"not_picked":["Quick Slash","Footwork"],"picked":"Predator","floor":10},{"not_picked":["Finisher","Deflect"],"picked":"Dodge and Roll","floor":14},{"not_picked":["Backflip","Escape Plan","Skewer"],"picked":"SKIP","floor":14},{"not_picked":["Die Die Die","Envenom"],"picked":"A Thousand Cuts","floor":16},{"not_picked":["Slice","Dagger Throw+1"],"picked":"Reflex","floor":18},{"not_picked":["PiercingWail+1","Sucker Punch+1"],"picked":"Leg Sweep","floor":18},{"not_picked":["Leg Sweep+1","Deadly Poison"],"picked":"Backflip+1","floor":20},{"not_picked":["Slice","Sucker Punch","Poisoned Stab"],"picked":"SKIP","floor":20},{"not_picked":["PiercingWail+1","Masterful Stab"],"picked":"Prepared","floor":21},{"not_picked":["Terror+1","Outmaneuver"],"picked":"Predator+1","floor":21},{"not_picked":["Quick Slash","Backflip"],"picked":"Die Die Die","floor":24},{"not_picked":["Backflip","Blade Dance","Bane"],"picked":"SKIP","floor":28},{"not_picked":["Finisher+1","Prepared","Poisoned Stab"],"picked":"SKIP","floor":29},{"not_picked":["Bane","Caltrops","Sucker Punch"],"picked":"SKIP","floor":29},{"not_picked":["Catalyst","Blade Dance"],"picked":"Blur","floor":31},{"not_picked":["Skewer+1","Slice"],"picked":"Blur","floor":31},{"not_picked":["Night Terror","Die Die Die"],"picked":"After Image","floor":33},{"not_picked":["Slice+1","Outmaneuver"],"picked":"Deflect","floor":35},{"not_picked":["Blur","Outmaneuver+1"],"picked":"Caltrops+1","floor":35},{"not_picked":["Deadly Poison+1","Quick Slash"],"picked":"Underhanded Strike+1","floor":36},{"not_picked":["Acrobatics","Sucker Punch+1"],"picked":"Underhanded Strike","floor":36},{"not_picked":["Slice","All Out Attack+1","Finisher"],"picked":"SKIP","floor":39},{"not_picked":["Glass Knife","Deflect","Quick Slash"],"picked":"SKIP","floor":39},{"not_picked":["Infinite Blades","Riddle With Holes+1","Endless Agony"],"picked":"SKIP","floor":41},{"not_picked":["Quick Slash","Acrobatics+1","Noxious Fumes+1"],"picked":"SKIP","floor":41},{"not_picked":["Slice+1","Quick Slash"],"picked":"Well Laid Plans","floor":42},{"not_picked":["Backflip+1","Deadly Poison+1"],"picked":"Underhanded Strike+1","floor":42},{"not_picked":["Poisoned Stab+1","Slice"],"picked":"Dodge and Roll+1","floor":45},{"not_picked":["Dagger Spray+1","Distraction","Acrobatics"],"picked":"SKIP","floor":45},{"not_picked":["Riddle With Holes+1","Deadly Poison","Dagger Spray+1"],"picked":"SKIP","floor":46},{"not_picked":["Prepared","Poisoned Stab+1","Glass Knife"],"picked":"SKIP","floor":46},{"not_picked":["Dodge and Roll+1","Dagger Throw+1"],"picked":"Reflex+1","floor":48}],"player_experience":69288,"relics_obtained":[{"floor":7,"key":"Mercury Hourglass"},{"floor":9,"key":"Meat on the Bone"},{"floor":24,"key":"Vajra"},{"floor":26,"key":"Regal Pillow"},{"floor":28,"key":"MawBank"},{"floor":43,"key":"Ancient Tea Set"},{"floor":48,"key":"Mummified Hand"}],"event_choices":[{"damage_healed":0,"gold_gain":75,"player_choice":"Gather Gold","damage_taken":11,"max_hp_gain":0,"max_hp_loss":0,"event_name":"World of Goop","floor":2,"gold_loss":0},{"damage_healed":0,"gold_gain":275,"player_choice":"Desecrate","damage_taken":0,"max_hp_gain":0,"max_hp_loss":0,"event_name":"Golden Shrine","floor":12,"gold_loss":0,"cards_obtained":["Regret"]},{"damage_healed":0,"gold_gain":100,"player_choice":"Pray","damage_taken":0,"max_hp_gain":0,"max_hp_loss":0,"event_name":"Golden Shrine","floor":25,"gold_loss":0},{"damage_healed":0,"gold_gain":0,"player_choice":"Opened","damage_taken":0,"relics_obtained":["Paper Crane"],"max_hp_gain":0,"max_hp_loss":0,"event_name":"The Mausoleum","floor":30,"gold_loss":0},{"damage_healed":0,"gold_gain":0,"player_choice":"Ignored","damage_taken":0,"max_hp_gain":0,"max_hp_loss":0,"event_name":"Tomb of Lord Red Mask","floor":37,"gold_loss":0},{"damage_healed":0,"gold_gain":0,"cards_transformed":["Defend_G"],"player_choice":"Transformed","damage_taken":0,"max_hp_gain":0,"max_hp_loss":0,"event_name":"Transmorgrifier","floor":40,"gold_loss":0,"cards_obtained":["Endless Agony"]}],"is_beta":false,"boss_relics":[{"not_picked":["WristBlade","Runic Pyramid"],"picked":"HoveringKite"},{"not_picked":["Runic Dome","Lizard Tail"],"picked":"Ring of the Serpent"}],"items_purged_floors":[5,13,22,38],"is_endless":false,"potions_floor_spawned":[4,7,14,20,28,29,35,36,41],"ascension_level":1}