{"gold_per_floor":[118,118,144,144,16,56,56,56,56,99,118,138,169,183,183,282,282,301,301,59,73,123,123,123],"floor_reached":24,"playtime":1226,"items_purged":["Strike_B"],"score":511,"play_id":"8ef45453-4703-4f26-9702-db00ff54caa7","local_time":"20190407001041","is_ascension_mode":true,"campfire_choices":[{"data":"Consume","floor":7,"key":"SMITH"},{"data":"Doom and Gloom","floor":15,"key":"SMITH"},{"data":"Biased Cognition","floor":23,"key":"SMITH"}],"neow_cost":"NONE","seed_source_timestamp":348510914286111,"circlet_count":0,"master_deck":["AscendersBane","Strike_B","Strike_B","Strike_B","Defend_B","Defend_B","Defend_B","Defend_B","Zap+1","Dualcast","Ball Lightning","BootSequence","Consume+1","Machine Learning","Glacier","Coolheaded","Doom and Gloom+1","Biased Cognition+1","Genetic Algorithm","Leap"],"relics":["Cracked Core","NeowsBlessing","Golden Idol","Oddly Smooth Stone","PreservedInsect","Mercury Hourglass","Torii","Anchor","Black Star","Strawberry"],"potions_floor_usage":[14,16,21],"damage_taken":[{"damage":0,"enemies":"Small Slimes","floor":1,"turns":1},{"damage":0,"enemies":"3 Sentries","floor":6,"turns":2},{"damage":0,"enemies":"Lagavulin","floor":10,"turns":1},{"damage":0,"enemies":"Jaw Worm","floor":11,"turns":2},{"damage":0,"enemies":"2 Louse","floor":12,"turns":2},{"damage":8,"enemies":"Gremlin Nob","floor":13,"turns":3},{"damage":0,"enemies":"Lots of Slimes","floor":14,"turns":3},{"damage":26,"enemies":"Slime Boss","floor":16,"turns":5},{"damage":13,"enemies":"Shell Parasite","floor":18,"turns":6},{"damage":10,"enemies":"3 Byrds","floor":21,"turns":3},{"damage":46,"enemies":"Gremlin Leader","floor":24,"turns":5}],"seed_played":"-4034204868528267093","potions_obtained":[{"floor":6,"key":"Block Potion"},{"floor":12,"key":"SkillPotion"},{"floor":18,"key":"GamblersBrew"}],"is_trial":false,"path_per_floor":["M","?","T","?","$","E","R","?","T","E","M","M","E","M","R","B",null,"M","?","$","M","?","R","E"],"character_chosen":"DEFECT","items_purchased":["BootSequence","Consume","Strawberry"],"campfire_rested":0,"item_purchase_floors":[5,5,20],"current_hp_per_floor":[64,64,64,64,64,64,64,64,64,64,64,64,56,56,56,30,56,43,43,50,40,40,40,0],"gold":123,"neow_bonus":"THREE_ENEMY_KILL","is_prod":false,"is_daily":false,"chose_seed":false,"campfire_upgraded":3,"win_rate":0,"timestamp":1554610241,"path_taken":["M","?","?","?","$","E","R","?","T","E","?","M","E","M","R","BOSS","M","?","$","M","?","R","E"],"build_version":"2019-01-23","purchased_purges":1,"victory":false,"max_hp_per_floor":[71,64,64,64,64,64,64,64,64,64,64,64,64,64,64,64,64,64,64,71,71,71,71,71],"card_choices":[{"not_picked":["Compile Driver","Go for the Eyes"],"picked":"Ball Lightning","floor":1},{"not_picked":["Recycle","FTL"],"picked":"Machine Learning","floor":6},{"not_picked":["Chill","Coolheaded"],"picked":"Glacier","floor":10},{"not_picked":["Turbo","Redo"],"picked":"Coolheaded","floor":11},{"not_picked":["Sunder","Consume"],"picked":"Doom and Gloom","floor":12},{"not_picked":["Redo","Lockon","Reinforced Body"],"picked":"SKIP","floor":13},{"not_picked":["Sweeping Beam","Barrage","Conserve Battery"],"picked":"SKIP","floor":14},{"not_picked":["Hyperbeam","Buffer"],"picked":"Biased Cognition","floor":16},{"not_picked":["Rip and Tear","Doom and Gloom"],"picked":"Genetic Algorithm","floor":18},{"not_picked":["Gash","Heatsinks"],"picked":"Leap","floor":21}],"player_experience":839813,"relics_obtained":[{"floor":3,"key":"Oddly Smooth Stone"},{"floor":6,"key":"PreservedInsect"},{"floor":9,"key":"Mercury Hourglass"},{"floor":10,"key":"Torii"},{"floor":13,"key":"Anchor"}],"event_choices":[{"damage_healed":0,"gold_gain":0,"player_choice":"Lose Max HP","damage_taken":0,"relics_obtained":["Golden Idol"],"max_hp_gain":0,"max_hp_loss":7,"event_name":"Golden Idol","floor":2,"gold_loss":0},{"damage_healed":0,"gold_gain":0,"player_choice":"Leave","damage_taken":0,"max_hp_gain":0,"max_hp_loss":0,"event_name":"The Cleric","floor":4,"gold_loss":0},{"damage_healed":0,"gold_gain":0,"player_choice":"Forge","damage_taken":0,"max_hp_gain":0,"max_hp_loss":0,"event_name":"Accursed Blacksmith","floor":8,"gold_loss":0,"cards_upgraded":["Zap"]},{"damage_healed":0,"gold_gain":0,"player_choice":"Ignored","damage_taken":0,"max_hp_gain":0,"max_hp_loss":0,"event_name":"Beggar","floor":19,"gold_loss":0},{"damage_healed":0,"gold_gain":50,"player_choice":"Stole From Cult","damage_taken":0,"max_hp_gain":0,"max_hp_loss":0,"event_name":"Nest","floor":22,"gold_loss":0}],"is_beta":false,"boss_relics":[{"not_picked":["Astrolabe","Ectoplasm"],"picked":"Black Star"}],"items_purged_floors":[20],"is_endless":false,"potions_floor_spawned":[6,12,18],"killed_by":"Gremlin Leader","ascension_level":19}