{"gold_per_floor":[118,193,203,203,216,216,247,247,247,15,25,35,47,75,75,149,149,135,152,166,166,166,193,193,118,118,133,161,86,86,106,106,106],"floor_reached":33,"playtime":2974,"items_purged":[],"score":505,"play_id":"5dd4d732-53f1-4de5-9e63-d224bebe6e77","local_time":"20190116004410","is_ascension_mode":true,"campfire_choices":[{"data":"Armaments","floor":6.0,"key":"SMITH"},{"data":"Flex","floor":8.0,"key":"SMITH"},{"data":"Iron Wave","floor":15.0,"key":"SMITH"},{"data":"Bash","floor":24,"key":"SMITH"},{"data":"Heavy Blade","floor":30,"key":"SMITH"},{"data":"Sword Boomerang","floor":32,"key":"SMITH"}],"neow_cost":"NONE","seed_source_timestamp":0,"circlet_count":0,"master_deck":["AscendersBane","Strike_R","Strike_R","Strike_R","Strike_R","Defend_R","Defend_R","Defend_R","Defend_R","Bash+1","Dramatic Entrance","Shrug It Off","Armaments+1","Flex+1","Reaper","Metallicize+1","Immolate","Iron Wave+1","Headbutt","Rupture+1","Sword Boomerang+1","Disarm","Reaper","Shrug It Off+1","Heavy Blade+1","Impervious","Demon Form+1"],"special_seed":0,"relics":["Burning Blood","StoneCalendar","Frozen Egg 2","Lantern","Snecko Eye","Ornamental Fan","Kunai","Champion Belt","Vajra"],"potions_floor_usage":[23,23,28],"damage_taken":[{"damage":12.0,"enemies":"Jaw Worm","floor":1.0,"turns":4.0},{"damage":2.0,"enemies":"Small Slimes","floor":3.0,"turns":3.0},{"damage":2.0,"enemies":"2 Louse","floor":5.0,"turns":4.0},{"damage":37.0,"enemies":"3 Sentries","floor":7.0,"turns":12.0},{"damage":1.0,"enemies":"Blue Slaver","floor":11.0,"turns":4.0},{"damage":1.0,"enemies":"Exordium Thugs","floor":12.0,"turns":3.0},{"damage":0.0,"enemies":"2 Fungi Beasts","floor":13.0,"turns":1.0},{"damage":14.0,"enemies":"Lagavulin","floor":14.0,"turns":7.0},{"damage":27.0,"enemies":"Slime Boss","floor":16.0,"turns":9.0},{"damage":32,"enemies":"2 Thieves","floor":18,"turns":4},{"damage":4,"enemies":"Chosen","floor":19,"turns":4},{"damage":0,"enemies":"Snecko","floor":20,"turns":4},{"damage":41,"enemies":"Gremlin Leader","floor":23,"turns":8},{"damage":21,"enemies":"Shelled Parasite and Fungi","floor":27,"turns":5},{"damage":54,"enemies":"Slavers","floor":28,"turns":6},{"damage":12,"enemies":"Sentry and Sphere","floor":31,"turns":4},{"damage":49,"enemies":"Collector","floor":33,"turns":5}],"seed_played":"4130385556168910225","potions_obtained":[{"floor":5.0,"key":"Ancient Potion"},{"floor":12.0,"key":"Regen Potion"},{"floor":14.0,"key":"FearPotion"},{"floor":16.0,"key":"LiquidBronze"},{"floor":18,"key":"BloodPotion"},{"floor":27,"key":"Strength Potion"}],"is_trial":false,"path_per_floor":["M","?","M","?","M","R","E","R","T","$","M","M","M","E","R","B",null,"M","M","M","?","?","E","R","$","T","M","E","?","R","M","R","B"],"character_chosen":"IRONCLAD","items_purchased":["Metallicize+1","Immolate","Iron Wave","Impervious"],"campfire_rested":0,"item_purchase_floors":[10,10,10,25],"current_hp_per_floor":[62,51,55,60,64,64,33,33,33,33,41,51,57,64,64,56,74,66,76,80,80,80,73,73,73,73,64,46,46,46,45,45,0],"gold":106,"neow_bonus":"RANDOM_COLORLESS","is_prod":false,"is_daily":false,"chose_seed":false,"campfire_upgraded":6,"win_rate":0,"timestamp":1547628250,"path_taken":["M","?","M","?","M","R","E","R","T","?","M","M","?","E","R","BOSS","M","M","M","?","?","E","R","$","T","M","E","?","R","M","R","BOSS"],"build_version":"2019-01-10","purchased_purges":0,"victory":false,"max_hp_per_floor":[75,75,75,80,80,80,80,80,80,80,80,80,80,80,80,80,80,80,80,80,80,80,80,80,80,80,80,80,80,80,80,80,80],"card_choices":[{"not_picked":["Clothesline","Anger"],"picked":"Shrug It Off","floor":1.0},{"not_picked":["True Grit","Heavy Blade"],"picked":"Armaments","floor":3.0},{"not_picked":["Body Slam","Thunderclap"],"picked":"Flex","floor":5.0},{"not_picked":["Flex","Fiend Fire"],"picked":"Reaper","floor":7.0},{"not_picked":["Pommel Strike","Thunderclap"],"picked":"Headbutt","floor":11.0},{"not_picked":["Havoc","Pummel"],"picked":"Rupture+1","floor":12.0},{"not_picked":["Body Slam","Headbutt"],"picked":"Sword Boomerang","floor":13.0},{"not_picked":["Clash","Perfected Strike"],"picked":"Disarm","floor":14.0},{"not_picked":["Barricade+1","Fiend Fire"],"picked":"Reaper","floor":16.0},{"not_picked":["Clash","Ghostly Armor+1"],"picked":"Shrug It Off+1","floor":18},{"not_picked":["Iron Wave","Seeing Red"],"picked":"Heavy Blade","floor":19},{"not_picked":["Disarm","Perfected Strike","Armaments"],"picked":"SKIP","floor":20},{"not_picked":["Disarm","Perfected Strike","Armaments"],"picked":"SKIP","floor":20},{"not_picked":["Blood for Blood","Searing Blow","Armaments"],"picked":"SKIP","floor":23},{"not_picked":["Body Slam","Iron Wave+1"],"picked":"Demon Form+1","floor":27},{"not_picked":["Armaments","Twin Strike","Intimidate+1"],"picked":"SKIP","floor":28},{"not_picked":["Intimidate","Dual Wield","Armaments"],"picked":"SKIP","floor":31}],"player_experience":450918,"relics_obtained":[{"floor":7.0,"key":"StoneCalendar"},{"floor":9.0,"key":"Frozen Egg 2"},{"floor":14.0,"key":"Lantern"},{"floor":23,"key":"Kunai"},{"floor":26,"key":"Champion Belt"},{"floor":28,"key":"Vajra"}],"event_choices":[{"damage_healed":0.0,"max_hp_gain":0.0,"max_hp_loss":0.0,"gold_gain":75.0,"event_name":"World of Goop","player_choice":"Gather Gold","floor":2.0,"gold_loss":0.0,"damage_taken":11.0},{"damage_healed":0.0,"max_hp_gain":5.0,"max_hp_loss":0.0,"gold_gain":0.0,"event_name":"Big Fish","player_choice":"Donut","floor":4.0,"gold_loss":0.0,"damage_taken":0.0},{"damage_healed":0,"gold_gain":0,"player_choice":"Ignored","damage_taken":0,"max_hp_gain":0,"max_hp_loss":0,"event_name":"Vampires","floor":21,"gold_loss":0},{"damage_healed":0,"gold_gain":0,"player_choice":"Opened","damage_taken":0,"relics_obtained":["Ornamental Fan"],"max_hp_gain":0,"max_hp_loss":0,"event_name":"The Mausoleum","floor":22,"gold_loss":0},{"cards_removed":["Strike_R"],"damage_healed":0,"gold_gain":0,"player_choice":"Gave Gold","damage_taken":0,"max_hp_gain":0,"max_hp_loss":0,"event_name":"Beggar","floor":29,"gold_loss":75}],"is_beta":false,"boss_relics":[{"not_picked":["Fusion Hammer","Astrolabe"],"picked":"Snecko Eye"}],"items_purged_floors":[],"is_endless":false,"potions_floor_spawned":[5,12,14,16,18,27],"killed_by":"Collector","ascension_level":14}