{"gold_per_floor":[109,109,109,109,109,109,125,137,218,234,245,245,258,271,271,372,372,388,402,402,1,0,0,13,33,33,33,33,33,33,46,46,151,151,162,9,19,19,32,32,45,45,45,45,56,71,71,83,83,83],"floor_reached":51,"playtime":5518,"items_purged":[],"score":593,"play_id":"1fd1acf2-3a16-4190-b9fe-17f4d9c8f83c","local_time":"20190911220423","is_ascension_mode":false,"campfire_choices":[{"data":"Dagger Throw","floor":6,"key":"SMITH"},{"data":"Caltrops","floor":12,"key":"SMITH"},{"floor":15,"key":"REST"},{"data":"Sadistic Nature","floor":23,"key":"SMITH"},{"floor":27,"key":"REST"},{"data":"Noxious Fumes","floor":30,"key":"SMITH"},{"data":"Poisoned Stab","floor":32,"key":"SMITH"},{"floor":40,"key":"REST"},{"floor":42,"key":"REST"},{"data":"A Thousand Cuts","floor":44,"key":"SMITH"},{"data":"Sucker Punch","floor":49,"key":"SMITH"}],"neow_cost":"NONE","seed_source_timestamp":48594160474200,"circlet_count":0,"master_deck":["Strike_G+1","Strike_G+1","Defend_G","Defend_G","Defend_G","Defend_G","Survivor","Neutralize+1","Dagger Throw+1","Backflip","Flying Knee","Deadly Poison","Caltrops+1","Poisoned Stab+1","Dagger Spray+1","Sucker Punch+1","Glass Knife+1","Blade Dance+1","Backstab","Quick Slash","Sadistic Nature+1","Noxious Fumes+1","Backflip+1","Shame","Prepared+1","A Thousand Cuts+1","Prepared","Deflect+1","Slice+1","Distraction+1","Doubt","Sucker Punch+1"],"relics":["Ring of the Snake","NeowsBlessing","Paper Crane","Kunai","Astrolabe","TwistedFunnel","FossilizedHelix","Torii","WristBlade","Whetstone","Vajra"],"potions_floor_usage":[18,25,31,39,39,45],"damage_taken":[{"damage":0,"enemies":"Cultist","floor":1,"turns":1},{"damage":0,"enemies":"Small Slimes","floor":7,"turns":1},{"damage":0,"enemies":"2 Louse","floor":8,"turns":1},{"damage":0,"enemies":"Exordium Wildlife","floor":10,"turns":3},{"damage":0,"enemies":"2 Fungi Beasts","floor":11,"turns":4},{"damage":0,"enemies":"Blue Slaver","floor":13,"turns":4},{"damage":12,"enemies":"3 Louse","floor":14,"turns":3},{"damage":13,"enemies":"The Guardian","floor":16,"turns":11},{"damage":11,"enemies":"Spheric Guardian","floor":18,"turns":5},{"damage":1,"enemies":"Chosen","floor":19,"turns":3},{"damage":17,"enemies":"Snake Plant","floor":24,"turns":3},{"damage":2,"enemies":"Centurion and Healer","floor":25,"turns":8},{"damage":0,"enemies":"Snecko","floor":31,"turns":4},{"damage":84,"enemies":"Champ","floor":33,"turns":12},{"damage":0,"enemies":"3 Shapes","floor":35,"turns":3},{"damage":0,"enemies":"Orb Walker","floor":37,"turns":3},{"damage":30,"enemies":"Jaw Worm Horde","floor":39,"turns":4},{"damage":20,"enemies":"Maw","floor":41,"turns":7},{"damage":0,"enemies":"Spire Growth","floor":45,"turns":4},{"damage":21,"enemies":"Sphere and 2 Shapes","floor":46,"turns":7},{"damage":1,"enemies":"Transient","floor":48,"turns":5},{"damage":43,"enemies":"Awakened One","floor":50,"turns":17}],"seed_played":"5231048259448978796","potions_obtained":[{"floor":7,"key":"FairyPotion"},{"floor":11,"key":"SteroidPotion"},{"floor":16,"key":"Energy Potion"},{"floor":19,"key":"EssenceOfSteel"},{"floor":33,"key":"GamblersBrew"},{"floor":35,"key":"Dexterity Potion"},{"floor":37,"key":"Ancient Potion"},{"floor":39,"key":"Dexterity Potion"}],"is_trial":false,"path_per_floor":["M","?","?","?","T","R","M","M","T","M","M","R","M","M","R","B",null,"M","M","?","$","?","R","M","M","T","R","?","$","R","M","R","B",null,"M","$","M","$","M","R","M","R","T","R","M","M","?","M","R","B",null],"character_chosen":"THE_SILENT","items_purchased":["TwistedFunnel","Sadistic Nature","Whetstone"],"campfire_rested":4,"item_purchase_floors":[21,21,36],"current_hp_per_floor":[70,56,49,70,70,70,70,70,70,70,70,70,70,58,70,57,70,59,58,70,70,70,70,53,51,51,70,70,70,70,70,70,7,70,70,70,70,70,40,61,41,62,62,62,62,41,70,69,69,26],"gold":83,"neow_bonus":"THREE_ENEMY_KILL","is_prod":false,"is_daily":false,"chose_seed":false,"campfire_upgraded":7,"win_rate":0.0,"timestamp":1568264663,"path_taken":["M","?","?","?","?","R","M","?","T","M","M","R","M","M","R","BOSS","M","M","?","$","?","R","M","M","T","R","?","?","R","M","R","BOSS","M","$","M","$","M","R","M","R","T","R","M","M","?","M","R","BOSS"],"build_version":"2019-07-17","purchased_purges":0,"victory":true,"max_hp_per_floor":[70,70,70,70,70,70,70,70,70,70,70,70,70,70,70,70,70,70,70,70,70,70,70,70,70,70,70,70,70,70,70,70,70,70,70,70,70,70,70,70,70,70,70,70,70,70,70,70,70,70],"card_choices":[{"not_picked":["Prepared","Slice"],"picked":"Dagger Throw","floor":1},{"not_picked":["Underhanded Strike","Acrobatics"],"picked":"Backflip","floor":7},{"not_picked":["Slice","Crippling Poison"],"picked":"Flying Knee","floor":8},{"not_picked":["Prepared","Slice"],"picked":"Deadly Poison","floor":10},{"not_picked":["Deadly Poison","Footwork"],"picked":"Caltrops","floor":11},{"not_picked":["Outmaneuver","Deadly Poison"],"picked":"Poisoned Stab","floor":13},{"not_picked":["Masterful Stab","Backflip"],"picked":"Dagger Spray","floor":14},{"not_picked":["Flechettes","Prepared"],"picked":"Backstab","floor":18},{"not_picked":["Dodge and Roll+1","Calculated Gamble"],"picked":"Quick Slash","floor":19},{"not_picked":["Choke","Blade Dance"],"picked":"Noxious Fumes","floor":24},{"not_picked":["Dodge and Roll","Deflect"],"picked":"Backflip+1","floor":25},{"not_picked":["Backflip","Tactician"],"picked":"Prepared+1","floor":31},{"not_picked":["Glass Knife","Unload"],"picked":"A Thousand Cuts","floor":33},{"not_picked":["Blade Dance","Dagger Spray"],"picked":"Prepared","floor":35},{"not_picked":["Reflex+1","Outmaneuver","Deadly Poison"],"picked":"SKIP","floor":37},{"not_picked":["Dagger Spray+1","Underhanded Strike"],"picked":"Deflect+1","floor":39},{"not_picked":["Dagger Throw+1","Blade Dance","Backflip"],"picked":"SKIP","floor":41},{"not_picked":["Backflip","Skewer"],"picked":"Slice+1","floor":45},{"not_picked":["Phantasmal Killer","Eviscerate"],"picked":"Distraction+1","floor":46},{"not_picked":["Poisoned Stab","Backflip"],"picked":"Sucker Punch","floor":48}],"player_experience":1483,"relics_obtained":[{"floor":5,"key":"Paper Crane"},{"floor":9,"key":"Kunai"},{"floor":26,"key":"FossilizedHelix"},{"floor":43,"key":"Vajra"}],"event_choices":[{"damage_healed":0,"gold_gain":0,"player_choice":"Entered Light","damage_taken":14,"max_hp_gain":0,"max_hp_loss":0,"event_name":"Shining Light","floor":2,"gold_loss":0,"cards_upgraded":["Strike_G","Strike_G"]},{"cards_removed":["Strike_G"],"damage_healed":0,"gold_gain":0,"player_choice":"Card Removal","damage_taken":7,"max_hp_gain":0,"max_hp_loss":0,"event_name":"Golden Wing","floor":3,"gold_loss":0},{"damage_healed":23,"gold_gain":0,"player_choice":"Banana","damage_taken":0,"max_hp_gain":0,"max_hp_loss":0,"event_name":"Big Fish","floor":4,"gold_loss":0},{"damage_healed":23,"gold_gain":0,"player_choice":"Heal","damage_taken":0,"max_hp_gain":0,"max_hp_loss":0,"event_name":"The Library","floor":20,"gold_loss":0},{"damage_healed":0,"gold_gain":0,"player_choice":"Paid Fearfully","damage_taken":0,"max_hp_gain":0,"max_hp_loss":0,"event_name":"Masked Bandits","floor":22,"gold_loss":1},{"damage_healed":0,"gold_gain":0,"player_choice":"Stole Relic","damage_taken":0,"relics_obtained":["Torii"],"max_hp_gain":0,"max_hp_loss":0,"event_name":"Addict","floor":28,"gold_loss":0,"cards_obtained":["Shame"]},{"damage_healed":29,"gold_gain":0,"player_choice":"Heal","damage_taken":0,"max_hp_gain":0,"max_hp_loss":0,"event_name":"MindBloom","floor":47,"gold_loss":0,"cards_obtained":["Doubt"]}],"is_beta":false,"boss_relics":[{"not_picked":["Sozu","Busted Crown"],"picked":"Astrolabe"},{"not_picked":["Black Star","Runic Pyramid"],"picked":"WristBlade"}],"items_purged_floors":[],"is_endless":false,"potions_floor_spawned":[7,11,16,19,33,35,37,39],"ascension_level":0}