{"gold_per_floor":[15,15,30,0,19,19,43,79,79,79,119,119,132,147,147,278,278,292,292,308,308,326,326,370,370,370,385,400,141,154,172,172,172],"floor_reached":33,"playtime":3507,"items_purged":["Defend_B"],"score":393,"play_id":"e56ac32b-64c1-4915-a1f8-e83909d7134d","local_time":"20181228143430","is_ascension_mode":true,"campfire_choices":[{"data":"Coolheaded","floor":6.0,"key":"SMITH"},{"floor":10.0,"key":"REST"},{"floor":15.0,"key":"REST"},{"data":"Echo Form","floor":23,"key":"SMITH"},{"floor":25,"key":"REST"},{"data":"Force Field","floor":32,"key":"SMITH"}],"neow_cost":"NO_GOLD","seed_source_timestamp":0,"circlet_count":0,"master_deck":["Strike_B","Strike_B","Strike_B","Strike_B","Defend_B","Defend_B","Defend_B","Zap","Dualcast","Enlightenment","Finesse","Cold Snap","Coolheaded+1","Undo","Static Discharge","Electrodynamics","Sunder","Echo Form+1","Force Field+1","Undo","Zap","Conserve Battery","Mayhem","Capacitor+1"],"special_seed":0,"relics":["Cracked Core","Golden Idol","Happy Flower","Mercury Hourglass","Bird Faced Urn","Velvet Choker","Meat on the Bone","Bronze Scales"],"potions_floor_usage":[28,30,31,33],"damage_taken":[{"damage":0.0,"enemies":"Small Slimes","floor":1.0,"turns":3.0},{"damage":0.0,"enemies":"Jaw Worm","floor":3.0,"turns":4.0},{"damage":0.0,"enemies":"Cultist","floor":5.0,"turns":3.0},{"damage":0.0,"enemies":"Large Slime","floor":7.0,"turns":5.0},{"damage":12.0,"enemies":"3 Sentries","floor":8.0,"turns":9.0},{"damage":36.0,"enemies":"Gremlin Nob","floor":11.0,"turns":4.0},{"damage":10.0,"enemies":"2 Fungi Beasts","floor":13.0,"turns":3.0},{"damage":0.0,"enemies":"Lots of Slimes","floor":14.0,"turns":1.0},{"damage":8.0,"enemies":"The Guardian","floor":16.0,"turns":12.0},{"damage":0.0,"enemies":"Spheric Guardian","floor":18.0,"turns":4.0},{"damage":5,"enemies":"Chosen","floor":20,"turns":4},{"damage":27,"enemies":"Shelled Parasite and Fungi","floor":22,"turns":5},{"damage":14,"enemies":"Gremlin Leader","floor":24,"turns":5},{"damage":15,"enemies":"Snake Plant","floor":27,"turns":4},{"damage":8,"enemies":"Sentry and Sphere","floor":28,"turns":4},{"damage":0,"enemies":"3 Cultists","floor":30,"turns":3},{"damage":11,"enemies":"Cultist and Chosen","floor":31,"turns":6},{"damage":94,"enemies":"Champ","floor":33,"turns":14}],"seed_played":"-8708023231973698202","potions_obtained":[{"floor":3.0,"key":"EssenceOfSteel"},{"floor":7.0,"key":"Strength Potion"},{"floor":14.0,"key":"Fire Potion"},{"floor":20,"key":"Fire Potion"},{"floor":28,"key":"Explosive Potion"},{"floor":30,"key":"Block Potion"},{"floor":31,"key":"Regen Potion"}],"is_trial":false,"path_per_floor":["M","?","M","M","?","M","R","M","E","T","R","E","?","M","M","R","B",null,"M","?","M","?","M","R","E","R","T","M","M","$","M","M","R","B"],"character_chosen":"DEFECT","items_purchased":["Mayhem"],"campfire_rested":3,"item_purchase_floors":[29],"current_hp_per_floor":[68,50,50,50,50,50,50,38,38,60,24,24,16,18,40,36,65,71,71,72,72,49,49,41,63,63,52,50,50,58,59,59,0],"gold":172,"neow_bonus":"RANDOM_COLORLESS_2","is_prod":false,"is_daily":false,"chose_seed":false,"campfire_upgraded":3,"win_rate":0,"timestamp":1546036470,"path_taken":["M","?","M","?","M","R","M","E","T","R","E","?","M","M","R","BOSS","M","?","M","?","M","R","E","R","T","M","M","$","M","?","R","BOSS"],"build_version":"2018-12-20","purchased_purges":1,"victory":false,"max_hp_per_floor":[75,75,75,75,75,75,75,75,75,75,75,75,75,75,75,75,75,75,75,75,75,75,75,75,75,75,75,75,75,75,75,75,75],"card_choices":[{"not_picked":["Steam","Turbo"],"picked":"Cold Snap","floor":1.0},{"not_picked":["Lockon","Turbo"],"picked":"Coolheaded","floor":3.0},{"not_picked":["Genetic Algorithm","Stack"],"picked":"Undo","floor":5.0},{"not_picked":["Stack","Gash","Redo"],"picked":"SKIP","floor":7.0},{"not_picked":["Coolheaded","Fission"],"picked":"Static Discharge","floor":8.0},{"not_picked":["Streamline","BootSequence"],"picked":"Electrodynamics","floor":11.0},{"not_picked":["Rebound","Auto Shields"],"picked":"Sunder","floor":13.0},{"not_picked":["Gash","Barrage","Coolheaded"],"picked":"SKIP","floor":14.0},{"not_picked":["Hyperbeam","Thunder Strike"],"picked":"Echo Form","floor":16.0},{"not_picked":["Barrage","Coolheaded","Compile Driver"],"picked":"SKIP","floor":18.0},{"not_picked":["Cold Snap","Ball Lightning"],"picked":"Force Field","floor":20},{"not_picked":["Go for the Eyes","Barrage+1","Coolheaded"],"picked":"SKIP","floor":22},{"not_picked":["Sweeping Beam","Darkness","Stack"],"picked":"SKIP","floor":24},{"not_picked":["Hello World","Streamline","FTL"],"picked":"SKIP","floor":27},{"not_picked":["Rebound","Hyperbeam"],"picked":"Conserve Battery","floor":28},{"not_picked":["Cold Snap","Conserve Battery","Sweeping Beam"],"picked":"SKIP","floor":30},{"not_picked":["Stack","Conserve Battery"],"picked":"Capacitor+1","floor":31}],"player_experience":271238,"relics_obtained":[{"floor":8.0,"key":"Happy Flower"},{"floor":9.0,"key":"Mercury Hourglass"},{"floor":11.0,"key":"Bird Faced Urn"},{"floor":24,"key":"Meat on the Bone"},{"floor":26,"key":"Bronze Scales"}],"event_choices":[{"damage_healed":0.0,"max_hp_gain":0.0,"max_hp_loss":0.0,"gold_gain":0.0,"event_name":"Golden Idol","player_choice":"Take Damage","floor":2.0,"gold_loss":0.0,"damage_taken":18.0,"relics_obtained":["Golden Idol"]},{"damage_healed":0.0,"max_hp_gain":0.0,"max_hp_loss":0.0,"gold_gain":0.0,"event_name":"World of Goop","player_choice":"Left Gold","floor":4.0,"gold_loss":30.0,"damage_taken":0.0},{"damage_healed":0.0,"max_hp_gain":0.0,"max_hp_loss":0.0,"gold_gain":0.0,"event_name":"Scrap Ooze","player_choice":"Fled","floor":12.0,"gold_loss":0.0,"damage_taken":0.0},{"damage_healed":0,"gold_gain":0,"player_choice":"Ignored","damage_taken":0,"max_hp_gain":0,"max_hp_loss":0,"event_name":"Vampires","floor":19,"gold_loss":0},{"damage_healed":0,"gold_gain":0,"player_choice":"2 cards matched","damage_taken":0,"max_hp_gain":0,"max_hp_loss":0,"event_name":"Match and Keep!","floor":21,"gold_loss":0,"cards_obtained":["Undo","Zap"]}],"is_beta":false,"boss_relics":[{"not_picked":["Orrery","Coffee Dripper"],"picked":"Velvet Choker"}],"items_purged_floors":[29],"is_endless":false,"potions_floor_spawned":[3,7,14,20,28,30,31],"killed_by":"Champ","ascension_level":8}