{"gold_per_floor":[116,116,65,65,80,80,107,107,134,161,73,73,89,114,114,214,214,227,227,227],"floor_reached":20,"playtime":2099,"items_purged":[],"score":207,"play_id":"a3b0a24a-9ff5-4178-b2ff-3be4c512eb06","local_time":"20190810170121","is_ascension_mode":true,"campfire_choices":[{"data":"Panacea","floor":6,"key":"SMITH"},{"floor":8,"key":"REST"},{"floor":12,"key":"REST"},{"data":"Armaments","floor":15,"key":"SMITH"}],"neow_cost":"TEN_PERCENT_HP_LOSS","seed_source_timestamp":91280445879057,"circlet_count":0,"master_deck":["Strike_R","Strike_R","Strike_R","Strike_R","Strike_R","Defend_R","Defend_R","Defend_R","Defend_R","Good Instincts","Panacea+1","Thunderclap","Disarm","Shrug It Off","Sword Boomerang","Clash","Armaments+1","Double Tap","Offering","Headbutt","Twin Strike","Intimidate","Rampage","Impervious","Necronomicurse"],"relics":["Burning Blood","Bag of Preparation","Strawberry","Darkstone Periapt","Blood Vial","Paper Frog","Orrery","Necronomicon"],"potions_floor_usage":[7,7,16,20,20],"damage_taken":[{"damage":8,"enemies":"Jaw Worm","floor":1,"turns":5},{"damage":3,"enemies":"Small Slimes","floor":5,"turns":4},{"damage":28,"enemies":"Lagavulin","floor":7,"turns":12},{"damage":41,"enemies":"Gremlin Nob","floor":10,"turns":6},{"damage":0,"enemies":"Cultist","floor":13,"turns":4},{"damage":14,"enemies":"3 Sentries","floor":14,"turns":9},{"damage":67,"enemies":"Slime Boss","floor":16,"turns":16},{"damage":8,"enemies":"3 Byrds","floor":18,"turns":7},{"damage":71,"enemies":"Masked Bandits","floor":20,"turns":6}],"seed_played":"-2832237916193818714","potions_obtained":[{"floor":5,"key":"Fire Potion"},{"floor":14,"key":"SteroidPotion"},{"floor":16,"key":"Swift Potion"},{"floor":18,"key":"SneckoOil"}],"is_trial":false,"path_per_floor":["M","?","$","?","M","R","E","R","T","E","?","R","M","E","R","B",null,"M","?","?"],"character_chosen":"IRONCLAD","items_purchased":["Energy Potion"],"campfire_rested":2,"item_purchase_floors":[3],"current_hp_per_floor":[70,70,70,70,72,72,50,71,78,43,43,66,74,68,68,9,79,77,67,0],"gold":227,"neow_bonus":"RANDOM_COLORLESS_2","is_prod":false,"is_daily":false,"chose_seed":false,"campfire_upgraded":2,"win_rate":0,"timestamp":1565470881,"path_taken":["M","?","$","?","M","R","E","R","T","E","?","R","?","E","R","BOSS","M","?","?"],"build_version":"2019-07-17","purchased_purges":0,"victory":false,"max_hp_per_floor":[72,72,72,72,72,72,72,72,79,79,79,79,79,79,79,79,79,79,85,85],"card_choices":[{"not_picked":["Combust","Clothesline"],"picked":"Thunderclap","floor":1},{"not_picked":["Havoc","Twin Strike"],"picked":"Shrug It Off","floor":5},{"not_picked":["Clothesline","Pommel Strike"],"picked":"Sword Boomerang","floor":7},{"not_picked":["Armaments","Burning Pact"],"picked":"Clash","floor":10},{"not_picked":["Wild Strike","Warcry"],"picked":"Armaments","floor":13},{"not_picked":["Uppercut","Burning Pact"],"picked":"Double Tap","floor":14},{"not_picked":["Bludgeon","Berserk"],"picked":"Offering","floor":16},{"not_picked":["Clothesline","Evolve"],"picked":"Headbutt","floor":17},{"not_picked":["Heavy Blade","Thunderclap"],"picked":"Twin Strike","floor":17},{"not_picked":["Twin Strike","True Grit"],"picked":"Intimidate","floor":17},{"not_picked":["Body Slam","Second Wind"],"picked":"Rampage","floor":17},{"not_picked":["Thunderclap","Perfected Strike"],"picked":"Impervious","floor":17},{"not_picked":["Havoc","Anger","Clothesline"],"picked":"SKIP","floor":18}],"player_experience":159411,"relics_obtained":[{"floor":7,"key":"Bag of Preparation"},{"floor":9,"key":"Strawberry"},{"floor":10,"key":"Darkstone Periapt"},{"floor":14,"key":"Paper Frog"},{"floor":19,"key":"Necronomicon"}],"event_choices":[{"damage_healed":0,"gold_gain":0,"cards_transformed":["Bash"],"player_choice":"Change","damage_taken":0,"max_hp_gain":0,"max_hp_loss":0,"event_name":"Living Wall","floor":2,"gold_loss":0,"cards_obtained":["Disarm"]},{"damage_healed":0,"gold_gain":0,"player_choice":"Ignored","damage_taken":0,"max_hp_gain":0,"max_hp_loss":0,"event_name":"Golden Wing","floor":4,"gold_loss":0},{"damage_healed":0,"gold_gain":0,"player_choice":"Paid Gold","damage_taken":0,"relics_obtained":["Blood Vial"],"max_hp_gain":0,"max_hp_loss":0,"event_name":"WeMeetAgain","floor":11,"gold_loss":88},{"damage_healed":0,"gold_gain":0,"player_choice":"Obtained Book","damage_taken":16,"max_hp_gain":0,"max_hp_loss":0,"event_name":"Cursed Tome","floor":19,"gold_loss":0},{"damage_healed":0,"gold_gain":0,"player_choice":"Fought Bandits","damage_taken":0,"max_hp_gain":0,"max_hp_loss":0,"event_name":"Masked Bandits","floor":20,"gold_loss":0}],"is_beta":false,"boss_relics":[{"not_picked":["Lizard Tail","Runic Cube"],"picked":"Orrery"}],"items_purged_floors":[],"is_endless":false,"potions_floor_spawned":[5,14,16,18],"killed_by":"Masked Bandits","ascension_level":2}