{"gold_per_floor":[124,150,177,207,238,250,297,324,636,659,682,694,717,729,741,854,866,891,10,60,77,87,113,113,145,145,145],"floor_reached":27,"playtime":2401,"items_purged":[],"score":259,"play_id":"8ba20ba9-c65f-46cc-ae5d-39a2d4a65a25","local_time":"20190906231629","is_ascension_mode":false,"campfire_choices":[{"data":"Biased Cognition","floor":6,"key":"SMITH"},{"floor":12,"key":"REST"},{"data":"Streamline","floor":15,"key":"SMITH"},{"data":"Sweeping Beam","floor":24,"key":"SMITH"}],"neow_cost":"NONE","seed_source_timestamp":561377299018343,"circlet_count":0,"master_deck":["Strike_B","Strike_B","Strike_B","Strike_B","Defend_B","Defend_B","Defend_B","Defend_B","Zap","Dualcast","Ball Lightning","Biased Cognition+1","Hologram","Lockon","Hologram","Loop","Conserve Battery","Streamline+1","Sweeping Beam+1","Core Surge","Ball Lightning","Electrodynamics","Conserve Battery","Loop+1","Lockon","Force Field"],"relics":["Cracked Core","MawBank","DataDisk","Old Coin","SsserpentHead","Philosopher\u0027s Stone","Ice Cream","Meat on the Bone","Strange Spoon","Ginger","Cables","Letter Opener"],"potions_floor_usage":[5,7,8,16,22,23,27],"damage_taken":[{"damage":1,"enemies":"Cultist","floor":1,"turns":3},{"damage":2,"enemies":"2 Louse","floor":2,"turns":3},{"damage":0,"enemies":"Small Slimes","floor":3,"turns":3},{"damage":9,"enemies":"Blue Slaver","floor":4,"turns":3},{"damage":7,"enemies":"Looter","floor":5,"turns":3},{"damage":8,"enemies":"Lagavulin","floor":7,"turns":6},{"damage":10,"enemies":"Exordium Thugs","floor":8,"turns":3},{"damage":12,"enemies":"2 Fungi Beasts","floor":10,"turns":2},{"damage":10,"enemies":"Looter","floor":11,"turns":2},{"damage":0,"enemies":"Gremlin Gang","floor":13,"turns":5},{"damage":18,"enemies":"The Guardian","floor":16,"turns":8},{"damage":20,"enemies":"Shell Parasite","floor":18,"turns":3},{"damage":15,"enemies":"3 Byrds","floor":21,"turns":3},{"damage":1,"enemies":"Sentry and Sphere","floor":22,"turns":4},{"damage":16,"enemies":"Book of Stabbing","floor":23,"turns":3},{"damage":23,"enemies":"Gremlin Leader","floor":25,"turns":4},{"damage":37,"enemies":"Book of Stabbing","floor":27,"turns":3}],"seed_played":"-2808502320339666113","potions_obtained":[{"floor":2,"key":"SkillPotion"},{"floor":4,"key":"Fruit Juice"},{"floor":7,"key":"Fire Potion"},{"floor":11,"key":"SpeedPotion"},{"floor":13,"key":"GamblersBrew"},{"floor":18,"key":"PowerPotion"},{"floor":21,"key":"SpeedPotion"},{"floor":23,"key":"Strength Potion"}],"is_trial":false,"path_per_floor":["M","M","M","M","M","R","E","M","T","M","M","R","M","?","R","B",null,"M","$","?","M","M","E","R","E","T","E"],"character_chosen":"DEFECT","items_purchased":["Ice Cream","Meat on the Bone","Electrodynamics","Strange Spoon"],"campfire_rested":1,"item_purchase_floors":[19,19,19,19],"current_hp_per_floor":[74,72,72,63,61,61,53,43,43,31,21,45,45,45,45,27,80,60,60,52,49,48,44,44,33,33,0],"gold":145,"neow_bonus":"RANDOM_COMMON_RELIC","is_prod":false,"is_daily":false,"chose_seed":false,"campfire_upgraded":3,"win_rate":0,"timestamp":1567826189,"path_taken":["M","M","M","?","M","R","E","M","T","M","?","R","M","?","R","BOSS","M","$","?","M","M","E","R","E","T","E"],"build_version":"2019-07-17","purchased_purges":0,"victory":false,"max_hp_per_floor":[75,75,75,75,80,80,80,80,80,80,80,80,80,80,80,80,80,80,80,80,80,80,80,80,80,80,80],"card_choices":[{"not_picked":["Compile Driver","Melter"],"picked":"Ball Lightning","floor":1},{"not_picked":["Redo","Compile Driver","Beam Cell"],"picked":"SKIP","floor":2},{"not_picked":["Cold Snap","Coolheaded"],"picked":"Biased Cognition","floor":3},{"not_picked":["Stack","Steam"],"picked":"Hologram","floor":4},{"not_picked":["Beam Cell","Heatsinks"],"picked":"Lockon","floor":5},{"not_picked":["Steam Power","Thunder Strike"],"picked":"Hologram","floor":7},{"not_picked":["Leap","Rebound"],"picked":"Loop","floor":8},{"not_picked":["Steam","Go for the Eyes"],"picked":"Conserve Battery","floor":10},{"not_picked":["Capacitor","Coolheaded"],"picked":"Streamline","floor":11},{"not_picked":["Compile Driver","Hologram"],"picked":"Sweeping Beam","floor":13},{"not_picked":["All For One","Thunder Strike"],"picked":"Core Surge","floor":16},{"not_picked":["Hologram","Barrage"],"picked":"Ball Lightning","floor":18},{"not_picked":["Sweeping Beam","Melter"],"picked":"Conserve Battery","floor":21},{"not_picked":["Steam","Turbo"],"picked":"Loop+1","floor":22},{"not_picked":["Go for the Eyes+1","Tempest+1"],"picked":"Lockon","floor":23},{"not_picked":["Heatsinks+1","Turbo"],"picked":"Force Field","floor":25}],"player_experience":260333,"relics_obtained":[{"floor":7,"key":"DataDisk"},{"floor":9,"key":"Old Coin"},{"floor":23,"key":"Ginger"},{"floor":25,"key":"Cables"},{"floor":26,"key":"Letter Opener"}],"event_choices":[{"damage_healed":0,"gold_gain":0,"player_choice":"Trade","damage_taken":0,"relics_obtained":["SsserpentHead"],"max_hp_gain":0,"max_hp_loss":0,"event_name":"FaceTrader","floor":14,"gold_loss":0},{"damage_healed":0,"gold_gain":0,"player_choice":"","damage_taken":8,"max_hp_gain":0,"max_hp_loss":0,"event_name":"Knowing Skull","floor":20,"potions_obtained":[],"gold_loss":0,"cards_obtained":[]}],"is_beta":false,"boss_relics":[{"not_picked":["Calling Bell","Lizard Tail"],"picked":"Philosopher\u0027s Stone"}],"items_purged_floors":[],"is_endless":false,"potions_floor_spawned":[2,4,7,11,13,18,21,23],"killed_by":"Book of Stabbing","ascension_level":0}