{"gold_per_floor":[118,118,70,70,80,105,105,70,94,112,83,83,83,83,83,179,179,192,77,77,4,19,19,49,49,49,49],"floor_reached":27,"playtime":4883,"items_purged":[],"score":252,"play_id":"1f7dceed-b981-446b-b3c9-0d125dfff20b","local_time":"20190705020423","is_ascension_mode":false,"campfire_choices":[{"data":"Armaments","floor":7,"key":"SMITH"},{"data":"Rupture","floor":13,"key":"SMITH"},{"data":"Whirlwind","floor":15,"key":"SMITH"},{"floor":23,"key":"REST"},{"floor":25,"key":"REST"}],"neow_cost":"NONE","seed_source_timestamp":134680092473315,"circlet_count":0,"master_deck":["Strike_R","Strike_R","Strike_R","Strike_R","Strike_R","Defend_R","Defend_R","Defend_R","Defend_R","Bash","Fire Breathing+1","Armaments+1","Iron Wave","Whirlwind+1","Flame Barrier","Rupture+1","Sword Boomerang","Barricade","Iron Wave","Flex","Dropkick","Seeing Red","Thunderclap","Metallicize"],"relics":["Burning Blood","NeowsBlessing","Happy Flower","Oddly Smooth Stone","Lizard Tail","Boot","Bottled Flame"],"potions_floor_usage":[11,16,16,18,22,27],"damage_taken":[{"damage":0,"enemies":"Jaw Worm","floor":1,"turns":1},{"damage":0,"enemies":"Small Slimes","floor":5,"turns":1},{"damage":0,"enemies":"Gremlin Nob","floor":6,"turns":1},{"damage":0,"enemies":"Cultist","floor":10,"turns":4},{"damage":4,"enemies":"Exordium Thugs","floor":11,"turns":6},{"damage":82,"enemies":"Hexaghost","floor":16,"turns":13},{"damage":26,"enemies":"Spheric Guardian","floor":18,"turns":8},{"damage":21,"enemies":"Chosen","floor":22,"turns":6},{"damage":77,"enemies":"Slavers","floor":24,"turns":5},{"damage":81,"enemies":"Gremlin Leader","floor":27,"turns":7}],"seed_played":"3509134065567556882","potions_obtained":[{"floor":10,"key":"Weak Potion"},{"floor":14,"key":"PowerPotion"},{"floor":14,"key":"SteroidPotion"},{"floor":14,"key":"Ancient Potion"},{"floor":16,"key":"SpeedPotion"},{"floor":22,"key":"SteroidPotion"},{"floor":24,"key":"Block Potion"}],"is_trial":false,"path_per_floor":["M","?","$","?","M","E","R","$","T","M","M","$","R","?","R","B",null,"M","$","?","$","M","R","E","R","T","E"],"character_chosen":"IRONCLAD","items_purchased":["Armaments","Flame Barrier","Flex","Dropkick","Seeing Red"],"campfire_rested":2,"item_purchase_floors":[3,8,19,19,21],"current_hp_per_floor":[80,80,80,85,85,85,85,85,85,85,85,85,85,85,85,9,85,65,65,65,65,50,75,48,73,73,0],"gold":49,"neow_bonus":"THREE_ENEMY_KILL","is_prod":false,"is_daily":false,"chose_seed":false,"campfire_upgraded":3,"win_rate":0.0,"timestamp":1562306663,"path_taken":["M","?","$","?","M","E","R","?","T","M","M","$","R","?","R","BOSS","M","$","?","?","M","R","E","R","T","E"],"build_version":"2019-07-01","purchased_purges":0,"victory":false,"max_hp_per_floor":[80,80,80,85,85,85,85,85,85,85,85,85,85,85,85,85,85,85,85,85,85,85,85,85,85,85,85],"card_choices":[{"not_picked":["Perfected Strike","Feel No Pain"],"picked":"Fire Breathing","floor":1},{"not_picked":["Infernal Blade","Sword Boomerang"],"picked":"Iron Wave","floor":5},{"not_picked":["Metallicize","Perfected Strike"],"picked":"Whirlwind","floor":6},{"not_picked":["Dropkick","Battle Trance"],"picked":"Rupture","floor":10},{"not_picked":["Entrench","Armaments"],"picked":"Sword Boomerang","floor":11},{"not_picked":["Juggernaut","Impervious"],"picked":"Barricade","floor":16},{"not_picked":["Blood for Blood","Shrug It Off"],"picked":"Iron Wave","floor":18},{"not_picked":["Sword Boomerang+1","Body Slam"],"picked":"Thunderclap","floor":22},{"not_picked":["Clothesline+1","Cleave"],"picked":"Metallicize","floor":24}],"player_experience":30751,"relics_obtained":[{"floor":6,"key":"Happy Flower"},{"floor":9,"key":"Oddly Smooth Stone"},{"floor":24,"key":"Boot"},{"floor":26,"key":"Bottled Flame"}],"event_choices":[{"damage_healed":0,"gold_gain":0,"player_choice":"Grow","damage_taken":0,"max_hp_gain":0,"max_hp_loss":0,"event_name":"Living Wall","floor":2,"gold_loss":0,"cards_upgraded":["Fire Breathing"]},{"damage_healed":0,"gold_gain":0,"player_choice":"Donut","damage_taken":0,"max_hp_gain":5,"max_hp_loss":0,"event_name":"Big Fish","floor":4,"gold_loss":0},{"damage_healed":0,"gold_gain":0,"player_choice":"Got Potions","damage_taken":0,"max_hp_gain":0,"max_hp_loss":0,"event_name":"Lab","floor":14,"gold_loss":0},{"damage_healed":0,"gold_gain":0,"player_choice":"Ignored","damage_taken":0,"max_hp_gain":0,"max_hp_loss":0,"event_name":"WeMeetAgain","floor":20,"gold_loss":0}],"is_beta":false,"boss_relics":[{"not_picked":["Runic Pyramid","Cursed Key"],"picked":"Lizard Tail"}],"items_purged_floors":[],"is_endless":false,"potions_floor_spawned":[10,16,22,24],"killed_by":"Gremlin Leader","ascension_level":0}