{"gold_per_floor":[361,361,12,27,45,45,25,25,51,51,69,2,2,27,27,127,127,138,153,78,38,48,48],"floor_reached":23,"playtime":1724,"items_purged":["Injury"],"score":296,"play_id":"4960df8c-915e-44ce-a276-0b25bbfa09b9","local_time":"20190210222804","is_ascension_mode":true,"campfire_choices":[{"data":"Static Discharge","floor":6,"key":"SMITH"},{"data":"Buffer","floor":8,"key":"SMITH"},{"data":"Doom and Gloom","floor":10,"key":"SMITH"},{"data":"Recycle","floor":13,"key":"SMITH"},{"data":"Capacitor","floor":15,"key":"SMITH"}],"neow_cost":"CURSE","seed_source_timestamp":401805825886083,"circlet_count":0,"master_deck":["AscendersBane","Strike_B","Strike_B","Strike_B","Defend_B","Defend_B","Defend_B","Defend_B","Zap+1","Dualcast+1","Auto Shields","Leap","Static Discharge+1","Doom and Gloom+1","Capacitor+1","Buffer+1","Conserve Battery","Recycle+1","Reboot","Multi-Cast","Reinforced Body+1"],"relics":["Cracked Core","Art of War","Orichalcum","Potion Belt","Inserter"],"potions_floor_usage":[7,16,22,22,22,22,22,23,23,23],"damage_taken":[{"damage":2,"enemies":"Jaw Worm","floor":1,"turns":3},{"damage":1,"enemies":"Small Slimes","floor":4,"turns":3},{"damage":0,"enemies":"2 Louse","floor":5,"turns":2},{"damage":4,"enemies":"Exordium Thugs","floor":7,"turns":4},{"damage":0,"enemies":"Large Slime","floor":11,"turns":5},{"damage":8,"enemies":"3 Sentries","floor":14,"turns":5},{"damage":1,"enemies":"Slime Boss","floor":16,"turns":10},{"damage":12,"enemies":"Chosen","floor":18,"turns":7},{"damage":19,"enemies":"Spheric Guardian","floor":19,"turns":4},{"damage":0,"enemies":"Shelled Parasite and Fungi","floor":22,"turns":5},{"damage":37,"enemies":"Gremlin Leader","floor":23,"turns":7}],"seed_played":"-273153456071691223","potions_obtained":[{"floor":1,"key":"FearPotion"},{"floor":5,"key":"Weak Potion"},{"floor":16,"key":"EssenceOfSteel"},{"floor":21,"key":"SkillPotion"},{"floor":21,"key":"Weak Potion"},{"floor":21,"key":"EntropicBrew"},{"floor":22,"key":"Strength Potion"}],"is_trial":false,"path_per_floor":["M","?","$","M","M","R","M","R","T","R","M","$","R","E","R","B",null,"M","M","?","?","M","E"],"character_chosen":"DEFECT","items_purchased":["Art of War","Leap","Static Discharge","Recycle"],"campfire_rested":0,"item_purchase_floors":[3,3,3,12],"current_hp_per_floor":[66,51,51,50,50,50,46,46,46,46,46,46,46,38,38,37,66,54,35,35,35,35,0],"gold":48,"neow_bonus":"TWO_FIFTY_GOLD","is_prod":false,"is_daily":false,"chose_seed":false,"campfire_upgraded":5,"win_rate":0,"timestamp":1549866484,"path_taken":["M","?","$","M","M","R","M","R","T","R","M","$","R","E","R","BOSS","M","M","?","?","M","E"],"build_version":"2019-01-23","purchased_purges":1,"victory":false,"max_hp_per_floor":[75,75,75,75,75,75,75,75,75,75,75,75,75,75,75,75,75,75,75,75,75,75,75],"card_choices":[{"not_picked":["Sweeping Beam","Ball Lightning"],"picked":"Auto Shields","floor":1},{"not_picked":["Rip and Tear","Turbo"],"picked":"Doom and Gloom","floor":4},{"not_picked":["Ball Lightning","Steam"],"picked":"Capacitor","floor":5},{"not_picked":["Gash","Capacitor"],"picked":"Buffer","floor":7},{"not_picked":["Ball Lightning","Cold Snap"],"picked":"Conserve Battery","floor":11},{"not_picked":["Cold Snap","Barrage"],"picked":"Reboot","floor":14},{"not_picked":["All For One","Buffer"],"picked":"Multi-Cast","floor":16},{"not_picked":["Barrage","Go for the Eyes","Compile Driver+1"],"picked":"SKIP","floor":18},{"not_picked":["Rebound","Ball Lightning"],"picked":"Reinforced Body+1","floor":19},{"not_picked":["Stack+1","Aggregate","Streamline"],"picked":"SKIP","floor":22}],"player_experience":578314,"relics_obtained":[{"floor":9,"key":"Orichalcum"},{"floor":14,"key":"Potion Belt"}],"event_choices":[{"damage_healed":0,"gold_gain":0,"player_choice":"Entered Light","damage_taken":15,"max_hp_gain":0,"max_hp_loss":0,"event_name":"Shining Light","floor":2,"gold_loss":0,"cards_upgraded":["Zap","Dualcast"]},{"cards_removed":["Strike_B"],"damage_healed":0,"gold_gain":0,"player_choice":"Gave Gold","damage_taken":0,"max_hp_gain":0,"max_hp_loss":0,"event_name":"Beggar","floor":20,"gold_loss":75},{"damage_healed":0,"gold_gain":0,"player_choice":"Bought 3 Potions","damage_taken":0,"max_hp_gain":0,"max_hp_loss":0,"event_name":"The Woman in Blue","floor":21,"gold_loss":0}],"is_beta":false,"boss_relics":[{"not_picked":["Lizard Tail","Philosopher\u0027s Stone"],"picked":"Inserter"}],"items_purged_floors":[3],"is_endless":false,"potions_floor_spawned":[1,5,16,22],"killed_by":"Gremlin Leader","ascension_level":11}