{"gold_per_floor":[115,127,145,145,159,159,179,179,205,232,247,7,21,36,36,36],"floor_reached":16,"playtime":1228,"items_purged":[],"score":164,"play_id":"80e4db05-881b-4dc1-9a18-98b93f9c15d3","local_time":"20190107203300","is_ascension_mode":true,"campfire_choices":[{"data":"Armaments","floor":6,"key":"SMITH"},{"data":"Anger","floor":8,"key":"SMITH"},{"data":"True Grit","floor":15,"key":"SMITH"}],"neow_cost":"NONE","seed_source_timestamp":392094174958841,"circlet_count":0,"master_deck":["AscendersBane","Strike_R","Strike_R","Strike_R","Strike_R","Strike_R","Defend_R","Defend_R","Defend_R","Defend_R","Bash","Anger+1","Havoc","Armaments+1","Shrug It Off","Offering","True Grit+1","Anger+1","Dropkick+1","Thunderclap+1"],"relics":["Burning Blood","Molten Egg 2","Smiling Mask","Magic Flower","Toxic Egg 2"],"potions_floor_usage":[10,16,16],"damage_taken":[{"damage":1,"enemies":"Cultist","floor":1,"turns":4},{"damage":7,"enemies":"Small Slimes","floor":2,"turns":4},{"damage":4,"enemies":"Jaw Worm","floor":3,"turns":4},{"damage":14,"enemies":"Lots of Slimes","floor":5,"turns":5},{"damage":0,"enemies":"Looter","floor":7,"turns":3},{"damage":46,"enemies":"Lagavulin","floor":10,"turns":6},{"damage":10,"enemies":"Blue Slaver","floor":11,"turns":5},{"damage":8,"enemies":"Lots of Slimes","floor":13,"turns":4},{"damage":6,"enemies":"3 Louse","floor":14,"turns":3},{"damage":42,"enemies":"Slime Boss","floor":16,"turns":5}],"seed_played":"-7470031791500553699","potions_obtained":[{"floor":1,"key":"Strength Potion"},{"floor":7,"key":"Strength Potion"},{"floor":13,"key":"Dexterity Potion"}],"is_trial":false,"path_per_floor":["M","M","M","T","M","R","M","R","T","E","M","$","M","M","R","B"],"character_chosen":"IRONCLAD","items_purchased":["Toxic Egg 2"],"campfire_rested":0,"item_purchase_floors":[12],"current_hp_per_floor":[77,76,78,78,70,70,76,76,76,36,35,35,36,39,39,0],"gold":36,"neow_bonus":"THREE_CARDS","is_prod":false,"is_daily":false,"chose_seed":false,"campfire_upgraded":3,"win_rate":0,"timestamp":1546921980,"path_taken":["M","M","M","?","M","R","?","R","T","E","M","$","M","M","R","BOSS"],"build_version":"2019-01-03v4","purchased_purges":0,"victory":false,"max_hp_per_floor":[80,80,80,80,80,80,80,80,80,80,80,80,80,80,80,80],"card_choices":[{"not_picked":["Perfected Strike","Cleave"],"picked":"Anger","floor":0},{"not_picked":["Clothesline","Entrench"],"picked":"Havoc","floor":1},{"not_picked":["Anger","Havoc"],"picked":"Armaments","floor":2},{"not_picked":["Armaments","Body Slam","Perfected Strike"],"picked":"SKIP","floor":3},{"not_picked":["Sword Boomerang+1","Feel No Pain"],"picked":"Shrug It Off","floor":5},{"not_picked":["Shrug It Off","Havoc"],"picked":"Offering","floor":7},{"not_picked":["Evolve","Feel No Pain"],"picked":"True Grit","floor":10},{"not_picked":["Havoc","Pummel+1"],"picked":"Anger+1","floor":11},{"not_picked":["Wild Strike+1","Second Wind+1"],"picked":"Dropkick+1","floor":13},{"not_picked":["Havoc+1","Wild Strike+1"],"picked":"Thunderclap+1","floor":14}],"player_experience":389381,"relics_obtained":[{"floor":4,"key":"Molten Egg 2"},{"floor":9,"key":"Smiling Mask"},{"floor":10,"key":"Magic Flower"}],"event_choices":[],"is_beta":false,"boss_relics":[],"items_purged_floors":[],"is_endless":false,"potions_floor_spawned":[1,7,13],"killed_by":"Slime Boss","ascension_level":11}