{"gold_per_floor":[214,233,308,308,4,4,34,34,34,34,47,60,60,87,87,186,186,196,196,22,32,32],"floor_reached":22,"playtime":1208,"items_purged":["Strike_B","Shame"],"score":237,"play_id":"d1629609-1ee9-4a3d-9beb-56966d39a040","local_time":"20181210220504","is_ascension_mode":true,"campfire_choices":[{"data":"Loop","floor":6,"key":"SMITH"},{"floor":8,"key":"REST"},{"data":"Zap","floor":15,"key":"SMITH"}],"neow_cost":"NONE","seed_source_timestamp":7181522322962,"circlet_count":0,"master_deck":["Strike_B","Strike_B","Strike_B","Defend_B","Defend_B","Defend_B","Defend_B","Zap+1","Dualcast+1","Hologram","Go for the Eyes+1","Loop+1","Steam Power","Machine Learning","Shame","Clumsy","Machine Learning","Leap+1"],"relics":["Cracked Core","DataDisk","Bag of Marbles","Incense Burner","Smiling Mask","Calling Bell","Ancient Tea Set","The Courier","StoneCalendar","Strawberry"],"potions_floor_usage":[16,16,18],"damage_taken":[{"damage":12,"enemies":"Jaw Worm","floor":1,"turns":3},{"damage":5,"enemies":"Small Slimes","floor":2,"turns":3},{"damage":15,"enemies":"Lagavulin","floor":7,"turns":6},{"damage":0,"enemies":"Cultist","floor":11,"turns":2},{"damage":4,"enemies":"Blue Slaver","floor":12,"turns":3},{"damage":9,"enemies":"The Guardian","floor":16,"turns":8},{"damage":43,"enemies":"3 Byrds","floor":18,"turns":6},{"damage":23,"enemies":"2 Thieves","floor":21,"turns":4},{"damage":6,"enemies":"Centurion and Healer","floor":22,"turns":3}],"seed_played":"2581829184539377619","potions_obtained":[{"floor":7,"key":"FocusPotion"},{"floor":11,"key":"SkillPotion"},{"floor":16,"key":"Weak Potion"}],"is_trial":false,"path_per_floor":["M","M","?","?","$","R","E","R","T","?","M","M","?","T","R","B",null,"M","?","$","M","M"],"character_chosen":"DEFECT","items_purchased":["DataDisk","Loop","Strawberry"],"campfire_rested":1,"item_purchase_floors":[5,5,20],"current_hp_per_floor":[56,51,40,40,40,40,25,47,47,47,47,43,43,43,43,34,65,22,22,29,6,0],"gold":32,"neow_bonus":"HUNDRED_GOLD","is_prod":false,"is_daily":false,"chose_seed":false,"campfire_upgraded":2,"win_rate":0,"timestamp":1544508304,"path_taken":["M","M","?","?","$","R","E","R","T","?","M","?","?","?","R","BOSS","M","?","$","M","M"],"build_version":"2018-12-06","purchased_purges":2,"victory":false,"max_hp_per_floor":[75,75,75,75,75,75,75,75,75,75,75,75,75,75,75,75,75,75,75,82,82,82],"card_choices":[{"not_picked":["Streamline","Beam Cell"],"picked":"Hologram","floor":1},{"not_picked":["Sweeping Beam","Rip and Tear"],"picked":"Go for the Eyes","floor":2},{"not_picked":["Sweeping Beam","Beam Cell","Barrage"],"picked":"SKIP","floor":7},{"not_picked":["Coolheaded","Scrape"],"picked":"Steam Power","floor":11},{"not_picked":["Auto Shields","Stack","Coolheaded"],"picked":"SKIP","floor":12},{"not_picked":["Core Surge","All For One"],"picked":"Machine Learning","floor":16},{"not_picked":["Redo","Undo+1","Compile Driver"],"picked":"SKIP","floor":18},{"not_picked":["Hologram","Genetic Algorithm"],"picked":"Leap+1","floor":21}],"player_experience":215743,"relics_obtained":[{"floor":7,"key":"Bag of Marbles"},{"floor":9,"key":"Incense Burner"},{"floor":14,"key":"Smiling Mask"},{"floor":17,"key":"Ancient Tea Set"},{"floor":17,"key":"The Courier"},{"floor":17,"key":"StoneCalendar"}],"event_choices":[{"damage_healed":0,"gold_gain":75,"player_choice":"Gather Gold","damage_taken":11,"max_hp_gain":0,"max_hp_loss":0,"event_name":"World of Goop","floor":3,"gold_loss":0},{"damage_healed":0,"gold_gain":0,"player_choice":"Grow","damage_taken":0,"max_hp_gain":0,"max_hp_loss":0,"event_name":"Living Wall","floor":4,"gold_loss":0,"cards_upgraded":["Go for the Eyes"]},{"damage_healed":0,"gold_gain":0,"player_choice":"Forge","damage_taken":0,"max_hp_gain":0,"max_hp_loss":0,"event_name":"Accursed Blacksmith","floor":10,"gold_loss":0,"cards_upgraded":["Dualcast"]},{"damage_healed":0,"gold_gain":0,"player_choice":"Ignored","damage_taken":0,"max_hp_gain":0,"max_hp_loss":0,"event_name":"Liars Game","floor":13,"gold_loss":0},{"damage_healed":0,"gold_gain":0,"player_choice":"1 cards matched","damage_taken":0,"max_hp_gain":0,"max_hp_loss":0,"event_name":"Match and Keep!","floor":19,"gold_loss":0,"cards_obtained":["Machine Learning"]}],"is_beta":false,"boss_relics":[{"not_picked":["Lizard Tail","Snecko Eye"],"picked":"Calling Bell"}],"items_purged_floors":[5,20],"is_endless":false,"potions_floor_spawned":[7,11,16],"killed_by":"Centurion and Healer","ascension_level":6}