{"gold_per_floor":[409,427,602,602,3,3,28,45,71,89,89,89,100,114,114,219,219,200,218,218,143,29,29,49,82,134,134,168,168,168,184,184,289,289,304,322,322,322,322,322,46,61,86,102,102,102,117,117,117,117],"floor_reached":50,"playtime":4187,"items_purged":["Strike_G","Writhe"],"score":610,"play_id":"6025a288-09ea-4f69-8820-57d9ea6d9a05","local_time":"20190826221741","is_ascension_mode":true,"campfire_choices":[{"floor":6,"key":"REST"},{"floor":12,"key":"REST"},{"floor":15,"key":"REST"},{"data":"Envenom","floor":23,"key":"SMITH"},{"floor":27,"key":"REST"},{"data":"Phantasmal Killer","floor":30,"key":"SMITH"},{"data":"Caltrops","floor":32,"key":"SMITH"},{"floor":40,"key":"REST"},{"floor":45,"key":"REST"},{"floor":49,"key":"REST"}],"neow_cost":"TEN_PERCENT_HP_LOSS","seed_source_timestamp":192875510265986,"circlet_count":0,"master_deck":["Strike_G","Strike_G","Strike_G","Defend_G","Defend_G+1","Defend_G","Defend_G+1","Defend_G","Survivor","Infinite Blades","Leg Sweep","Dramatic Entrance+1","Catalyst+1","Phantasmal Killer+1","Deadly Poison","Dagger Spray","Noxious Fumes","Masterful Stab","Envenom+1","Caltrops+1","Crippling Poison","Well Laid Plans","Deadly Poison","Dagger Spray+1","Masterful Stab+1","Burst","Outmaneuver+1","Backflip+1","Bouncing Flask","Jack Of All Trades","PiercingWail+1"],"relics":["Ring of the Snake","Old Coin","Anchor","ClockworkSouvenir","PreservedInsect","Strawberry","Eternal Feather","Shuriken","Potion Belt","War Paint","Sozu","Ancient Tea Set"],"potions_floor_usage":[7,7,16,16,25,31,33,48],"damage_taken":[{"damage":2,"enemies":"Jaw Worm","floor":1,"turns":6},{"damage":8,"enemies":"Small Slimes","floor":2,"turns":4},{"damage":9,"enemies":"Lagavulin","floor":7,"turns":10},{"damage":0,"enemies":"2 Louse","floor":8,"turns":2},{"damage":11,"enemies":"Large Slime","floor":10,"turns":7},{"damage":9,"enemies":"Exordium Thugs","floor":13,"turns":4},{"damage":1,"enemies":"Looter","floor":14,"turns":3},{"damage":0,"enemies":"The Guardian","floor":16,"turns":11},{"damage":3,"enemies":"2 Thieves","floor":18,"turns":4},{"damage":0,"enemies":"3 Byrds","floor":19,"turns":4},{"damage":23,"enemies":"Centurion and Healer","floor":24,"turns":6},{"damage":40,"enemies":"Slavers","floor":25,"turns":4},{"damage":16,"enemies":"Gremlin Leader","floor":28,"turns":5},{"damage":9,"enemies":"Snecko","floor":31,"turns":4},{"damage":64,"enemies":"Automaton","floor":33,"turns":10},{"damage":43,"enemies":"3 Darklings","floor":35,"turns":5},{"damage":6,"enemies":"Orb Walker","floor":36,"turns":3},{"damage":44,"enemies":"Sphere and 2 Shapes","floor":42,"turns":5},{"damage":18,"enemies":"Writhing Mass","floor":44,"turns":5},{"damage":9,"enemies":"Spire Growth","floor":47,"turns":5},{"damage":0,"enemies":"Transient","floor":48,"turns":1},{"damage":70,"enemies":"Awakened One","floor":50,"turns":5}],"seed_played":"2511892611325631641","potions_obtained":[{"floor":1,"key":"FearPotion"},{"floor":2,"key":"Dexterity Potion"},{"floor":8,"key":"Regen Potion"},{"floor":14,"key":"EssenceOfSteel"},{"floor":18,"key":"SmokeBomb"},{"floor":25,"key":"Block Potion"},{"floor":28,"key":"AttackPotion"}],"is_trial":false,"path_per_floor":["M","M","?","?","$","R","E","M","T","M","?","R","M","M","R","B",null,"M","M","?","?","$","R","M","E","T","R","E","?","R","M","R","B",null,"M","M","?","?","?","R","$","M","T","M","R","?","M","M","R","B"],"character_chosen":"THE_SILENT","items_purchased":["Anchor","ClockworkSouvenir","Dramatic Entrance","Catalyst","GhostInAJar","Well Laid Plans","Bouncing Flask","Jack Of All Trades"],"campfire_rested":7,"item_purchase_floors":[5,5,5,5,5,22,41,41],"current_hp_per_floor":[61,53,53,46,46,63,54,54,61,50,36,57,48,47,68,68,70,67,67,67,67,67,70,47,21,21,54,38,61,70,61,70,6,70,27,21,39,39,39,70,70,26,26,8,47,47,38,38,67,0],"gold":117,"neow_bonus":"ONE_RARE_RELIC","is_prod":false,"is_daily":false,"chose_seed":false,"campfire_upgraded":3,"win_rate":0,"timestamp":1566872261,"path_taken":["M","M","?","?","$","R","E","M","T","M","?","R","M","M","R","BOSS","M","M","?","?","$","R","M","E","T","R","E","?","R","M","R","BOSS","M","M","?","?","?","R","$","M","T","M","R","?","M","M","R","BOSS"],"build_version":"2019-07-17","purchased_purges":2,"victory":false,"max_hp_per_floor":[63,63,63,63,63,63,63,63,70,70,70,70,70,70,70,70,70,70,70,70,70,70,70,70,70,70,70,70,70,70,70,70,70,70,70,70,70,70,70,70,70,70,70,70,70,67,67,67,67,67],"card_choices":[{"not_picked":["Blur","Tactician"],"picked":"Infinite Blades","floor":1},{"not_picked":["Prepared","Deflect"],"picked":"Leg Sweep","floor":2},{"not_picked":["Slice","Outmaneuver"],"picked":"Phantasmal Killer","floor":7},{"not_picked":["Endless Agony","Slice"],"picked":"Deadly Poison","floor":8},{"not_picked":["Heel Hook","Deflect"],"picked":"Dagger Spray","floor":10},{"not_picked":["PiercingWail","Choke"],"picked":"Noxious Fumes","floor":13},{"not_picked":["Outmaneuver","Dodge and Roll"],"picked":"Masterful Stab","floor":14},{"not_picked":["Corpse Explosion","Adrenaline"],"picked":"Envenom","floor":16},{"not_picked":["Quick Slash","Poisoned Stab"],"picked":"Caltrops","floor":18},{"not_picked":["Deflect+1","Backstab"],"picked":"Crippling Poison","floor":19},{"not_picked":["Reflex","Slice"],"picked":"Deadly Poison","floor":24},{"not_picked":["Masterful Stab","Flying Knee","Eviscerate"],"picked":"SKIP","floor":25},{"not_picked":["Deadly Poison","Dagger Throw"],"picked":"Dagger Spray+1","floor":28},{"not_picked":["Outmaneuver","Deflect"],"picked":"Masterful Stab+1","floor":31},{"not_picked":["Doppelganger","Tools of the Trade"],"picked":"Burst","floor":33},{"not_picked":["Dagger Throw+1","Dodge and Roll+1"],"picked":"Outmaneuver+1","floor":35},{"not_picked":["Dagger Spray+1","Distraction"],"picked":"Backflip+1","floor":36},{"not_picked":["Deadly Poison+1","Outmaneuver+1"],"picked":"PiercingWail+1","floor":42},{"not_picked":["Escape Plan+1","Outmaneuver+1","Deadly Poison+1"],"picked":"SKIP","floor":44},{"not_picked":["Tools of the Trade","Quick Slash","Crippling Poison"],"picked":"SKIP","floor":47}],"player_experience":246581,"relics_obtained":[{"floor":7,"key":"PreservedInsect"},{"floor":9,"key":"Strawberry"},{"floor":25,"key":"Shuriken"},{"floor":26,"key":"Potion Belt"},{"floor":28,"key":"War Paint"},{"floor":43,"key":"Ancient Tea Set"}],"event_choices":[{"damage_healed":0,"gold_gain":175,"player_choice":"AGREE","damage_taken":0,"max_hp_gain":0,"max_hp_loss":0,"event_name":"Liars Game","floor":3,"gold_loss":0,"cards_obtained":["Doubt"]},{"cards_removed":["Doubt"],"damage_healed":0,"gold_gain":0,"player_choice":"Card Removal","damage_taken":7,"max_hp_gain":0,"max_hp_loss":0,"event_name":"Golden Wing","floor":4,"gold_loss":0},{"damage_healed":0,"gold_gain":0,"player_choice":"Entered Light","damage_taken":14,"max_hp_gain":0,"max_hp_loss":0,"event_name":"Shining Light","floor":11,"gold_loss":0,"cards_upgraded":["Dramatic Entrance","Defend_G"]},{"damage_healed":0,"gold_gain":0,"player_choice":"Ignored","damage_taken":0,"max_hp_gain":0,"max_hp_loss":0,"event_name":"Ghosts","floor":20,"gold_loss":0},{"cards_removed":["Strike_G"],"damage_healed":0,"gold_gain":0,"player_choice":"Gave Gold","damage_taken":0,"max_hp_gain":0,"max_hp_loss":0,"event_name":"Beggar","floor":21,"gold_loss":75},{"damage_healed":23,"gold_gain":0,"player_choice":"Heal","damage_taken":0,"max_hp_gain":0,"max_hp_loss":0,"event_name":"The Library","floor":29,"gold_loss":0},{"damage_healed":18,"gold_gain":0,"player_choice":"Writhe","damage_taken":0,"max_hp_gain":0,"max_hp_loss":0,"event_name":"Winding Halls","floor":37,"gold_loss":0,"cards_obtained":["Writhe"]},{"cards_removed":["Neutralize"],"damage_healed":0,"gold_gain":0,"player_choice":"Removed Attack","damage_taken":0,"max_hp_gain":0,"max_hp_loss":0,"event_name":"Falling","floor":38,"gold_loss":0},{"damage_healed":0,"gold_gain":0,"player_choice":"Ignored","damage_taken":0,"max_hp_gain":0,"max_hp_loss":0,"event_name":"Tomb of Lord Red Mask","floor":39,"gold_loss":0},{"cards_removed":["Parasite"],"damage_healed":0,"gold_gain":0,"player_choice":"Removed Curses","damage_taken":0,"max_hp_gain":0,"max_hp_loss":0,"event_name":"Fountain of Cleansing","floor":46,"gold_loss":0}],"is_beta":false,"boss_relics":[{"not_picked":["Runic Pyramid","Coffee Dripper"],"picked":"Eternal Feather"},{"not_picked":["Orrery","Ring of the Serpent"],"picked":"Sozu"}],"items_purged_floors":[22,41],"is_endless":false,"potions_floor_spawned":[1,2,8,14,18,25,28,35,47,48],"killed_by":"Awakened One","ascension_level":2}