{"gold_per_floor":[119,18,18,18,36,68,68,99,170,170,25,36,50,83,83,178,178,198,148,148,148,2,34,34,47,47,8,8,28,59,0,0,101,101,112,112,125,144,144],"floor_reached":39,"playtime":2629,"items_purged":[],"score":529,"play_id":"620d3f15-9809-45ab-865b-e4c6a45275d0","local_time":"20190902224808","is_ascension_mode":true,"campfire_choices":[{"data":"Whirlwind","floor":7,"key":"SMITH"},{"floor":15,"key":"REST"},{"floor":28,"key":"DIG"},{"floor":32,"key":"REST"}],"neow_cost":"NONE","seed_source_timestamp":141617416497134,"circlet_count":0,"master_deck":["Strike_R","Strike_R","Defend_R+1","Defend_R","Defend_R","Defend_R","Bash","Whirlwind+1","Shrug It Off+1","Flame Barrier","Intimidate","Spot Weakness","Brutality","Armaments","Dual Wield","Limit Break","Dramatic Entrance","Pain","Rage+1","Rupture","Shockwave","Juggernaut","Decay","Thunderclap+1"],"relics":["Burning Blood","NeowsBlessing","Juzu Bracelet","Self Forming Clay","Singing Bowl","Happy Flower","Anchor","Philosopher\u0027s Stone","Red Skull","WarpedTongs","Shovel","Ancient Tea Set","Smiling Mask","Black Star"],"potions_floor_usage":[8,14,16,23,23,23,25,29,33,38],"damage_taken":[{"damage":0,"enemies":"2 Louse","floor":1,"turns":1},{"damage":0,"enemies":"Jaw Worm","floor":5,"turns":1},{"damage":0,"enemies":"Gremlin Nob","floor":6,"turns":1},{"damage":22,"enemies":"3 Sentries","floor":8,"turns":4},{"damage":1,"enemies":"Small Slimes","floor":12,"turns":3},{"damage":0,"enemies":"3 Louse","floor":13,"turns":1},{"damage":6,"enemies":"Lagavulin","floor":14,"turns":5},{"damage":17,"enemies":"The Guardian","floor":16,"turns":11},{"damage":9,"enemies":"Shell Parasite","floor":18,"turns":5},{"damage":27,"enemies":"Book of Stabbing","floor":23,"turns":6},{"damage":0,"enemies":"3 Byrds","floor":25,"turns":2},{"damage":2,"enemies":"3 Cultists","floor":29,"turns":3},{"damage":43,"enemies":"Gremlin Leader","floor":30,"turns":4},{"damage":17,"enemies":"Champ","floor":33,"turns":10},{"damage":40,"enemies":"3 Shapes","floor":35,"turns":1},{"damage":23,"enemies":"3 Darklings","floor":37,"turns":4},{"damage":35,"enemies":"Writhing Mass","floor":38,"turns":5},{"damage":28,"enemies":"Transient","floor":39,"turns":2}],"seed_played":"-6562926607089552200","potions_obtained":[{"floor":12,"key":"AttackPotion"},{"floor":13,"key":"FearPotion"},{"floor":25,"key":"BloodPotion"},{"floor":33,"key":"SteroidPotion"},{"floor":35,"key":"Poison Potion"}],"is_trial":false,"path_per_floor":["M","$","?","?","M","E","R","E","T","?","$","M","M","E","R","B",null,"M","?","?","?","$","E","?","M","T","$","R","M","E","?","R","B",null,"M","?","M","M","M"],"character_chosen":"IRONCLAD","items_purchased":["Shrug It Off","PowerPotion","Happy Flower","EntropicBrew","PowerPotion","Rupture"],"campfire_rested":2,"item_purchase_floors":[2,2,11,22,22,27],"current_hp_per_floor":[80,80,64,57,63,69,69,53,53,53,53,60,66,66,82,71,82,81,81,81,81,81,62,62,68,68,68,68,74,37,37,63,74,88,56,56,39,12,0],"gold":144,"neow_bonus":"THREE_ENEMY_KILL","is_prod":false,"is_daily":false,"chose_seed":false,"campfire_upgraded":1,"win_rate":0,"timestamp":1567478888,"path_taken":["M","$","?","?","M","E","R","E","T","?","$","M","M","E","R","BOSS","M","?","?","?","?","E","?","M","T","$","R","M","E","?","R","BOSS","M","?","M","M","M"],"build_version":"2019-07-17","purchased_purges":0,"victory":false,"max_hp_per_floor":[80,80,80,80,80,80,80,80,80,80,80,82,82,82,82,82,82,84,84,84,84,84,86,86,86,86,86,86,88,88,88,88,88,88,90,90,90,92,92],"card_choices":[{"not_picked":["Flex","Warcry"],"picked":"Whirlwind","floor":1},{"not_picked":["Rage","Havoc"],"picked":"Flame Barrier","floor":5},{"not_picked":["Spot Weakness","Wild Strike"],"picked":"Intimidate","floor":6},{"not_picked":["Corruption","Sword Boomerang"],"picked":"Spot Weakness","floor":8},{"not_picked":["Shrug It Off","Combust","True Grit"],"picked":"Singing Bowl","floor":12},{"not_picked":["Bloodletting","Headbutt"],"picked":"Armaments","floor":13},{"not_picked":["Havoc","Pommel Strike"],"picked":"Dual Wield","floor":14},{"not_picked":["Impervious","Offering"],"picked":"Limit Break","floor":16},{"not_picked":["Armaments","Corruption+1","Pummel"],"picked":"Singing Bowl","floor":18},{"not_picked":["Corruption","Wild Strike","Entrench"],"picked":"Singing Bowl","floor":23},{"not_picked":["Armaments","Sentinel"],"picked":"Rage+1","floor":25},{"not_picked":["Battle Trance","Havoc","Wild Strike"],"picked":"Singing Bowl","floor":29},{"not_picked":["Carnage","Warcry"],"picked":"Shockwave","floor":30},{"not_picked":["Brutality","Berserk"],"picked":"Juggernaut","floor":33},{"not_picked":["Feel No Pain+1","Reckless Charge","Anger+1"],"picked":"Singing Bowl","floor":35},{"not_picked":["Twin Strike+1","Inflame+1"],"picked":"Thunderclap+1","floor":37},{"not_picked":["Clash+1","Ghostly Armor+1","Heavy Blade"],"picked":"Singing Bowl","floor":38}],"player_experience":295718,"relics_obtained":[{"floor":6,"key":"Juzu Bracelet"},{"floor":8,"key":"Self Forming Clay"},{"floor":9,"key":"Singing Bowl"},{"floor":14,"key":"Anchor"},{"floor":23,"key":"Red Skull"},{"floor":26,"key":"Shovel"},{"floor":28,"key":"Ancient Tea Set"},{"floor":30,"key":"Smiling Mask"}],"event_choices":[{"damage_healed":0,"gold_gain":0,"player_choice":"Entered Light","damage_taken":16,"max_hp_gain":0,"max_hp_loss":0,"event_name":"Shining Light","floor":3,"gold_loss":0,"cards_upgraded":["Shrug It Off","Defend_R"]},{"cards_removed":["Strike_R"],"damage_healed":0,"gold_gain":0,"player_choice":"Card Removal","damage_taken":7,"max_hp_gain":0,"max_hp_loss":0,"event_name":"Golden Wing","floor":4,"gold_loss":0},{"damage_healed":0,"gold_gain":0,"cards_transformed":["Strike_R"],"player_choice":"Change","damage_taken":0,"max_hp_gain":0,"max_hp_loss":0,"event_name":"Living Wall","floor":10,"gold_loss":0,"cards_obtained":["Brutality"]},{"damage_healed":0,"gold_gain":0,"player_choice":"Bet on Murderer","damage_taken":0,"max_hp_gain":0,"max_hp_loss":0,"event_name":"The Joust","floor":19,"gold_loss":50},{"cards_removed":["Strike_R"],"damage_healed":0,"gold_gain":0,"player_choice":"Offered Basic","damage_taken":0,"max_hp_gain":0,"max_hp_loss":0,"event_name":"Bonfire Elementals","floor":20,"gold_loss":0},{"damage_healed":0,"gold_gain":0,"player_choice":"1 cards matched","damage_taken":0,"max_hp_gain":0,"max_hp_loss":0,"event_name":"Match and Keep!","floor":21,"gold_loss":0,"cards_obtained":["Dramatic Entrance"]},{"damage_healed":0,"gold_gain":0,"player_choice":"Rummage","damage_taken":0,"relics_obtained":["WarpedTongs"],"max_hp_gain":0,"max_hp_loss":0,"event_name":"Accursed Blacksmith","floor":24,"gold_loss":0,"cards_obtained":["Pain"]},{"damage_healed":0,"gold_gain":0,"player_choice":"Paid Fearfully","damage_taken":0,"max_hp_gain":0,"max_hp_loss":0,"event_name":"Masked Bandits","floor":31,"gold_loss":59},{"damage_healed":0,"gold_gain":0,"player_choice":"Cursed","damage_taken":0,"max_hp_gain":0,"max_hp_loss":0,"event_name":"Wheel of Change","floor":36,"gold_loss":0,"cards_obtained":["Decay"]}],"is_beta":false,"boss_relics":[{"not_picked":["Tiny House","Calling Bell"],"picked":"Philosopher\u0027s Stone"},{"not_picked":["Astrolabe","Empty Cage"],"picked":"Black Star"}],"items_purged_floors":[],"is_endless":false,"potions_floor_spawned":[12,13,25,33,35],"killed_by":"Transient","ascension_level":3}