{"gold_per_floor":[114,114,90,265,35,35,46,46,46,72,22,22,22,33,33,130,130,146,166,166,91,91,91,110,110,134,134,161,61,61,75,75,75],"floor_reached":33,"playtime":3775,"items_purged":["Doubt","Strike_B"],"score":412,"play_id":"c46cddf8-b7fe-46b9-b734-9a3784f839df","local_time":"20190119214851","is_ascension_mode":true,"campfire_choices":[{"data":"Coolheaded","floor":6.0,"key":"SMITH"},{"data":"Glacier","floor":8.0,"key":"SMITH"},{"floor":13.0,"key":"DIG"},{"floor":15.0,"key":"DIG"},{"floor":23,"key":"DIG"},{"floor":27,"key":"DIG"},{"floor":30,"key":"DIG"},{"floor":32,"key":"DIG"}],"neow_cost":"NONE","seed_source_timestamp":0,"circlet_count":0,"master_deck":["Strike_B+1","Defend_B","Defend_B","Defend_B","Zap","Dualcast","Glacier+1","Turbo","Coolheaded+1","Ball Lightning","Redo","Meteor Strike+1","Go for the Eyes+1","Loop+1","Machine Learning"],"special_seed":0,"relics":["Cracked Core","NeowsBlessing","Oddly Smooth Stone","Strawberry","Shovel","Cables","Regal Pillow","Nuclear Battery","Mummified Hand","Dodecahedron","Torii","Bronze Scales","Lantern","Blood Vial","Whetstone","Anchor"],"potions_floor_usage":[24,33],"damage_taken":[{"damage":0.0,"enemies":"2 Louse","floor":1.0,"turns":1.0},{"damage":0.0,"enemies":"Jaw Worm","floor":7.0,"turns":1.0},{"damage":0.0,"enemies":"Gremlin Nob","floor":10.0,"turns":1.0},{"damage":0.0,"enemies":"Small Slimes","floor":14.0,"turns":2.0},{"damage":49.0,"enemies":"Slime Boss","floor":16.0,"turns":15.0},{"damage":2,"enemies":"Chosen","floor":18,"turns":5},{"damage":0,"enemies":"Spheric Guardian","floor":19,"turns":3},{"damage":10,"enemies":"Chosen and Byrds","floor":24,"turns":8},{"damage":1,"enemies":"Book of Stabbing","floor":28,"turns":6},{"damage":0,"enemies":"Snecko","floor":31,"turns":5},{"damage":60,"enemies":"Champ","floor":33,"turns":12}],"seed_played":"822569327833037553","potions_obtained":[{"floor":1.0,"key":"Fire Potion"},{"floor":16.0,"key":"Explosive Potion"},{"floor":19,"key":"Explosive Potion"},{"floor":28,"key":"SpeedPotion"}],"is_trial":false,"path_per_floor":["M","?","$","?","$","R","M","R","T","E","?","$","R","M","R","B",null,"M","M","?","?","T","R","M","?","T","R","E","$","R","M","R","B"],"character_chosen":"DEFECT","items_purchased":["Coolheaded","Oddly Smooth Stone"],"campfire_rested":0,"item_purchase_floors":[3,5],"current_hp_per_floor":[68,68,68,68,68,68,68,68,75,75,75,75,75,75,75,26,68,66,66,66,66,66,66,56,56,56,56,55,55,55,57,57,0],"gold":75,"neow_bonus":"THREE_ENEMY_KILL","is_prod":false,"is_daily":false,"chose_seed":false,"campfire_upgraded":2,"win_rate":0,"timestamp":1547963331,"path_taken":["M","?","$","?","$","R","M","R","T","E","?","?","R","M","R","BOSS","M","M","?","?","?","R","?","?","T","R","E","$","R","M","R","BOSS"],"build_version":"2019-01-17v2","purchased_purges":2,"victory":false,"max_hp_per_floor":[75,75,75,75,75,75,75,75,82,82,82,82,82,82,82,82,82,82,82,82,82,82,82,82,82,82,82,82,82,82,82,82,82],"card_choices":[{"not_picked":["FTL","Stack"],"picked":"Glacier","floor":1.0},{"not_picked":["Steam","Reinforced Body"],"picked":"Ball Lightning","floor":7.0},{"not_picked":["Fission","Go for the Eyes"],"picked":"Redo","floor":10.0},{"not_picked":["Hologram","Barrage","Stack"],"picked":"SKIP","floor":14.0},{"not_picked":["Seek","Buffer"],"picked":"Meteor Strike","floor":16.0},{"not_picked":["Conserve Battery+1","Rebound+1"],"picked":"Go for the Eyes+1","floor":18},{"not_picked":["Streamline","Leap","Coolheaded"],"picked":"SKIP","floor":19},{"not_picked":["Scrape","Leap","Stack+1"],"picked":"SKIP","floor":24},{"not_picked":["Conserve Battery","Turbo"],"picked":"Loop+1","floor":28},{"not_picked":["Leap","Steam"],"picked":"Machine Learning","floor":31}],"player_experience":472290,"relics_obtained":[{"floor":9.0,"key":"Strawberry"},{"floor":10.0,"key":"Shovel"},{"floor":13.0,"key":"Cables"},{"floor":15.0,"key":"Regal Pillow"},{"floor":22,"key":"Mummified Hand"},{"floor":23,"key":"Dodecahedron"},{"floor":26,"key":"Bronze Scales"},{"floor":27,"key":"Lantern"},{"floor":28,"key":"Blood Vial"},{"floor":30,"key":"Whetstone"},{"floor":32,"key":"Anchor"}],"event_choices":[{"damage_healed":0.0,"max_hp_gain":0.0,"max_hp_loss":0.0,"gold_gain":0.0,"cards_transformed":["Defend_B"],"event_name":"Living Wall","player_choice":"Change","floor":2.0,"gold_loss":0.0,"damage_taken":0.0,"cards_obtained":["Turbo"]},{"damage_healed":0.0,"max_hp_gain":0.0,"max_hp_loss":0.0,"gold_gain":175.0,"event_name":"Liars Game","player_choice":"AGREE","floor":4.0,"gold_loss":0.0,"damage_taken":0.0,"cards_obtained":["Doubt"]},{"cards_removed":["Strike_B"],"damage_healed":0.0,"max_hp_gain":0.0,"max_hp_loss":0.0,"gold_gain":0.0,"event_name":"The Cleric","player_choice":"Card Removal","floor":11.0,"gold_loss":50.0,"damage_taken":0.0},{"damage_healed":0,"gold_gain":0,"player_choice":"Ignored","damage_taken":0,"max_hp_gain":0,"max_hp_loss":0,"event_name":"Ghosts","floor":20,"gold_loss":0},{"cards_removed":["Strike_B"],"damage_healed":0,"gold_gain":0,"player_choice":"Gave Gold","damage_taken":0,"max_hp_gain":0,"max_hp_loss":0,"event_name":"Beggar","floor":21,"gold_loss":75},{"damage_healed":0,"gold_gain":0,"player_choice":"Opened","damage_taken":0,"relics_obtained":["Torii"],"max_hp_gain":0,"max_hp_loss":0,"event_name":"The Mausoleum","floor":25,"gold_loss":0}],"is_beta":false,"boss_relics":[{"not_picked":["White Beast Statue","Fusion Hammer"],"picked":"Nuclear Battery"}],"items_purged_floors":[5,29],"is_endless":false,"potions_floor_spawned":[1,16,19,28],"killed_by":"Champ","ascension_level":9}