{"gold_per_floor":[116,131,59,77,93,93,119,44,44,63,63,28,28,39,39,134,134,153,172,189,189,114,114,66,66,66,40,75,75,75,90,90,189,189,205,224,224,0,0,0,29,29,29,42,60,73,93,69,69,69],"floor_reached":50,"playtime":2365,"items_purged":["Regret"],"score":801,"play_id":"83a3fb97-5ccb-4e65-b8ef-e03385baed16","local_time":"20190910024953","is_ascension_mode":true,"campfire_choices":[{"data":"Ball Lightning","floor":6.0,"key":"SMITH"},{"data":"Dualcast","floor":11.0,"key":"SMITH"},{"data":"Zap","floor":13.0,"key":"SMITH"},{"data":"Loop","floor":15.0,"key":"SMITH"},{"data":"Self Repair","floor":23.0,"key":"SMITH"},{"data":"Chill","floor":25.0,"key":"SMITH"},{"data":"Echo Form","floor":29.0,"key":"SMITH"},{"data":"Go for the Eyes","floor":32,"key":"SMITH"},{"data":"Electrodynamics","floor":40,"key":"SMITH"},{"data":"Go for the Eyes","floor":42,"key":"SMITH"},{"data":"Streamline","floor":49,"key":"SMITH"}],"neow_cost":"CURSE","seed_source_timestamp":0,"circlet_count":0,"master_deck":["AscendersBane","Defend_B+1","Defend_B+1","Defend_B+1","Zap+1","Dualcast+1","Echo Form+1","Ball Lightning+1","Self Repair+1","White Noise","Cold Snap","Loop+1","Coolheaded","Creative AI","Go for the Eyes+1","Chill+1","Reinforced Body","Rip and Tear","Go for the Eyes+1","Leap","Electrodynamics+1","Capacitor+1","Sunder","Leap","Streamline+1"],"special_seed":0,"relics":["Cracked Core","Bag of Marbles","Oddly Smooth Stone","Coffee Dripper","Ornamental Fan","Pear","Empty Cage","Red Mask","Gremlin Horn","Shuriken"],"potions_floor_usage":[44],"damage_taken":[{"damage":10.0,"enemies":"Cultist","floor":1.0,"turns":4.0},{"damage":4.0,"enemies":"2 Louse","floor":2.0,"turns":4.0},{"damage":0.0,"enemies":"Small Slimes","floor":4.0,"turns":3.0},{"damage":0.0,"enemies":"Exordium Wildlife","floor":5.0,"turns":2.0},{"damage":32.0,"enemies":"Lagavulin","floor":7.0,"turns":6.0},{"damage":6.0,"enemies":"2 Fungi Beasts","floor":10.0,"turns":3.0},{"damage":11.0,"enemies":"Blue Slaver","floor":14.0,"turns":2.0},{"damage":18.0,"enemies":"Hexaghost","floor":16.0,"turns":8.0},{"damage":6.0,"enemies":"Chosen","floor":18.0,"turns":4.0},{"damage":18.0,"enemies":"Shell Parasite","floor":19.0,"turns":5.0},{"damage":16.0,"enemies":"Snake Plant","floor":20.0,"turns":3.0},{"damage":0.0,"enemies":"Gremlin Leader","floor":28.0,"turns":7.0},{"damage":7,"enemies":"Cultist and Chosen","floor":31,"turns":8},{"damage":70,"enemies":"Collector","floor":33,"turns":11},{"damage":6,"enemies":"3 Shapes","floor":35,"turns":3},{"damage":18,"enemies":"Orb Walker","floor":36,"turns":6},{"damage":32,"enemies":"Giant Head","floor":41,"turns":13},{"damage":7,"enemies":"4 Shapes","floor":44,"turns":5},{"damage":5,"enemies":"Jaw Worm Horde","floor":45,"turns":5},{"damage":33,"enemies":"Spire Growth","floor":46,"turns":7},{"damage":4,"enemies":"Sphere and 2 Shapes","floor":47,"turns":4},{"damage":65,"enemies":"Donu and Deca","floor":50,"turns":8}],"seed_played":"-4799254384131148588","potions_obtained":[{"floor":1.0,"key":"Explosive Potion"},{"floor":7.0,"key":"FearPotion"},{"floor":10.0,"key":"EntropicBrew"},{"floor":14.0,"key":"AttackPotion"},{"floor":18.0,"key":"Poison Potion"},{"floor":19.0,"key":"FocusPotion"},{"floor":33,"key":"FairyPotion"},{"floor":36,"key":"SpeedPotion"},{"floor":41,"key":"Fire Potion"},{"floor":46,"key":"SteroidPotion"},{"floor":47,"key":"SmokeBomb"}],"is_trial":false,"path_per_floor":["M","M","$","M","M","R","E","$","T","M","R","?","R","M","R","B",null,"M","M","M","?","?","R","$","R","T","$","E","R","?","M","R","B",null,"M","M","?","?","$","R","E","R","T","M","M","M","M","$","R","B"],"character_chosen":"DEFECT","items_purchased":["Self Repair","Conserve Battery","Leap","Streamline"],"campfire_rested":0,"item_purchase_floors":[3,24,27,48],"current_hp_per_floor":[58,54,54,61,68,68,50,50,50,44,44,62,62,58,58,47,68,69,58,56,56,56,56,56,56,56,56,76,76,76,85,85,15,68,62,64,64,64,64,64,42,42,42,35,50,37,43,43,43,0],"gold":69,"neow_bonus":"THREE_RARE_CARDS","is_prod":false,"is_daily":false,"chose_seed":false,"campfire_upgraded":11,"win_rate":0,"timestamp":1568108993,"path_taken":["M","M","$","M","?","R","E","?","T","M","R","?","R","M","R","BOSS","M","M","M","?","?","R","$","R","T","?","E","R","?","M","R","BOSS","M","M","?","?","?","R","E","R","T","?","M","M","M","$","R","BOSS"],"build_version":"2019-07-17","purchased_purges":1,"victory":false,"max_hp_per_floor":[75,75,75,75,75,75,75,75,75,75,75,75,75,75,75,75,75,75,75,75,75,75,75,75,75,75,75,85,85,85,85,85,85,85,85,85,85,85,85,85,85,85,85,85,85,85,85,85,85,85],"card_choices":[{"not_picked":["Fission","Multi-Cast"],"picked":"Echo Form","floor":0.0},{"not_picked":["Tempest","Gash","Force Field"],"picked":"SKIP","floor":1.0},{"not_picked":["Lockon","Cold Snap"],"picked":"Ball Lightning","floor":2.0},{"not_picked":["Stack","Chaos","Turbo"],"picked":"SKIP","floor":4.0},{"not_picked":["Cold Snap","Scrape"],"picked":"White Noise","floor":5.0},{"not_picked":["Hello World","Consume"],"picked":"Cold Snap","floor":7.0},{"not_picked":["Heatsinks","Gash"],"picked":"Loop","floor":10.0},{"not_picked":["Steam","Recycle"],"picked":"Coolheaded","floor":14.0},{"not_picked":["Echo Form","Meteor Strike"],"picked":"Creative AI","floor":16.0},{"not_picked":["Ball Lightning+1","Genetic Algorithm"],"picked":"Go for the Eyes","floor":18.0},{"not_picked":["Coolheaded","Recycle"],"picked":"Chill","floor":19.0},{"not_picked":["Fusion","Streamline"],"picked":"Reinforced Body","floor":20.0},{"not_picked":["Redo","Steam","White Noise+1"],"picked":"SKIP","floor":28.0},{"not_picked":["Redo","Ball Lightning","Sweeping Beam"],"picked":"SKIP","floor":31},{"not_picked":["Reboot","Hyperbeam"],"picked":"Electrodynamics","floor":33},{"not_picked":["Hello World","Genetic Algorithm"],"picked":"Capacitor+1","floor":35},{"not_picked":["Hologram","Ball Lightning","Beam Cell"],"picked":"SKIP","floor":36},{"not_picked":["Rebound","Loop","Lockon+1"],"picked":"SKIP","floor":41},{"not_picked":["Loop","Redo+1","Rebound"],"picked":"SKIP","floor":44},{"not_picked":["Darkness+1","Reprogram+1"],"picked":"Sunder","floor":45},{"not_picked":["Hologram","Coolheaded+1"],"picked":"Leap","floor":46},{"not_picked":["Heatsinks+1","Genetic Algorithm","Hologram+1"],"picked":"SKIP","floor":47}],"player_experience":595622,"relics_obtained":[{"floor":7.0,"key":"Bag of Marbles"},{"floor":9.0,"key":"Oddly Smooth Stone"},{"floor":26.0,"key":"Ornamental Fan"},{"floor":28.0,"key":"Pear"},{"floor":41,"key":"Gremlin Horn"},{"floor":43,"key":"Shuriken"}],"event_choices":[{"damage_healed":18.0,"max_hp_gain":0.0,"max_hp_loss":0.0,"gold_gain":0.0,"event_name":"The Cleric","player_choice":"Healed","floor":12.0,"gold_loss":35.0,"damage_taken":0.0},{"damage_healed":0.0,"max_hp_gain":0.0,"max_hp_loss":0.0,"gold_gain":0.0,"cards_transformed":["Strike_B","Defend_B"],"event_name":"Drug Dealer","player_choice":"Became Test Subject","floor":21.0,"gold_loss":0.0,"damage_taken":0.0,"cards_obtained":["Rip and Tear","Go for the Eyes"]},{"cards_removed":["Strike_B"],"damage_healed":0.0,"max_hp_gain":0.0,"max_hp_loss":0.0,"gold_gain":0.0,"event_name":"Beggar","player_choice":"Gave Gold","floor":22.0,"gold_loss":75.0,"damage_taken":0.0},{"damage_healed":0.0,"max_hp_gain":0.0,"max_hp_loss":0.0,"gold_gain":0.0,"event_name":"Back to Basics","player_choice":"Simplicity","floor":30.0,"gold_loss":0.0,"damage_taken":0.0,"cards_upgraded":["Strike_B","Strike_B","Defend_B","Defend_B","Defend_B"]},{"cards_removed":["Conserve Battery"],"damage_healed":0,"gold_gain":0,"player_choice":"Removed Skill","damage_taken":0,"max_hp_gain":0,"max_hp_loss":0,"event_name":"Falling","floor":37,"gold_loss":0},{"damage_healed":0,"gold_gain":0,"player_choice":"Paid","damage_taken":0,"relics_obtained":["Red Mask"],"max_hp_gain":0,"max_hp_loss":0,"event_name":"Tomb of Lord Red Mask","floor":38,"gold_loss":224}],"is_beta":false,"boss_relics":[{"not_picked":["Orrery","Astrolabe"],"picked":"Coffee Dripper"},{"not_picked":["FrozenCore","Lizard Tail"],"picked":"Empty Cage"}],"items_purged_floors":[8],"is_endless":false,"potions_floor_spawned":[1,7,10,14,18,19,33,36,41,46,47],"killed_by":"Donu and Deca","ascension_level":11}