{"gold_per_floor":[119,134,153,153,153,153,186,198,198,224,24,34,50,69,69,172,172,187,203,221,221,221,221,252,252,252,252,271,289,299,38,38,38],"floor_reached":33,"playtime":2768,"items_purged":[],"score":352,"play_id":"7f177a3c-3ee9-4528-8498-822837c5037a","local_time":"20190901222235","is_ascension_mode":true,"campfire_choices":[{"data":"Wild Strike","floor":6,"key":"SMITH"},{"floor":15,"key":"REST"},{"floor":23,"key":"REST"},{"floor":25,"key":"REST"},{"data":"Whirlwind","floor":27,"key":"SMITH"},{"data":"Limit Break","floor":32,"key":"SMITH"}],"neow_cost":"NONE","seed_source_timestamp":113059726440249,"circlet_count":0,"master_deck":["Strike_R+1","Strike_R","Strike_R","Strike_R+1","Defend_R","Defend_R","Defend_R","Defend_R","Bash","Shrug It Off","Wild Strike+1","Corruption","Juggernaut","Infernal Blade","Pommel Strike","Cleave","Offering","Thunderclap","Disarm","Impervious","Flex","Whirlwind+1","Limit Break+1","Second Wind","Dual Wield"],"relics":["Burning Blood","Boot","Bag of Preparation","Letter Opener","Du-Vu Doll","HandDrill","Velvet Choker","Nilry\u0027s Codex","MutagenicStrength","Dream Catcher","Shuriken","Bottled Lightning"],"potions_floor_usage":[10,16,24,30,33,33],"damage_taken":[{"damage":1,"enemies":"2 Louse","floor":1,"turns":2},{"damage":0,"enemies":"Small Slimes","floor":2,"turns":3},{"damage":0,"enemies":"Cultist","floor":3,"turns":2},{"damage":38,"enemies":"Gremlin Nob","floor":7,"turns":5},{"damage":1,"enemies":"Looter","floor":8,"turns":3},{"damage":35,"enemies":"Lagavulin","floor":10,"turns":6},{"damage":0,"enemies":"Exordium Wildlife","floor":12,"turns":2},{"damage":2,"enemies":"2 Fungi Beasts","floor":13,"turns":2},{"damage":7,"enemies":"Looter","floor":14,"turns":3},{"damage":37,"enemies":"Hexaghost","floor":16,"turns":10},{"damage":22,"enemies":"3 Byrds","floor":18,"turns":3},{"damage":0,"enemies":"Chosen","floor":19,"turns":5},{"damage":34,"enemies":"Shelled Parasite and Fungi","floor":20,"turns":7},{"damage":6,"enemies":"Gremlin Leader","floor":24,"turns":3},{"damage":6,"enemies":"Snake Plant","floor":28,"turns":2},{"damage":6,"enemies":"3 Cultists","floor":29,"turns":1},{"damage":0,"enemies":"Sentry and Sphere","floor":30,"turns":3},{"damage":121,"enemies":"Collector","floor":33,"turns":7}],"seed_played":"-1101602040881531421","potions_obtained":[{"floor":1,"key":"Energy Potion"},{"floor":7,"key":"Regen Potion"},{"floor":13,"key":"SkillPotion"},{"floor":18,"key":"Explosive Potion"},{"floor":28,"key":"PowerPotion"},{"floor":30,"key":"BloodPotion"}],"is_trial":false,"path_per_floor":["M","M","M","?","?","R","E","M","T","E","$","M","M","M","R","B",null,"M","M","M","?","?","R","E","R","T","R","M","M","M","$","R","B"],"character_chosen":"IRONCLAD","items_purchased":["HandDrill","Bottled Lightning"],"campfire_rested":3,"item_purchase_floors":[11,31],"current_hp_per_floor":[80,80,80,64,64,64,32,37,37,22,22,28,32,31,55,24,80,64,70,42,26,26,50,50,74,74,74,74,74,80,80,80,0],"gold":38,"neow_bonus":"RANDOM_COMMON_RELIC","is_prod":false,"is_daily":false,"chose_seed":false,"campfire_upgraded":3,"win_rate":0,"timestamp":1567390955,"path_taken":["M","M","M","?","?","R","E","M","T","E","$","?","M","M","R","BOSS","M","M","M","?","?","R","E","R","T","R","M","M","M","?","R","BOSS"],"build_version":"2019-07-17","purchased_purges":0,"victory":false,"max_hp_per_floor":[80,80,80,80,80,80,80,80,80,80,80,80,80,80,80,80,80,80,80,80,80,80,80,80,80,80,80,80,80,80,80,80,80],"card_choices":[{"not_picked":["Spot Weakness","Perfected Strike"],"picked":"Shrug It Off","floor":1},{"not_picked":["Twin Strike","Headbutt"],"picked":"Wild Strike","floor":2},{"not_picked":["Anger","Body Slam"],"picked":"Corruption","floor":3},{"not_picked":["Blood for Blood","Pummel"],"picked":"Infernal Blade","floor":7},{"not_picked":["Havoc","Blood for Blood"],"picked":"Pommel Strike","floor":8},{"not_picked":["Body Slam","Reckless Charge"],"picked":"Cleave","floor":10},{"not_picked":["Armaments","Sword Boomerang"],"picked":"Offering","floor":12},{"not_picked":["Cleave","Anger"],"picked":"Thunderclap","floor":13},{"not_picked":["True Grit","Thunderclap"],"picked":"Disarm","floor":14},{"not_picked":["Reaper","Brutality"],"picked":"Impervious","floor":16},{"not_picked":["True Grit+1","Sword Boomerang"],"picked":"Flex","floor":18},{"not_picked":["Clothesline","Corruption","Body Slam"],"picked":"SKIP","floor":19},{"not_picked":["Shrug It Off","Pummel"],"picked":"Whirlwind","floor":20},{"not_picked":["Inflame","Havoc+1"],"picked":"Limit Break","floor":24},{"not_picked":["Heavy Blade","Armaments","Anger+1"],"picked":"SKIP","floor":28},{"not_picked":["Twin Strike+1","Feel No Pain"],"picked":"Second Wind","floor":29},{"not_picked":["Second Wind","Cleave"],"picked":"Dual Wield","floor":30}],"player_experience":287826,"relics_obtained":[{"floor":7,"key":"Bag of Preparation"},{"floor":9,"key":"Letter Opener"},{"floor":10,"key":"Du-Vu Doll"},{"floor":21,"key":"Nilry\u0027s Codex"},{"floor":24,"key":"Dream Catcher"},{"floor":26,"key":"Shuriken"}],"event_choices":[{"damage_healed":0,"gold_gain":0,"player_choice":"Entered Light","damage_taken":16,"max_hp_gain":0,"max_hp_loss":0,"event_name":"Shining Light","floor":4,"gold_loss":0,"cards_upgraded":["Strike_R","Strike_R"]},{"damage_healed":0,"gold_gain":0,"cards_transformed":["Strike_R"],"player_choice":"Transformed","damage_taken":0,"max_hp_gain":0,"max_hp_loss":0,"event_name":"Transmorgrifier","floor":5,"gold_loss":0,"cards_obtained":["Juggernaut"]},{"damage_healed":0,"gold_gain":0,"player_choice":"Obtained Book","damage_taken":16,"max_hp_gain":0,"max_hp_loss":0,"event_name":"Cursed Tome","floor":21,"gold_loss":0},{"damage_healed":0,"gold_gain":0,"player_choice":"Inject Mutagens","damage_taken":0,"relics_obtained":["MutagenicStrength"],"max_hp_gain":0,"max_hp_loss":0,"event_name":"Drug Dealer","floor":22,"gold_loss":0}],"is_beta":false,"boss_relics":[{"not_picked":["Pandora\u0027s Box","Snecko Eye"],"picked":"Velvet Choker"}],"items_purged_floors":[],"is_endless":false,"potions_floor_spawned":[1,7,13,18,28,30],"killed_by":"Collector","ascension_level":3}