{"gold_per_floor":[112,187,187,32,52,85,95,125,173,203,203,220,220,248,248,319,319,332,332,332,342,342,342,361,361,361,0,12,42,14,46,46,119,119,130,130,146,246,246,246,256,266,292,292,292,31,66,86,86,86],"floor_reached":50,"playtime":2557,"items_purged":["Strike_R","Doubt","Pain"],"score":1247,"play_id":"00adaebf-cd5a-4385-9956-7db3d09d1df7","local_time":"20190911205049","is_ascension_mode":true,"campfire_choices":[{"floor":11.0,"key":"REST"},{"data":"Flame Barrier","floor":13.0,"key":"SMITH"},{"data":"Uppercut","floor":15.0,"key":"SMITH"},{"data":"Immolate","floor":23.0,"key":"SMITH"},{"floor":25.0,"key":"REST"},{"floor":32.0,"key":"REST"},{"data":"Demon Form","floor":40.0,"key":"SMITH"},{"data":"Body Slam","floor":44.0,"key":"SMITH"},{"floor":49,"key":"REST"}],"neow_cost":"NONE","seed_source_timestamp":188689015251100,"circlet_count":0,"master_deck":["AscendersBane","Strike_R","Strike_R","Strike_R","Strike_R","Defend_R","Defend_R","Defend_R","Bash","Clothesline+1","Uppercut+1","Anger","Dropkick","Power Through","Wild Strike","Flame Barrier+1","Shrug It Off+1","Immolate+1","Body Slam+1","Shrug It Off+1","Warcry+1","Metallicize","Evolve+1","True Grit+1","Warcry+1","Demon Form+1","Warcry+1","Rage+1","Power Through+1","Reckless Charge+1","Impervious+1","Warcry+1","Warcry+1","Berserk","Rage+1","Power Through+1"],"special_seed":0,"relics":["Burning Blood","NeowsBlessing","Matryoshka","Happy Flower","Art of War","Strawberry","FossilizedHelix","Toxic Egg 2","Cursed Key","Bronze Scales","Pear","Oddly Smooth Stone","Question Card","Bottled Lightning","Mark of Pain","Prayer Wheel","Boot","PreservedInsect"],"potions_floor_usage":[50],"damage_taken":[{"damage":0.0,"enemies":"2 Louse","floor":1.0,"turns":1.0},{"damage":0.0,"enemies":"Small Slimes","floor":5.0,"turns":1.0},{"damage":0.0,"enemies":"Gremlin Nob","floor":6.0,"turns":1.0},{"damage":0.0,"enemies":"Cultist","floor":7.0,"turns":3.0},{"damage":45.0,"enemies":"Lagavulin","floor":8.0,"turns":7.0},{"damage":50.0,"enemies":"3 Sentries","floor":10.0,"turns":9.0},{"damage":0.0,"enemies":"2 Fungi Beasts","floor":12.0,"turns":2.0},{"damage":0.0,"enemies":"Lagavulin","floor":14.0,"turns":6.0},{"damage":34.0,"enemies":"The Guardian","floor":16.0,"turns":16.0},{"damage":6.0,"enemies":"2 Thieves","floor":18.0,"turns":4.0},{"damage":11.0,"enemies":"Spheric Guardian","floor":21.0,"turns":4.0},{"damage":8.0,"enemies":"Shelled Parasite and Fungi","floor":24.0,"turns":6.0},{"damage":0.0,"enemies":"Centurion and Healer","floor":28.0,"turns":5.0},{"damage":21.0,"enemies":"Book of Stabbing","floor":29.0,"turns":5.0},{"damage":30.0,"enemies":"Gremlin Leader","floor":31.0,"turns":6.0},{"damage":7.0,"enemies":"Automaton","floor":33.0,"turns":12.0},{"damage":0.0,"enemies":"Orb Walker","floor":35.0,"turns":3.0},{"damage":31.0,"enemies":"3 Darklings","floor":37.0,"turns":6.0},{"damage":9.0,"enemies":"Mind Bloom Boss Battle","floor":38.0,"turns":7.0},{"damage":0.0,"enemies":"4 Shapes","floor":41.0,"turns":4.0},{"damage":0.0,"enemies":"Spire Growth","floor":42.0,"turns":4.0},{"damage":67,"enemies":"Reptomancer","floor":47,"turns":9},{"damage":22,"enemies":"Jaw Worm Horde","floor":48,"turns":4},{"damage":40,"enemies":"Time Eater","floor":50,"turns":10}],"seed_played":"-192645391607591515","potions_obtained":[{"floor":5.0,"key":"LiquidBronze"},{"floor":10.0,"key":"Poison Potion"},{"floor":12.0,"key":"Weak Potion"},{"floor":16.0,"key":"FearPotion"},{"floor":20.0,"key":"Poison Potion"},{"floor":20.0,"key":"Dexterity Potion"},{"floor":21.0,"key":"PowerPotion"},{"floor":38.0,"key":"GamblersBrew"},{"floor":41.0,"key":"Ancient Potion"}],"is_trial":false,"path_per_floor":["M","?","?","$","M","E","M","E","T","E","R","M","R","E","R","B",null,"M","?","?","M","?","R","M","R","T","$","M","E","$","E","R","B",null,"M","?","M","?","?","R","M","M","T","R","?","$","E","M","R","B"],"character_chosen":"IRONCLAD","items_purchased":["Regen Potion","Oddly Smooth Stone","Metallicize","Warcry+1","Warcry+1","Fruit Juice"],"campfire_rested":4,"item_purchase_floors":[4,27,27,30,46,46],"current_hp_per_floor":[74,63,63,63,69,75,75,48,55,11,35,41,41,47,47,19,66,66,66,66,61,37,37,35,61,71,71,77,62,62,38,67,66,89,95,95,70,67,67,67,73,79,79,79,79,84,23,7,36,0],"gold":86,"neow_bonus":"THREE_ENEMY_KILL","is_prod":false,"is_daily":false,"chose_seed":false,"campfire_upgraded":5,"win_rate":0,"timestamp":1568260249,"path_taken":["M","?","?","$","?","E","M","E","T","E","R","M","R","E","R","BOSS","M","?","?","?","?","R","M","R","T","?","?","E","$","E","R","BOSS","M","?","M","?","?","R","M","M","T","R","?","$","E","M","R","BOSS"],"build_version":"2019-07-17","purchased_purges":3,"victory":false,"max_hp_per_floor":[75,75,75,75,75,75,75,75,82,82,82,82,82,82,82,82,82,82,82,82,82,87,87,87,87,97,97,97,97,97,97,97,97,97,97,97,97,97,92,92,92,92,92,92,92,97,97,97,97,97],"card_choices":[{"not_picked":["Pommel Strike","Corruption"],"picked":"Clothesline","floor":1.0},{"not_picked":["Feel No Pain","Wild Strike"],"picked":"Uppercut","floor":5.0},{"not_picked":["Bloodletting","Searing Blow"],"picked":"Anger","floor":6.0},{"not_picked":["Intimidate","Rampage"],"picked":"Dropkick","floor":7.0},{"not_picked":["Pommel Strike","Shockwave"],"picked":"Power Through","floor":8.0},{"not_picked":["Heavy Blade","Infernal Blade"],"picked":"Wild Strike","floor":10.0},{"not_picked":["Headbutt","Thunderclap"],"picked":"Flame Barrier","floor":12.0},{"not_picked":["Searing Blow","Havoc"],"picked":"Shrug It Off","floor":14.0},{"not_picked":["Brutality","Limit Break+1"],"picked":"Immolate","floor":16.0},{"not_picked":["Flex+1","Bloodletting+1"],"picked":"Body Slam","floor":18.0},{"not_picked":["Headbutt","Flex+1"],"picked":"Warcry+1","floor":21.0},{"not_picked":["Clothesline","Cleave+1","Bloodletting+1"],"picked":"SKIP","floor":24.0},{"not_picked":["Iron Wave","Fire Breathing"],"picked":"Evolve+1","floor":28.0},{"not_picked":["Combust","Corruption"],"picked":"True Grit+1","floor":29.0},{"not_picked":["Exhume+1","Clothesline","Heavy Blade","Headbutt"],"picked":"SKIP","floor":31.0},{"not_picked":["Limit Break+1","Brutality","Impervious+1"],"picked":"Demon Form","floor":33.0},{"not_picked":["Headbutt","Rupture","Pummel"],"picked":"Warcry+1","floor":35.0},{"not_picked":["Shrug It Off+1","Clothesline","Sword Boomerang"],"picked":"Rage+1","floor":37.0},{"not_picked":["Combust","Iron Wave+1","Metallicize"],"picked":"Power Through+1","floor":38.0},{"not_picked":["Thunderclap","Metallicize","Bloodletting+1"],"picked":"Reckless Charge+1","floor":41.0},{"not_picked":["Burning Pact+1","Carnage+1","Armaments+1","Headbutt"],"picked":"SKIP","floor":41.0},{"not_picked":["Clash+1","Heavy Blade","Combust+1"],"picked":"Impervious+1","floor":42.0},{"not_picked":["Perfected Strike","Burning Pact+1","Clothesline+1"],"picked":"Warcry+1","floor":42.0},{"not_picked":["Twin Strike","Feel No Pain","Armaments+1"],"picked":"Berserk","floor":47},{"not_picked":["Battle Trance+1","Rampage+1","Sword Boomerang+1"],"picked":"Rage+1","floor":48},{"not_picked":["Infernal Blade+1","Flex+1","Armaments+1"],"picked":"Power Through+1","floor":48}],"player_experience":677817,"relics_obtained":[{"floor":6.0,"key":"Matryoshka"},{"floor":8.0,"key":"Happy Flower"},{"floor":9.0,"key":"Art of War"},{"floor":9.0,"key":"Strawberry"},{"floor":10.0,"key":"FossilizedHelix"},{"floor":14.0,"key":"Toxic Egg 2"},{"floor":26.0,"key":"Bronze Scales"},{"floor":26.0,"key":"Pear"},{"floor":29.0,"key":"Question Card"},{"floor":31.0,"key":"Bottled Lightning"},{"floor":38.0,"key":"Prayer Wheel"},{"floor":43.0,"key":"Boot"},{"floor":47,"key":"PreservedInsect"}],"event_choices":[{"damage_healed":0.0,"max_hp_gain":0.0,"max_hp_loss":0.0,"gold_gain":75.0,"event_name":"World of Goop","player_choice":"Gather Gold","floor":2.0,"gold_loss":0.0,"damage_taken":11.0},{"damage_healed":0.0,"max_hp_gain":0.0,"max_hp_loss":0.0,"gold_gain":0.0,"event_name":"Upgrade Shrine","player_choice":"Upgraded","floor":3.0,"gold_loss":0.0,"damage_taken":0.0,"cards_upgraded":["Clothesline"]},{"damage_healed":0.0,"max_hp_gain":0.0,"max_hp_loss":0.0,"gold_gain":0.0,"event_name":"The Library","player_choice":"Read","floor":19.0,"gold_loss":0.0,"damage_taken":0.0,"cards_obtained":["Shrug It Off"]},{"damage_healed":0.0,"max_hp_gain":0.0,"max_hp_loss":0.0,"gold_gain":0.0,"event_name":"Lab","player_choice":"Got Potions","floor":20.0,"gold_loss":0.0,"damage_taken":0.0},{"damage_healed":0.0,"max_hp_gain":5.0,"max_hp_loss":0.0,"gold_gain":0.0,"event_name":"Forgotten Altar","player_choice":"Shed Blood","floor":22.0,"gold_loss":0.0,"damage_taken":29.0},{"cards_removed":["Defend_R"],"damage_healed":0.0,"max_hp_gain":0.0,"max_hp_loss":0.0,"gold_gain":0.0,"event_name":"Falling","player_choice":"Removed Skill","floor":36.0,"gold_loss":0.0,"damage_taken":0.0},{"damage_healed":0.0,"max_hp_gain":0.0,"max_hp_loss":0.0,"gold_gain":0.0,"event_name":"MindBloom","player_choice":"Fight","floor":38.0,"gold_loss":0.0,"damage_taken":0.0},{"damage_healed":0.0,"max_hp_gain":0.0,"max_hp_loss":5.0,"gold_gain":0.0,"event_name":"Winding Halls","player_choice":"Max HP","floor":39.0,"gold_loss":0.0,"damage_taken":0.0},{"damage_healed":0.0,"max_hp_gain":0.0,"max_hp_loss":0.0,"gold_gain":0.0,"event_name":"Tomb of Lord Red Mask","player_choice":"Ignored","floor":45.0,"gold_loss":0.0,"damage_taken":0.0}],"is_beta":false,"boss_relics":[{"not_picked":["Runic Dome","White Beast Statue"],"picked":"Cursed Key"},{"not_picked":["Busted Crown","Velvet Choker"],"picked":"Mark of Pain"}],"items_purged_floors":[4,27,46],"is_endless":false,"potions_floor_spawned":[5,6,10,12,16,21,28,38,41],"killed_by":"Time Eater","ascension_level":20}