{"gold_per_floor":[116,216,5,5,24,24,53,53,53,82,110,132,144,191,203,315,327,359,391,403,435,447,489,287,304,361,361,394,412,412,412,412,515,515,534,553,289,289,289,289,321,321,321,350,369,380,407,407,407,407],"floor_reached":50,"playtime":4104,"items_purged":["Strike_R","Strike_R"],"score":733,"play_id":"02e7452a-f243-4293-8bf0-1dfe8667e4d8","local_time":"20190913211514","is_ascension_mode":true,"campfire_choices":[{"data":"Hemokinesis","floor":6,"key":"SMITH"},{"data":"Flex","floor":8,"key":"SMITH"},{"data":"Flame Barrier","floor":13,"key":"SMITH"},{"data":"Pummel","floor":15,"key":"SMITH"},{"floor":27,"key":"REST"},{"data":"Limit Break","floor":30,"key":"SMITH"},{"floor":32,"key":"REST"},{"data":"Double Tap","floor":40,"key":"SMITH"},{"floor":42,"key":"REST"},{"floor":49,"key":"REST"}],"neow_cost":"NONE","seed_source_timestamp":37132877053691,"circlet_count":0,"master_deck":["Strike_R","Strike_R","Defend_R","Defend_R","Defend_R","Defend_R","Bash","Wild Strike","Flex+1","Hemokinesis+1","Flex","Headbutt","Inflame","Flame Barrier+1","Pummel+1","Impervious","Shrug It Off","Sword Boomerang+1","Carnage","Twin Strike+1","Limit Break+1","Panacea","Pommel Strike+1","Armaments+1","Feed","Ghostly Armor","Double Tap+1","Trip","Pummel+1","Second Wind+1","Metallicize+1"],"relics":["Black Blood","NeowsBlessing","Membership Card","Mercury Hourglass","Champion Belt","MawBank","Gremlin Horn","Philosopher\u0027s Stone","Anchor","Juzu Bracelet","Tiny Chest","Red Skull","Ornamental Fan","Pear","Orichalcum","Paper Frog","Letter Opener","Singing Bowl"],"potions_floor_usage":[10,16,23,25,28,33,33,33,41,41,44,44,45,46],"damage_taken":[{"damage":0,"enemies":"2 Louse","floor":1,"turns":1},{"damage":0,"enemies":"Cultist","floor":5,"turns":1},{"damage":0,"enemies":"Gremlin Nob","floor":7,"turns":1},{"damage":14,"enemies":"Lagavulin","floor":10,"turns":5},{"damage":4,"enemies":"Jaw Worm","floor":11,"turns":2},{"damage":2,"enemies":"Exordium Wildlife","floor":12,"turns":1},{"damage":14,"enemies":"Gremlin Nob","floor":14,"turns":3},{"damage":27,"enemies":"The Guardian","floor":16,"turns":11},{"damage":11,"enemies":"Chosen","floor":18,"turns":3},{"damage":2,"enemies":"3 Byrds","floor":19,"turns":2},{"damage":11,"enemies":"Snake Plant","floor":21,"turns":4},{"damage":33,"enemies":"Gremlin Leader","floor":23,"turns":5},{"damage":0,"enemies":"Chosen and Byrds","floor":25,"turns":3},{"damage":39,"enemies":"Book of Stabbing","floor":28,"turns":4},{"damage":2,"enemies":"Cultist and Chosen","floor":29,"turns":3},{"damage":66,"enemies":"Automaton","floor":33,"turns":8},{"damage":17,"enemies":"Orb Walker","floor":35,"turns":3},{"damage":4,"enemies":"3 Shapes","floor":36,"turns":2},{"damage":38,"enemies":"Nemesis","floor":41,"turns":7},{"damage":41,"enemies":"Giant Head","floor":44,"turns":6},{"damage":23,"enemies":"Transient","floor":45,"turns":5},{"damage":17,"enemies":"4 Shapes","floor":46,"turns":3},{"damage":35,"enemies":"Nemesis","floor":47,"turns":5},{"damage":71,"enemies":"Donu and Deca","floor":50,"turns":5}],"seed_played":"8382074635367690696","potions_obtained":[{"floor":1,"key":"SpeedPotion"},{"floor":7,"key":"Poison Potion"},{"floor":10,"key":"GamblersBrew"},{"floor":18,"key":"EssenceOfSteel"},{"floor":23,"key":"Explosive Potion"},{"floor":28,"key":"Block Potion"},{"floor":29,"key":"Regen Potion"},{"floor":36,"key":"PowerPotion"},{"floor":41,"key":"EssenceOfSteel"},{"floor":44,"key":"BloodPotion"},{"floor":45,"key":"Weak Potion"}],"is_trial":false,"path_per_floor":["M","?","$","?","M","R","E","R","T","E","M","M","R","E","R","B",null,"M","M","?","M","?","E","$","M","T","R","E","M","R","?","R","B",null,"M","M","$","T","?","R","E","R","T","E","M","M","E","?","R","B"],"character_chosen":"IRONCLAD","items_purchased":["Membership Card","Flex","Limit Break","Panacea","Juzu Bracelet","Block Potion","Trip","Ornamental Fan","Fire Potion","SkillPotion"],"campfire_rested":4,"item_purchase_floors":[3,3,24,24,24,24,37,37,37,37],"current_hp_per_floor":[80,80,80,73,79,79,80,80,80,72,74,78,78,70,70,49,80,75,79,71,66,66,39,39,45,45,69,36,40,40,40,64,18,80,73,79,79,89,85,85,57,82,82,54,63,59,36,36,63,0],"gold":407,"neow_bonus":"THREE_ENEMY_KILL","is_prod":false,"is_daily":false,"chose_seed":false,"campfire_upgraded":6,"win_rate":0,"timestamp":1568423714,"path_taken":["M","?","?","?","?","R","E","R","T","E","M","M","R","E","R","BOSS","M","M","?","?","?","E","$","M","T","R","E","M","R","?","R","BOSS","M","M","$","?","?","R","E","R","T","E","M","M","E","?","R","BOSS"],"build_version":"2019-07-17","purchased_purges":2,"victory":false,"max_hp_per_floor":[80,80,80,80,80,80,80,80,80,80,80,80,80,80,80,80,80,80,80,80,80,80,80,80,80,80,80,80,80,80,80,80,80,80,80,80,80,90,85,85,85,85,85,88,88,91,93,93,93,93],"card_choices":[{"not_picked":["Second Wind","Perfected Strike"],"picked":"Wild Strike","floor":1},{"not_picked":["Clothesline","Bloodletting"],"picked":"Hemokinesis","floor":5},{"not_picked":["True Grit","Power Through"],"picked":"Flex","floor":7},{"not_picked":["Clash","Evolve"],"picked":"Headbutt","floor":10},{"not_picked":["Pommel Strike","True Grit"],"picked":"Inflame","floor":11},{"not_picked":["Thunderclap","Shrug It Off"],"picked":"Flame Barrier","floor":12},{"not_picked":["Twin Strike","Headbutt"],"picked":"Pummel","floor":14},{"not_picked":["Juggernaut","Exhume"],"picked":"Impervious","floor":16},{"not_picked":["Warcry+1","Iron Wave+1"],"picked":"Shrug It Off","floor":18},{"not_picked":["Battle Trance","Rupture"],"picked":"Sword Boomerang+1","floor":19},{"not_picked":["Shrug It Off","Warcry"],"picked":"Carnage","floor":21},{"not_picked":["Dropkick","Clothesline+1"],"picked":"Twin Strike+1","floor":23},{"not_picked":["Twin Strike+1","Sentinel+1"],"picked":"Pommel Strike+1","floor":25},{"not_picked":["Clothesline","Iron Wave"],"picked":"Armaments+1","floor":28},{"not_picked":["Headbutt","Anger"],"picked":"Feed","floor":29},{"not_picked":["Juggernaut","Offering"],"picked":"Double Tap","floor":33},{"not_picked":["Pommel Strike+1","Disarm","Dropkick"],"picked":"SKIP","floor":35},{"not_picked":["Armaments","Havoc","Twin Strike"],"picked":"SKIP","floor":36},{"not_picked":["Perfected Strike","Shrug It Off"],"picked":"Pummel+1","floor":44},{"not_picked":["Body Slam","Barricade"],"picked":"Second Wind+1","floor":45},{"not_picked":["Sword Boomerang+1","Evolve"],"picked":"Metallicize+1","floor":46},{"not_picked":["Flame Barrier+1","Clash+1","Dual Wield"],"picked":"Singing Bowl","floor":47}],"player_experience":328826,"relics_obtained":[{"floor":7,"key":"Mercury Hourglass"},{"floor":9,"key":"Champion Belt"},{"floor":10,"key":"MawBank"},{"floor":14,"key":"Gremlin Horn"},{"floor":23,"key":"Anchor"},{"floor":26,"key":"Tiny Chest"},{"floor":28,"key":"Red Skull"},{"floor":38,"key":"Pear"},{"floor":41,"key":"Orichalcum"},{"floor":43,"key":"Paper Frog"},{"floor":44,"key":"Letter Opener"},{"floor":47,"key":"Singing Bowl"}],"event_choices":[{"damage_healed":0,"gold_gain":100,"player_choice":"Pray","damage_taken":0,"max_hp_gain":0,"max_hp_loss":0,"event_name":"Golden Shrine","floor":2,"gold_loss":0},{"cards_removed":["Strike_R"],"damage_healed":0,"gold_gain":0,"player_choice":"Card Removal","damage_taken":7,"max_hp_gain":0,"max_hp_loss":0,"event_name":"Golden Wing","floor":4,"gold_loss":0},{"damage_healed":0,"gold_gain":0,"player_choice":"","damage_taken":8,"max_hp_gain":0,"max_hp_loss":0,"event_name":"Knowing Skull","floor":20,"potions_obtained":[],"gold_loss":0,"cards_obtained":[]},{"damage_healed":0,"gold_gain":0,"player_choice":"Ignored","damage_taken":0,"max_hp_gain":0,"max_hp_loss":0,"event_name":"Vampires","floor":22,"gold_loss":0},{"damage_healed":0,"gold_gain":0,"player_choice":"1 cards matched","damage_taken":0,"max_hp_gain":0,"max_hp_loss":0,"event_name":"Match and Keep!","floor":31,"gold_loss":0,"cards_obtained":["Ghostly Armor"]},{"damage_healed":0,"gold_gain":0,"player_choice":"Max HP","damage_taken":0,"max_hp_gain":0,"max_hp_loss":5,"event_name":"Winding Halls","floor":39,"gold_loss":0},{"damage_healed":0,"gold_gain":0,"player_choice":"Ignored","damage_taken":0,"max_hp_gain":0,"max_hp_loss":0,"event_name":"Tomb of Lord Red Mask","floor":48,"gold_loss":0}],"is_beta":false,"boss_relics":[{"not_picked":["Astrolabe","Coffee Dripper"],"picked":"Philosopher\u0027s Stone"},{"not_picked":["Pandora\u0027s Box","Runic Dome"],"picked":"Black Blood"}],"items_purged_floors":[24,37],"is_endless":false,"potions_floor_spawned":[1,7,10,18,23,28,29,36,41,44,45],"killed_by":"Donu and Deca","ascension_level":4}