{"gold_per_floor":[114,64,64,64,80,80,107,107,131,131,144,144,144,144,144,275,275,300,300,324,324,339,339,378,428,453,453,472,490,490,503,503,503],"floor_reached":33,"playtime":3099,"items_purged":[],"score":317,"play_id":"0d709f00-e8c7-4145-a7ad-8948389cd79a","local_time":"20190823201921","is_ascension_mode":true,"campfire_choices":[{"data":"Hello World","floor":6,"key":"SMITH"},{"data":"Consume","floor":10,"key":"SMITH"},{"floor":15,"key":"REST"},{"floor":23,"key":"REST"},{"data":"Defragment","floor":30,"key":"SMITH"},{"floor":32,"key":"REST"}],"neow_cost":"NONE","seed_source_timestamp":138278399340862,"circlet_count":0,"master_deck":["Strike_B+1","Strike_B+1","Defend_B","Defend_B","Defend_B","Defend_B","Zap","Dualcast+1","Hello World+1","Doom and Gloom+1","Cold Snap","Multi-Cast","BootSequence","Self Repair","Lockon","Defragment+1","Redo","Fusion+1","Stack","Echo Form","Buffer","Genetic Algorithm","Leap"],"relics":["Cracked Core","NeowsBlessing","Juzu Bracelet","Art of War","WarpedTongs","Centennial Puzzle","Golden Idol","Vajra","Orrery","Omamori","Whetstone"],"potions_floor_usage":[24,24,24,29,31],"damage_taken":[{"damage":0,"enemies":"2 Louse","floor":1,"turns":1},{"damage":0,"enemies":"Small Slimes","floor":5,"turns":1},{"damage":0,"enemies":"3 Sentries","floor":7,"turns":2},{"damage":10,"enemies":"Cultist","floor":11,"turns":3},{"damage":8,"enemies":"Slime Boss","floor":16,"turns":6},{"damage":12,"enemies":"Chosen","floor":18,"turns":5},{"damage":18,"enemies":"2 Thieves","floor":20,"turns":4},{"damage":26,"enemies":"Snecko","floor":22,"turns":5},{"damage":58,"enemies":"Slavers","floor":24,"turns":6},{"damage":22,"enemies":"Cultist and Chosen","floor":28,"turns":5},{"damage":12,"enemies":"Centurion and Healer","floor":29,"turns":5},{"damage":36,"enemies":"Sentry and Sphere","floor":31,"turns":6},{"damage":41,"enemies":"Champ","floor":33,"turns":12}],"seed_played":"9167603707009804012","potions_obtained":[{"floor":5,"key":"Strength Potion"},{"floor":7,"key":"Block Potion"},{"floor":16,"key":"Fire Potion"},{"floor":28,"key":"PowerPotion"},{"floor":29,"key":"SteroidPotion"}],"is_trial":false,"path_per_floor":["M","?","?","?","M","R","E","?","T","R","M","?","T","?","R","B",null,"M","?","M","?","M","R","E","?","T","?","M","M","R","M","R","B"],"character_chosen":"DEFECT","items_purchased":[],"campfire_rested":3,"item_purchase_floors":[],"current_hp_per_floor":[75,75,60,42,42,42,42,42,42,42,32,32,32,32,54,46,75,70,70,59,59,40,62,11,11,11,75,53,41,41,12,34,0],"gold":503,"neow_bonus":"THREE_ENEMY_KILL","is_prod":false,"is_daily":false,"chose_seed":false,"campfire_upgraded":3,"win_rate":0,"timestamp":1566605961,"path_taken":["M","?","?","?","M","R","E","?","T","R","M","?","?","?","R","BOSS","M","?","M","?","M","R","E","?","T","?","M","M","R","M","R","BOSS"],"build_version":"2019-07-17","purchased_purges":0,"victory":false,"max_hp_per_floor":[75,75,75,75,75,75,75,75,75,75,75,75,75,75,75,75,75,75,75,75,75,75,75,75,75,75,75,75,75,75,75,75,75],"card_choices":[{"not_picked":["Barrage","Consume"],"picked":"Hello World","floor":1},{"not_picked":["Blizzard","Aggregate"],"picked":"Doom and Gloom","floor":5},{"not_picked":["Steam","Turbo"],"picked":"Consume","floor":7},{"not_picked":["Barrage","Rebound"],"picked":"Cold Snap","floor":11},{"not_picked":["All For One","Fission"],"picked":"Multi-Cast","floor":16},{"not_picked":["Compile Driver","Auto Shields"],"picked":"BootSequence","floor":17},{"not_picked":["Beam Cell","Steam"],"picked":"Self Repair","floor":17},{"not_picked":["Steam","Compile Driver"],"picked":"Lockon","floor":17},{"not_picked":["Force Field","Rebound"],"picked":"Defragment","floor":17},{"not_picked":["Compile Driver","Meteor Strike"],"picked":"Redo","floor":17},{"not_picked":["Cold Snap","Streamline"],"picked":"Fusion+1","floor":18},{"not_picked":["Heatsinks","Fusion"],"picked":"Stack","floor":20},{"not_picked":["Beam Cell","Conserve Battery"],"picked":"Echo Form","floor":22},{"not_picked":["Sweeping Beam","Conserve Battery"],"picked":"Buffer","floor":24},{"not_picked":["Hello World","Aggregate","Steam"],"picked":"SKIP","floor":28},{"not_picked":["Reinforced Body+1","Steam Power"],"picked":"Genetic Algorithm","floor":29},{"not_picked":["Aggregate","Genetic Algorithm"],"picked":"Leap","floor":31}],"player_experience":225699,"relics_obtained":[{"floor":7,"key":"Art of War"},{"floor":9,"key":"Centennial Puzzle"},{"floor":13,"key":"Vajra"},{"floor":24,"key":"Omamori"},{"floor":26,"key":"Whetstone"}],"event_choices":[{"cards_removed":["Strike_B"],"damage_healed":0,"gold_gain":0,"player_choice":"Card Removal","damage_taken":0,"max_hp_gain":0,"max_hp_loss":0,"event_name":"The Cleric","floor":2,"gold_loss":50},{"damage_healed":0,"gold_gain":0,"player_choice":"Entered Light","damage_taken":15,"max_hp_gain":0,"max_hp_loss":0,"event_name":"Shining Light","floor":3,"gold_loss":0,"cards_upgraded":["Dualcast","Strike_B"]},{"damage_healed":0,"gold_gain":0,"player_choice":"Success","damage_taken":18,"relics_obtained":["Juzu Bracelet"],"max_hp_gain":0,"max_hp_loss":0,"event_name":"Scrap Ooze","floor":4,"gold_loss":0},{"damage_healed":0,"gold_gain":0,"player_choice":"Rummage","damage_taken":0,"relics_obtained":["WarpedTongs"],"max_hp_gain":0,"max_hp_loss":0,"event_name":"Accursed Blacksmith","floor":8,"gold_loss":0,"cards_obtained":["Pain"]},{"damage_healed":0,"gold_gain":0,"player_choice":"Take Wound","damage_taken":0,"relics_obtained":["Golden Idol"],"max_hp_gain":0,"max_hp_loss":0,"event_name":"Golden Idol","floor":12,"gold_loss":0,"cards_obtained":["Injury"]},{"cards_removed":["Injury","Pain"],"damage_healed":0,"gold_gain":0,"player_choice":"Removed Curses","damage_taken":0,"max_hp_gain":0,"max_hp_loss":0,"event_name":"Fountain of Cleansing","floor":14,"gold_loss":0},{"cards_removed":["Strike_B"],"damage_healed":0,"gold_gain":0,"player_choice":"Purged","damage_taken":0,"max_hp_gain":0,"max_hp_loss":0,"event_name":"Purifier","floor":19,"gold_loss":0},{"damage_healed":0,"gold_gain":0,"player_choice":"Ignored","damage_taken":0,"max_hp_gain":0,"max_hp_loss":0,"event_name":"Vampires","floor":21,"gold_loss":0},{"damage_healed":0,"gold_gain":100,"player_choice":"Bet on Murderer","damage_taken":0,"max_hp_gain":0,"max_hp_loss":0,"event_name":"The Joust","floor":25,"gold_loss":50},{"cards_removed":["Consume"],"damage_healed":64,"gold_gain":0,"player_choice":"Offered Uncommon","damage_taken":0,"max_hp_gain":0,"max_hp_loss":0,"event_name":"Bonfire Elementals","floor":27,"gold_loss":0}],"is_beta":false,"boss_relics":[{"not_picked":["Tiny House","Coffee Dripper"],"picked":"Orrery"}],"items_purged_floors":[],"is_endless":false,"potions_floor_spawned":[5,7,16,18,28,29],"killed_by":"Champ","ascension_level":2}