{"gold_per_floor":[110,124,72,85,101,101,115,143,143,154,170,170,62,75,75,174,174,184,194,194,209,54,54,86,86,141,152,170,185,219,250,262,374,386,409,440,452,464,5,5,5],"floor_reached":41,"playtime":7481,"items_purged":["Strike_B"],"score":516,"play_id":"1361089f-6d23-4e9e-aef0-eab210f8d858","local_time":"20190914234737","is_ascension_mode":false,"campfire_choices":[{"data":"Defragment","floor":6,"key":"SMITH"},{"floor":12,"key":"REST"},{"floor":15,"key":"REST"},{"data":"Machine Learning","floor":23,"key":"SMITH"},{"floor":25,"key":"DIG"},{"floor":32,"key":"REST"},{"floor":40,"key":"DIG"}],"neow_cost":"NONE","seed_source_timestamp":782020105123177,"circlet_count":0,"master_deck":["Strike_B","Strike_B","Strike_B","Defend_B","Defend_B","Defend_B","Defend_B","Zap","Dualcast","Panacea","Sweeping Beam","Defragment+1","Leap","Conserve Battery","Static Discharge","Streamline","Reinforced Body","Chill+1","Storm","Loop","Genetic Algorithm+1","Redo+1","Machine Learning+1","Turbo+1","Force Field+1","Deep Breath+1","Self Repair","White Noise+1","Stack+1","Redo+1","Consume+1","Reinforced Body+1","Fission+1","Darkness+1","Madness+1","Madness+1","Bandage Up+1","Loop"],"relics":["Cracked Core","Thread and Needle","Toxic Egg 2","Nuclear Battery","Shovel","Pantograph","MawBank","Black Star","PreservedInsect","Blood Vial","Regal Pillow"],"potions_floor_usage":[7,16,19,21,28,30,30,33,38],"damage_taken":[{"damage":2,"enemies":"2 Louse","floor":1,"turns":3},{"damage":1,"enemies":"Cultist","floor":2,"turns":4},{"damage":0,"enemies":"Jaw Worm","floor":4,"turns":3},{"damage":2,"enemies":"Large Slime","floor":5,"turns":5},{"damage":28,"enemies":"Exordium Thugs","floor":7,"turns":3},{"damage":38,"enemies":"Gremlin Nob","floor":8,"turns":5},{"damage":0,"enemies":"2 Fungi Beasts","floor":10,"turns":4},{"damage":0,"enemies":"3 Louse","floor":11,"turns":3},{"damage":0,"enemies":"Red Slaver","floor":14,"turns":4},{"damage":0,"enemies":"Slime Boss","floor":16,"turns":8},{"damage":4,"enemies":"Spheric Guardian","floor":18,"turns":5},{"damage":0,"enemies":"Chosen","floor":19,"turns":5},{"damage":3,"enemies":"Centurion and Healer","floor":21,"turns":6},{"damage":28,"enemies":"Book of Stabbing","floor":24,"turns":6},{"damage":14,"enemies":"Shelled Parasite and Fungi","floor":27,"turns":5},{"damage":0,"enemies":"Sentry and Sphere","floor":28,"turns":5},{"damage":3,"enemies":"Snake Plant","floor":29,"turns":5},{"damage":20,"enemies":"Gremlin Leader","floor":30,"turns":8},{"damage":0,"enemies":"Cultist and Chosen","floor":31,"turns":5},{"damage":13,"enemies":"Automaton","floor":33,"turns":11},{"damage":7,"enemies":"3 Darklings","floor":35,"turns":7},{"damage":20,"enemies":"Orb Walker","floor":36,"turns":4},{"damage":4,"enemies":"Jaw Worm Horde","floor":38,"turns":4},{"damage":65,"enemies":"Nemesis","floor":41,"turns":6}],"seed_played":"4167625037763201329","potions_obtained":[{"floor":4,"key":"AttackPotion"},{"floor":10,"key":"FearPotion"},{"floor":14,"key":"Poison Potion"},{"floor":16,"key":"SmokeBomb"},{"floor":19,"key":"Fire Potion"},{"floor":21,"key":"Fire Potion"},{"floor":28,"key":"Weak Potion"},{"floor":29,"key":"Poison Potion"},{"floor":30,"key":"Explosive Potion"}],"is_trial":false,"path_per_floor":["M","M","$","M","M","R","M","E","T","M","M","R","$","M","R","B",null,"M","M","?","M","$","R","E","R","T","M","M","M","E","M","R","B",null,"M","M","?","M","$","R","E"],"character_chosen":"DEFECT","items_purchased":["Leap","Loop","Genetic Algorithm+1","Self Repair","PreservedInsect","Blood Vial","Bandage Up+1","Loop","Explosive Potion"],"campfire_rested":3,"item_purchase_floors":[3,13,13,22,39,39,39,39,39],"current_hp_per_floor":[73,72,72,72,70,70,42,4,4,4,4,26,26,26,48,48,75,71,71,57,54,54,54,33,33,33,26,33,37,24,31,53,69,75,75,62,53,56,56,56,0],"gold":5,"neow_bonus":"RANDOM_COLORLESS","is_prod":false,"is_daily":false,"chose_seed":false,"campfire_upgraded":2,"win_rate":0,"timestamp":1568519257,"path_taken":["M","M","$","M","M","R","M","E","T","M","M","R","$","M","R","BOSS","M","M","?","M","$","R","E","R","T","M","?","M","E","M","R","BOSS","M","M","?","M","$","R","E"],"build_version":"2019-07-17","purchased_purges":1,"victory":false,"max_hp_per_floor":[75,75,75,75,75,75,75,75,75,75,75,75,75,75,75,75,75,75,75,75,75,75,75,75,75,75,75,75,75,75,75,75,75,75,75,75,75,75,75,75,75],"card_choices":[{"not_picked":["Steam","Beam Cell"],"picked":"Sweeping Beam","floor":1},{"not_picked":["Go for the Eyes","Recycle"],"picked":"Defragment","floor":2},{"not_picked":["Cold Snap","Turbo"],"picked":"Conserve Battery","floor":4},{"not_picked":["Redo","Storm"],"picked":"Static Discharge","floor":5},{"not_picked":["Stack","Go for the Eyes"],"picked":"Streamline","floor":7},{"not_picked":["Chaos","Redo"],"picked":"Reinforced Body","floor":8},{"not_picked":["Compile Driver","Stack+1"],"picked":"Chill+1","floor":10},{"not_picked":["Conserve Battery+1","Redo+1"],"picked":"Storm","floor":11},{"not_picked":["Beam Cell","Blizzard"],"picked":"Redo+1","floor":14},{"not_picked":["Rainbow+1","All For One"],"picked":"Machine Learning","floor":16},{"not_picked":["Auto Shields+1","Conserve Battery+1"],"picked":"Turbo+1","floor":18},{"not_picked":["Go for the Eyes","Ball Lightning+1"],"picked":"Force Field+1","floor":19},{"not_picked":["Steam+1","Barrage","All For One"],"picked":"SKIP","floor":21},{"not_picked":["Hello World+1","Aggregate+1"],"picked":"White Noise+1","floor":24},{"not_picked":["Sweeping Beam","Sunder"],"picked":"Stack+1","floor":27},{"not_picked":["Stack+1","Barrage"],"picked":"Redo+1","floor":28},{"not_picked":["Chill+1","Recycle+1"],"picked":"Consume+1","floor":29},{"not_picked":["Go for the Eyes+1","Compile Driver"],"picked":"Reinforced Body+1","floor":30},{"not_picked":["Streamline","Aggregate+1","Ball Lightning"],"picked":"SKIP","floor":31},{"not_picked":["All For One","Reboot+1"],"picked":"Fission+1","floor":33},{"not_picked":["Static Discharge+1","Barrage+1"],"picked":"Darkness+1","floor":35},{"not_picked":["Chill+1","Compile Driver","Streamline"],"picked":"SKIP","floor":36}],"player_experience":307972,"relics_obtained":[{"floor":8,"key":"Thread and Needle"},{"floor":9,"key":"Toxic Egg 2"},{"floor":24,"key":"Shovel"},{"floor":25,"key":"Pantograph"},{"floor":30,"key":"MawBank"},{"floor":40,"key":"Regal Pillow"}],"event_choices":[{"damage_healed":0,"gold_gain":0,"player_choice":"CARD ","damage_taken":14,"max_hp_gain":0,"max_hp_loss":0,"event_name":"Knowing Skull","floor":20,"potions_obtained":[],"gold_loss":0,"cards_obtained":["Deep Breath"]},{"damage_healed":0,"gold_gain":0,"player_choice":"Embrace Madness","damage_taken":9,"max_hp_gain":0,"max_hp_loss":0,"event_name":"Winding Halls","floor":37,"gold_loss":0,"cards_obtained":["Madness","Madness"]}],"is_beta":false,"boss_relics":[{"not_picked":["Calling Bell","Runic Pyramid"],"picked":"Nuclear Battery"},{"not_picked":["Orrery","Snecko Eye"],"picked":"Black Star"}],"items_purged_floors":[22],"is_endless":false,"potions_floor_spawned":[4,10,14,16,19,21,28,29,30,38],"killed_by":"Nemesis","ascension_level":0}