{"gold_per_floor":[211,211,225,237,46,73,89,89,113,113,143,143,113,38,38,112,112,131,131,181,181,196,222,234,234,534,534,534,551,415,429,429,503,503,514,514,57,75,75,75,89,101,101,120,120,137,137,152,152,152,152],"floor_reached":51,"playtime":4394,"items_purged":["Pain","Strike_R"],"score":1283,"play_id":"e02a7e1f-f681-4ecf-b126-d4b6f1bf3729","local_time":"20190609175620","is_ascension_mode":true,"campfire_choices":[{"data":"Whirlwind","floor":8,"key":"SMITH"},{"floor":10,"key":"REST"},{"floor":15,"key":"REST"},{"data":"Offering","floor":25,"key":"SMITH"},{"floor":27,"key":"REST"},{"data":"Bludgeon","floor":32,"key":"SMITH"},{"data":"Immolate","floor":40,"key":"SMITH"},{"floor":47,"key":"RECALL"},{"floor":49,"key":"REST"}],"neow_cost":"NONE","seed_source_timestamp":610108131323999,"circlet_count":0,"master_deck":["AscendersBane","Strike_R","Strike_R","Strike_R","Defend_R","Defend_R","Defend_R","Defend_R+1","Bash","Evolve","Flame Barrier","Whirlwind+1","Bludgeon+1","Reckless Charge","Seeing Red","Carnage","Clothesline","Reaper","Shrug It Off","True Grit","Offering+1","Clothesline","Flame Barrier+1","Spot Weakness","Uppercut","Immolate+1","Flame Barrier","Shockwave+1","Bludgeon"],"relics":["Burning Blood","Dream Catcher","Happy Flower","WarpedTongs","Snecko Eye","MutagenicStrength","Orichalcum","Old Coin","Pear","Sozu","Membership Card","Mango","War Paint","Bottled Lightning"],"potions_floor_usage":[3,7,23,24,33],"damage_taken":[{"damage":6,"enemies":"Cultist","floor":1,"turns":3},{"damage":2,"enemies":"Small Slimes","floor":3,"turns":6},{"damage":0,"enemies":"Jaw Worm","floor":4,"turns":5},{"damage":35,"enemies":"3 Sentries","floor":6,"turns":9},{"damage":6,"enemies":"2 Fungi Beasts","floor":7,"turns":2},{"damage":32,"enemies":"Gremlin Nob","floor":11,"turns":4},{"damage":25,"enemies":"Exordium Thugs","floor":13,"turns":5},{"damage":35,"enemies":"The Guardian","floor":16,"turns":12},{"damage":11,"enemies":"2 Thieves","floor":18,"turns":4},{"damage":13,"enemies":"3 Byrds","floor":22,"turns":4},{"damage":69,"enemies":"Slavers","floor":23,"turns":7},{"damage":8,"enemies":"Centurion and Healer","floor":24,"turns":3},{"damage":0,"enemies":"Snake Plant","floor":29,"turns":1},{"damage":6,"enemies":"3 Cultists","floor":31,"turns":3},{"damage":72,"enemies":"Automaton","floor":33,"turns":12},{"damage":17,"enemies":"3 Shapes","floor":35,"turns":5},{"damage":21,"enemies":"3 Darklings","floor":38,"turns":3},{"damage":18,"enemies":"4 Shapes","floor":41,"turns":3},{"damage":32,"enemies":"Jaw Worm Horde","floor":42,"turns":3},{"damage":4,"enemies":"Spire Growth","floor":44,"turns":4},{"damage":9,"enemies":"4 Shapes","floor":46,"turns":1},{"damage":13,"enemies":"Writhing Mass","floor":48,"turns":2},{"damage":61,"enemies":"Donu and Deca","floor":50,"turns":9},{"damage":46,"enemies":"Time Eater","floor":51,"turns":5}],"seed_played":"1964936193153037643","potions_obtained":[{"floor":1,"key":"SkillPotion"},{"floor":4,"key":"Weak Potion"},{"floor":22,"key":"Weak Potion"},{"floor":23,"key":"PowerPotion"},{"floor":24,"key":"Energy Potion"}],"is_trial":false,"path_per_floor":["M","?","M","M","$","E","M","R","T","R","E","?","M","$","R","B",null,"M","?","?","?","M","E","M","R","T","R","T","M","$","M","R","B",null,"M","?","$","M","?","R","M","M","T","M","?","M","R","M","R","B","B"],"character_chosen":"IRONCLAD","items_purchased":["Bludgeon","Reckless Charge","Uppercut","Membership Card","Mango","War Paint"],"campfire_rested":4,"item_purchase_floors":[5,5,30,37,37,37],"current_hp_per_floor":[68,68,72,75,75,46,46,46,46,68,42,42,31,31,53,30,64,63,63,63,63,62,12,27,27,27,49,59,65,65,85,85,19,69,58,58,72,57,57,57,61,42,42,51,51,48,48,41,69,24,0],"gold":152,"neow_bonus":"HUNDRED_GOLD","is_prod":false,"is_daily":false,"chose_seed":false,"campfire_upgraded":4,"win_rate":0,"timestamp":1560128180,"path_taken":["M","?","?","M","$","E","M","R","T","R","E","?","?","$","R","BOSS","M","?","?","?","?","E","?","R","T","R","?","M","$","M","R","BOSS","M","?","$","M","?","R","?","M","T","M","?","M","R","M","R","BOSS","BOSS"],"build_version":"2019-01-23","purchased_purges":2,"victory":false,"max_hp_per_floor":[75,75,75,75,75,75,75,75,75,75,75,75,75,75,75,75,75,75,75,75,75,75,75,75,75,75,75,85,85,85,85,85,85,85,85,85,99,99,99,99,99,99,99,99,94,94,94,94,94,94,94],"card_choices":[{"not_picked":["Sever Soul","Twin Strike"],"picked":"Evolve","floor":1},{"not_picked":["Dropkick","Thunderclap"],"picked":"Flame Barrier","floor":3},{"not_picked":["Flex","Headbutt"],"picked":"Whirlwind","floor":4},{"not_picked":["Headbutt","Flame Barrier"],"picked":"Seeing Red","floor":6},{"not_picked":["Perfected Strike","Bloodletting"],"picked":"Carnage","floor":7},{"not_picked":["Wild Strike","Power Through"],"picked":"Clothesline","floor":10},{"not_picked":["Twin Strike","Heavy Blade"],"picked":"Reaper","floor":11},{"not_picked":["Thunderclap","Burning Pact"],"picked":"Shrug It Off","floor":13},{"not_picked":["Anger","Clash"],"picked":"True Grit","floor":15},{"not_picked":["Dark Embrace","Juggernaut"],"picked":"Offering","floor":16},{"not_picked":["Rampage","Seeing Red"],"picked":"Clothesline","floor":18},{"not_picked":["Armaments+1","Carnage"],"picked":"Flame Barrier","floor":22},{"not_picked":["Sentinel","Dropkick"],"picked":"Spot Weakness","floor":23},{"not_picked":["Hemokinesis","Perfected Strike+1","Anger"],"picked":"SKIP","floor":24},{"not_picked":["Wild Strike","Twin Strike","Anger+1"],"picked":"SKIP","floor":29},{"not_picked":["Heavy Blade","Havoc","Hemokinesis"],"picked":"SKIP","floor":31},{"not_picked":["Feed","Barricade"],"picked":"Immolate","floor":33},{"not_picked":["True Grit","Twin Strike"],"picked":"Flame Barrier","floor":35},{"not_picked":["Pommel Strike","Clash","Perfected Strike+1"],"picked":"SKIP","floor":38},{"not_picked":["Perfected Strike","Cleave","Battle Trance"],"picked":"SKIP","floor":41},{"not_picked":["Anger+1","Havoc","Clothesline"],"picked":"SKIP","floor":42},{"not_picked":["Twin Strike","Inflame"],"picked":"Shockwave+1","floor":44},{"not_picked":["Twin Strike","Burning Pact","Havoc"],"picked":"SKIP","floor":46},{"not_picked":["Heavy Blade","Corruption"],"picked":"Bludgeon","floor":48}],"player_experience":995534,"relics_obtained":[{"floor":6,"key":"Dream Catcher"},{"floor":11,"key":"Happy Flower"},{"floor":23,"key":"Orichalcum"},{"floor":26,"key":"Old Coin"},{"floor":28,"key":"Pear"},{"floor":43,"key":"Bottled Lightning"}],"event_choices":[{"cards_removed":["Strike_R"],"damage_healed":0,"gold_gain":0,"player_choice":"Offered Basic","damage_taken":0,"max_hp_gain":0,"max_hp_loss":0,"event_name":"Bonfire Elementals","floor":2,"gold_loss":0},{"damage_healed":0,"gold_gain":0,"player_choice":"Rummage","damage_taken":0,"relics_obtained":["WarpedTongs"],"max_hp_gain":0,"max_hp_loss":0,"event_name":"Accursed Blacksmith","floor":12,"gold_loss":0,"cards_obtained":["Pain"]},{"damage_healed":0,"gold_gain":0,"player_choice":"Ignored","damage_taken":0,"max_hp_gain":0,"max_hp_loss":0,"event_name":"Vampires","floor":19,"gold_loss":0},{"damage_healed":0,"gold_gain":50,"player_choice":"Stole From Cult","damage_taken":0,"max_hp_gain":0,"max_hp_loss":0,"event_name":"Nest","floor":20,"gold_loss":0},{"damage_healed":0,"gold_gain":0,"player_choice":"Inject Mutagens","damage_taken":0,"relics_obtained":["MutagenicStrength"],"max_hp_gain":0,"max_hp_loss":0,"event_name":"Drug Dealer","floor":21,"gold_loss":0},{"damage_healed":0,"gold_gain":0,"player_choice":"Memory 1","damage_taken":0,"max_hp_gain":0,"max_hp_loss":0,"event_name":"SensoryStone","floor":36,"gold_loss":0},{"damage_healed":0,"gold_gain":0,"player_choice":"Ignored","damage_taken":0,"max_hp_gain":0,"max_hp_loss":0,"event_name":"SecretPortal","floor":39,"gold_loss":0},{"damage_healed":0,"gold_gain":0,"player_choice":"Max HP","damage_taken":0,"max_hp_gain":0,"max_hp_loss":5,"event_name":"Winding Halls","floor":45,"gold_loss":0}],"is_beta":false,"boss_relics":[{"not_picked":["Calling Bell","Fusion Hammer"],"picked":"Snecko Eye"},{"not_picked":["Astrolabe","Eternal Feather"],"picked":"Sozu"}],"items_purged_floors":[14,30],"is_endless":false,"potions_floor_spawned":[1,4,22,23,24,38,48],"killed_by":"Time Eater","ascension_level":20}