{"gold_per_floor":[110,110,121,121,5,40,40,57,57,57,74,74,84,114,114,188,188,200,32,32,52,71,71,103,103,182,182,208,221,1,15,15,89,89,106,206,206,219,270,270,270,52,52,52,52,68,68,85,85,85],"floor_reached":51,"playtime":7019,"items_purged":["Regret","Strike_B","Strike_B"],"score":1061,"play_id":"10d530bc-43b5-493c-95bf-e87617b0dc12","local_time":"20190220124826","is_ascension_mode":true,"campfire_choices":[{"data":"Echo Form","floor":7,"key":"SMITH"},{"data":"Consume","floor":10,"key":"SMITH"},{"data":"Tempest","floor":12,"key":"SMITH"},{"data":"Capacitor","floor":15,"key":"SMITH"},{"data":"Blind","floor":23,"key":"SMITH"},{"data":"Coolheaded","floor":25,"key":"SMITH"},{"data":"Biased Cognition","floor":27,"key":"SMITH"},{"data":"Doom and Gloom","floor":32,"key":"SMITH"},{"floor":40,"key":"DIG"},{"floor":44,"key":"DIG"},{"floor":45,"key":"DIG"},{"floor":47,"key":"DIG"},{"floor":49,"key":"DIG"}],"neow_cost":"NONE","seed_source_timestamp":223059898407547,"circlet_count":0,"master_deck":["AscendersBane","Strike_B","Strike_B","Defend_B","Defend_B","Defend_B+1","Defend_B+1","Zap","Self Repair","Ball Lightning","Tempest+1","Echo Form+1","Consume+1","Conserve Battery","Capacitor+1","Leap","Biased Cognition+1","BootSequence","Coolheaded+1","Blind+1","Cold Snap","Loop+1","Doom and Gloom+1","Capacitor","Ball Lightning+1","Thunder Strike+1","Ball Lightning+1","Doom and Gloom+1","Static Discharge","Coolheaded"],"relics":["Cracked Core","Regal Pillow","FossilizedHelix","War Paint","Darkstone Periapt","Letter Opener","Bird Faced Urn","Nuclear Battery","Bronze Scales","Sundial","The Courier","Molten Egg 2","Runic Dome","WingedGreaves","Shovel","Thread and Needle","Ancient Tea Set","Blood Vial","Unceasing Top","Oddly Smooth Stone","Pantograph"],"potions_floor_usage":[11,13,14,16,22,24,30,39,46,48,50,50],"damage_taken":[{"damage":1,"enemies":"Cultist","floor":1,"turns":3},{"damage":0,"enemies":"Small Slimes","floor":3,"turns":3},{"damage":20,"enemies":"Gremlin Nob","floor":6,"turns":4},{"damage":0,"enemies":"2 Louse","floor":8,"turns":3},{"damage":0,"enemies":"Looter","floor":11,"turns":2},{"damage":0,"enemies":"3 Louse","floor":13,"turns":2},{"damage":20,"enemies":"3 Sentries","floor":14,"turns":4},{"damage":14,"enemies":"Slime Boss","floor":16,"turns":6},{"damage":8,"enemies":"3 Byrds","floor":18,"turns":4},{"damage":0,"enemies":"Chosen","floor":21,"turns":4},{"damage":3,"enemies":"Centurion and Healer","floor":22,"turns":7},{"damage":44,"enemies":"Slavers","floor":24,"turns":5},{"damage":28,"enemies":"Gremlin Leader","floor":28,"turns":8},{"damage":11,"enemies":"Cultist and Chosen","floor":29,"turns":5},{"damage":0,"enemies":"Snecko","floor":31,"turns":4},{"damage":59,"enemies":"Collector","floor":33,"turns":9},{"damage":0,"enemies":"Orb Walker","floor":35,"turns":3},{"damage":0,"enemies":"Mind Bloom Boss Battle","floor":36,"turns":4},{"damage":0,"enemies":"3 Shapes","floor":38,"turns":5},{"damage":46,"enemies":"2 Orb Walkers","floor":39,"turns":4},{"damage":0,"enemies":"Writhing Mass","floor":46,"turns":3},{"damage":11,"enemies":"Spire Growth","floor":48,"turns":4},{"damage":70,"enemies":"Awakened One","floor":50,"turns":10}],"seed_played":"8045063378642164809","potions_obtained":[{"floor":3,"key":"SteroidPotion"},{"floor":8,"key":"Fire Potion"},{"floor":11,"key":"EntropicBrew"},{"floor":21,"key":"Weak Potion"},{"floor":22,"key":"Weak Potion"},{"floor":31,"key":"SteroidPotion"},{"floor":39,"key":"Dexterity Potion"},{"floor":46,"key":"SneckoOil"},{"floor":48,"key":"SpeedPotion"}],"is_trial":false,"path_per_floor":["M","?","M","?","$","E","R","M","T","R","M","R","M","E","R","B",null,"M","$","?","M","M","R","E","R","T","R","E","M","$","M","R","B",null,"M","?","?","M","?","R","?","$","T","R","R","M","R","M","R","B",null],"character_chosen":"DEFECT","items_purchased":["Tempest","Bronze Scales","Coolheaded","Capacitor","Fruit Juice","Ball Lightning+1","Regen Potion","Static Discharge"],"campfire_rested":0,"item_purchase_floors":[5,19,19,30,30,30,42,42],"current_hp_per_floor":[67,67,74,74,74,61,61,68,68,68,68,68,68,48,48,38,66,62,62,62,75,75,75,55,55,55,55,46,50,55,72,72,34,69,73,80,76,76,39,39,39,39,39,39,39,67,67,76,76,15],"gold":85,"neow_bonus":"RANDOM_COMMON_RELIC","is_prod":false,"is_daily":false,"chose_seed":false,"campfire_upgraded":8,"win_rate":0,"timestamp":1550695706,"path_taken":["M","?","M","?","$","E","R","M","T","R","?","R","M","E","R","BOSS","M","$","?","?","M","R","E","R","T","R","E","M","$","M","R","BOSS","M","?","?","M","?","R","?","$","T","R","R","M","R","M","R","BOSS"],"build_version":"2019-01-23","purchased_purges":3,"victory":true,"max_hp_per_floor":[75,75,75,75,75,75,75,75,75,75,75,75,75,75,75,75,75,75,75,75,75,75,75,75,75,75,75,75,75,80,80,80,80,80,80,80,76,76,76,76,76,76,76,76,76,76,76,76,76,76],"card_choices":[{"not_picked":["Barrage","Undo"],"picked":"Self Repair","floor":1},{"not_picked":["Coolheaded","Sweeping Beam"],"picked":"Ball Lightning","floor":3},{"not_picked":["Streamline","Ball Lightning"],"picked":"Echo Form","floor":6},{"not_picked":["Streamline","Gash"],"picked":"Consume","floor":8},{"not_picked":["Ball Lightning","Sweeping Beam"],"picked":"Conserve Battery","floor":11},{"not_picked":["Self Repair","Darkness"],"picked":"Capacitor","floor":13},{"not_picked":["Turbo","Steam"],"picked":"Leap","floor":14},{"not_picked":["Reboot","Meteor Strike"],"picked":"Biased Cognition","floor":16},{"not_picked":["Redo","Skim"],"picked":"BootSequence","floor":18},{"not_picked":["Go for the Eyes","Redo"],"picked":"Loop+1","floor":21},{"not_picked":["Redo","Skim+1"],"picked":"Doom and Gloom","floor":22},{"not_picked":["Rip and Tear","Fission","Meteor Strike"],"picked":"SKIP","floor":24},{"not_picked":["Redo","Sweeping Beam","Go for the Eyes"],"picked":"SKIP","floor":28},{"not_picked":["Blizzard+1","Compile Driver+1","Recycle"],"picked":"SKIP","floor":29},{"not_picked":["Reprogram","Compile Driver+1","Turbo"],"picked":"SKIP","floor":31},{"not_picked":["Multi-Cast","Hyperbeam+1"],"picked":"Thunder Strike+1","floor":33},{"not_picked":["Capacitor","Conserve Battery"],"picked":"Ball Lightning+1","floor":35},{"not_picked":["Rip and Tear+1","Turbo","Go for the Eyes+1"],"picked":"SKIP","floor":38},{"not_picked":["Stack","Barrage+1"],"picked":"Doom and Gloom+1","floor":39},{"not_picked":["Blizzard+1","Streamline+1"],"picked":"Coolheaded","floor":46},{"not_picked":["Undo","Consume","Reinforced Body"],"picked":"SKIP","floor":48}],"player_experience":683485,"relics_obtained":[{"floor":6,"key":"Darkstone Periapt"},{"floor":9,"key":"Letter Opener"},{"floor":14,"key":"Bird Faced Urn"},{"floor":24,"key":"Sundial"},{"floor":26,"key":"The Courier"},{"floor":28,"key":"Molten Egg 2"},{"floor":36,"key":"WingedGreaves"},{"floor":39,"key":"Shovel"},{"floor":40,"key":"Thread and Needle"},{"floor":43,"key":"Ancient Tea Set"},{"floor":44,"key":"Blood Vial"},{"floor":45,"key":"Unceasing Top"},{"floor":47,"key":"Oddly Smooth Stone"},{"floor":49,"key":"Pantograph"}],"event_choices":[{"damage_healed":0,"gold_gain":0,"player_choice":"Box","damage_taken":0,"relics_obtained":["FossilizedHelix"],"max_hp_gain":0,"max_hp_loss":0,"event_name":"Big Fish","floor":2,"gold_loss":0,"cards_obtained":["Regret"]},{"damage_healed":0,"gold_gain":0,"player_choice":"Gave Potion","damage_taken":0,"relics_obtained":["War Paint"],"max_hp_gain":0,"max_hp_loss":0,"event_name":"WeMeetAgain","floor":4,"gold_loss":0},{"damage_healed":0,"gold_gain":0,"player_choice":"2 cards matched","damage_taken":0,"max_hp_gain":0,"max_hp_loss":0,"event_name":"Match and Keep!","floor":20,"gold_loss":0,"cards_obtained":["Blind","Cold Snap"]},{"damage_healed":0,"gold_gain":0,"player_choice":"Fight","damage_taken":0,"max_hp_gain":0,"max_hp_loss":0,"event_name":"MindBloom","floor":36,"gold_loss":0},{"damage_healed":0,"gold_gain":0,"player_choice":"Max HP","damage_taken":0,"max_hp_gain":0,"max_hp_loss":4,"event_name":"Winding Halls","floor":37,"gold_loss":0},{"damage_healed":0,"gold_gain":0,"player_choice":"Fight","damage_taken":0,"max_hp_gain":0,"max_hp_loss":0,"event_name":"Mysterious Sphere","floor":39,"gold_loss":0},{"cards_removed":["Dualcast"],"damage_healed":0,"gold_gain":0,"player_choice":"Removed Skill","damage_taken":0,"max_hp_gain":0,"max_hp_loss":0,"event_name":"Falling","floor":41,"gold_loss":0}],"is_beta":false,"boss_relics":[{"not_picked":["Empty Cage","Eternal Feather"],"picked":"Nuclear Battery"},{"not_picked":["Orrery","Pandora\u0027s Box"],"picked":"Runic Dome"}],"items_purged_floors":[5,30,42],"is_endless":false,"potions_floor_spawned":[3,8,11,21,22,31,39,46,48],"ascension_level":13}