{"gold_per_floor":[116,116,116,41,66,66,79,79,131,41,122,122,138,151,151,281,281,206,166,66,66,82,121,146,166,166,191,123,141,159,178,178,307,307,325,450,450,470,488,488,512,104,104,104,124,124,159,14,14,14],"floor_reached":51,"playtime":8255,"items_purged":["Regret","Strike_G","Injury"],"score":764,"play_id":"a1be8d2b-884c-4da9-8b1c-9571261d4184","local_time":"20190905003653","is_ascension_mode":false,"campfire_choices":[{"data":"Neutralize","floor":6,"key":"SMITH"},{"data":"Burst","floor":8,"key":"SMITH"},{"data":"Noxious Fumes","floor":12,"key":"SMITH"},{"data":"Bane","floor":15,"key":"SMITH"},{"floor":32,"key":"REST"},{"data":"Catalyst","floor":40,"key":"SMITH"},{"floor":44,"key":"REST"},{"data":"Noxious Fumes","floor":46,"key":"SMITH"},{"floor":49,"key":"RECALL"}],"neow_cost":"NONE","seed_source_timestamp":478747118894314,"circlet_count":0,"master_deck":["Survivor","Neutralize+1","Backflip","Burst+1","Noxious Fumes+1","Dagger Spray+1","Bane+1","Dodge and Roll","After Image","Dagger Spray+1","Dodge and Roll","PiercingWail","Crippling Poison","Bullet Time","Crippling Poison","Catalyst+1","Dash","Footwork","Venomology","Slice","Phantasmal Killer","Riddle With Holes","Malaise","Tactician","Calculated Gamble","Escape Plan","Tools of the Trade","Leg Sweep","Bane+1","Cloak And Dagger","Blur+1","Noxious Fumes+1","Bullet Time","Noxious Fumes","Crippling Poison"],"relics":["Ring of the Snake","Golden Idol","Ancient Tea Set","Vajra","Snecko Eye","Ice Cream","Dodecahedron","Nunchaku","Pandora\u0027s Box","Incense Burner","Meat on the Bone","Bottled Tornado","Sundial"],"potions_floor_usage":[13,31,33,35,36,39,39,39,39,47,50,50,50],"damage_taken":[{"damage":0,"enemies":"2 Louse","floor":1,"turns":3},{"damage":0,"enemies":"Small Slimes","floor":5,"turns":4},{"damage":0,"enemies":"Cultist","floor":7,"turns":5},{"damage":20,"enemies":"Gremlin Nob","floor":11,"turns":4},{"damage":1,"enemies":"Large Slime","floor":13,"turns":5},{"damage":0,"enemies":"2 Fungi Beasts","floor":14,"turns":2},{"damage":34,"enemies":"The Guardian","floor":16,"turns":12},{"damage":15,"enemies":"2 Thieves","floor":18,"turns":5},{"damage":2,"enemies":"Shell Parasite","floor":22,"turns":6},{"damage":27,"enemies":"Book of Stabbing","floor":23,"turns":7},{"damage":16,"enemies":"Sentry and Sphere","floor":24,"turns":10},{"damage":9,"enemies":"Shelled Parasite and Fungi","floor":25,"turns":6},{"damage":4,"enemies":"3 Cultists","floor":27,"turns":4},{"damage":0,"enemies":"Centurion and Healer","floor":29,"turns":5},{"damage":2,"enemies":"Snake Plant","floor":30,"turns":5},{"damage":0,"enemies":"Cultist and Chosen","floor":31,"turns":6},{"damage":0,"enemies":"Automaton","floor":33,"turns":10},{"damage":0,"enemies":"Orb Walker","floor":35,"turns":3},{"damage":0,"enemies":"Mind Bloom Boss Battle","floor":36,"turns":7},{"damage":15,"enemies":"3 Shapes","floor":38,"turns":5},{"damage":36,"enemies":"Transient","floor":39,"turns":5},{"damage":13,"enemies":"4 Shapes","floor":41,"turns":5},{"damage":13,"enemies":"Spire Growth","floor":45,"turns":5},{"damage":0,"enemies":"Nemesis","floor":47,"turns":7},{"damage":20,"enemies":"Time Eater","floor":50,"turns":6}],"seed_played":"2374884751730903702","potions_obtained":[{"floor":5,"key":"Regen Potion"},{"floor":25,"key":"Weak Potion"},{"floor":29,"key":"Fire Potion"},{"floor":30,"key":"Dexterity Potion"},{"floor":33,"key":"SteroidPotion"},{"floor":35,"key":"SpeedPotion"},{"floor":41,"key":"GamblersBrew"}],"is_trial":false,"path_per_floor":["M","?","?","$","M","R","M","R","T","$","?","R","M","M","R","B",null,"M","?","$","T","M","E","M","M","T","M","$","M","M","M","R","B",null,"M","?","?","M","M","R","M","$","T","R","M","R","E","$","R","B",null],"character_chosen":"THE_SILENT","items_purchased":["Noxious Fumes","Dagger Spray","Catalyst","Noxious Fumes","Meat on the Bone","Noxious Fumes","Crippling Poison"],"campfire_rested":2,"item_purchase_floors":[10,10,28,42,42,48,48],"current_hp_per_floor":[77,77,77,77,77,77,77,77,77,77,57,57,71,71,71,37,77,62,62,62,62,60,33,17,8,8,4,4,4,2,2,25,25,77,77,77,77,62,41,41,28,28,28,51,50,50,50,50,50,42],"gold":14,"neow_bonus":"TEN_PERCENT_HP_BONUS","is_prod":false,"is_daily":false,"chose_seed":false,"campfire_upgraded":6,"win_rate":0,"timestamp":1567658213,"path_taken":["M","?","?","$","M","R","M","R","T","$","?","R","M","M","R","BOSS","M","?","$","?","M","E","M","M","T","M","$","M","M","M","R","BOSS","M","?","?","M","M","R","M","$","T","R","M","R","E","$","R","BOSS"],"build_version":"2019-07-17","purchased_purges":3,"victory":true,"max_hp_per_floor":[77,77,77,77,77,77,77,77,77,77,77,77,77,77,77,77,77,77,77,77,77,77,77,77,77,77,77,77,77,77,77,77,77,77,77,77,77,77,77,77,77,77,77,77,77,77,77,77,77,77],"card_choices":[{"not_picked":["Deflect","Endless Agony"],"picked":"Backflip","floor":1},{"not_picked":["Outmaneuver","Deflect","Slice"],"picked":"SKIP","floor":5},{"not_picked":["Cloak And Dagger","Dodge and Roll"],"picked":"Burst","floor":7},{"not_picked":["Dagger Throw","Sucker Punch"],"picked":"Bane","floor":11},{"not_picked":["Slice","Deflect"],"picked":"Bane","floor":13},{"not_picked":["Masterful Stab","Deflect"],"picked":"Dodge and Roll","floor":14},{"not_picked":["Wraith Form v2","Grand Finale"],"picked":"After Image","floor":16},{"not_picked":["Slice+1","Poisoned Stab"],"picked":"Dagger Spray+1","floor":18},{"not_picked":["Bane","Blade Dance"],"picked":"Dodge and Roll","floor":22},{"not_picked":["Cloak And Dagger","Bane+1"],"picked":"PiercingWail","floor":23},{"not_picked":["Acrobatics+1","Poisoned Stab"],"picked":"Crippling Poison","floor":24},{"not_picked":["Finisher+1","Slice"],"picked":"Bullet Time","floor":25},{"not_picked":["Backflip","Deflect"],"picked":"Crippling Poison","floor":27},{"not_picked":["Dagger Spray","Acrobatics"],"picked":"Dash","floor":29},{"not_picked":["Slice+1","Deflect","Sucker Punch"],"picked":"SKIP","floor":30},{"not_picked":["Reflex","Leg Sweep+1"],"picked":"Footwork","floor":31},{"not_picked":["Glass Knife","Storm of Steel"],"picked":"Venomology","floor":33},{"not_picked":["Deflect+1","Backflip+1"],"picked":"Bane+1","floor":35},{"not_picked":["Concentrate","Distraction+1"],"picked":"Cloak And Dagger","floor":36},{"not_picked":["Cloak And Dagger","Bane","Reflex"],"picked":"SKIP","floor":38},{"not_picked":["Sucker Punch+1","Setup+1"],"picked":"Blur+1","floor":39},{"not_picked":["Deflect+1","Flying Knee","Bane"],"picked":"SKIP","floor":41},{"not_picked":["Prepared+1","Dodge and Roll"],"picked":"Bullet Time","floor":45},{"not_picked":["Escape Plan","Calculated Gamble+1","Heel Hook+1"],"picked":"SKIP","floor":47},{"not_picked":["Escape Plan","Calculated Gamble+1","Heel Hook+1"],"picked":"SKIP","floor":47}],"player_experience":241178,"relics_obtained":[{"floor":21,"key":"Ice Cream"},{"floor":23,"key":"Dodecahedron"},{"floor":26,"key":"Nunchaku"},{"floor":36,"key":"Incense Burner"},{"floor":43,"key":"Bottled Tornado"},{"floor":47,"key":"Sundial"}],"event_choices":[{"damage_healed":0,"gold_gain":0,"player_choice":"Take Wound","damage_taken":0,"relics_obtained":["Golden Idol"],"max_hp_gain":0,"max_hp_loss":0,"event_name":"Golden Idol","floor":2,"gold_loss":0,"cards_obtained":["Injury"]},{"damage_healed":0,"gold_gain":0,"player_choice":"Box","damage_taken":0,"relics_obtained":["Ancient Tea Set"],"max_hp_gain":0,"max_hp_loss":0,"event_name":"Big Fish","floor":3,"gold_loss":0,"cards_obtained":["Regret"]},{"damage_healed":0,"gold_gain":0,"player_choice":"Searched \u00273\u0027 times","damage_taken":0,"relics_obtained":["Vajra"],"max_hp_gain":0,"max_hp_loss":0,"event_name":"Dead Adventurer","floor":11,"gold_loss":0},{"damage_healed":0,"gold_gain":0,"player_choice":"Upgraded Two","damage_taken":0,"max_hp_gain":0,"max_hp_loss":0,"event_name":"Designer","floor":19,"gold_loss":40,"cards_upgraded":["Defend_G","Dagger Spray"]},{"damage_healed":0,"gold_gain":0,"player_choice":"Fight","damage_taken":0,"max_hp_gain":0,"max_hp_loss":0,"event_name":"MindBloom","floor":36,"gold_loss":0},{"cards_removed":["Bane"],"damage_healed":0,"gold_gain":0,"player_choice":"Removed Attack","damage_taken":0,"max_hp_gain":0,"max_hp_loss":0,"event_name":"Falling","floor":37,"gold_loss":0}],"is_beta":false,"boss_relics":[{"not_picked":["HoveringKite","Orrery"],"picked":"Snecko Eye"},{"not_picked":["Fusion Hammer","Busted Crown"],"picked":"Pandora\u0027s Box"}],"items_purged_floors":[4,20,42],"is_endless":false,"potions_floor_spawned":[5,25,29,30,33,35,38,41],"ascension_level":0}