{"gold_per_floor":[113,188,188,207,224,224,244,279,279,294,294],"floor_reached":11,"playtime":512,"items_purged":[],"score":83,"play_id":"4707ac55-0253-4c7c-a60b-30fe9e0f3984","local_time":"20190826203758","is_ascension_mode":true,"campfire_choices":[{"data":"Noxious Fumes","floor":6,"key":"SMITH"}],"neow_cost":"NONE","seed_source_timestamp":190556903168584,"circlet_count":0,"master_deck":["Strike_G","Strike_G","Strike_G","Strike_G","Strike_G","Defend_G","Defend_G","Defend_G","Defend_G","Defend_G","Survivor","Neutralize","Noxious Fumes+1","Corpse Explosion","Panacea","PiercingWail","Bane","Noxious Fumes","Tools of the Trade","Prepared"],"relics":["Ring of the Snake","NeowsBlessing","Question Card","Bottled Flame"],"potions_floor_usage":[8,11],"damage_taken":[{"damage":0,"enemies":"Small Slimes","floor":1,"turns":1},{"damage":0,"enemies":"Cultist","floor":4,"turns":1},{"damage":0,"enemies":"2 Louse","floor":5,"turns":1},{"damage":10,"enemies":"Red Slaver","floor":7,"turns":4},{"damage":6,"enemies":"Gremlin Nob","floor":8,"turns":4},{"damage":10,"enemies":"Exordium Thugs","floor":10,"turns":4},{"damage":35,"enemies":"Lagavulin","floor":11,"turns":5}],"seed_played":"-8620701343002457252","potions_obtained":[{"floor":7,"key":"Block Potion"},{"floor":10,"key":"SteroidPotion"}],"is_trial":false,"path_per_floor":["M","?","?","M","M","R","M","E","T","M","E"],"character_chosen":"THE_SILENT","items_purchased":[],"campfire_rested":0,"item_purchase_floors":[],"current_hp_per_floor":[70,59,59,59,59,59,49,43,43,33,0],"gold":294,"neow_bonus":"THREE_ENEMY_KILL","is_prod":false,"is_daily":false,"chose_seed":false,"campfire_upgraded":1,"win_rate":0,"timestamp":1566866278,"path_taken":["M","?","?","?","M","R","M","E","T","M","E"],"build_version":"2019-07-17","purchased_purges":0,"victory":false,"max_hp_per_floor":[70,70,70,70,70,70,70,70,70,70,70],"card_choices":[{"not_picked":["Slice","Quick Slash"],"picked":"Noxious Fumes","floor":1},{"not_picked":["Dodge and Roll","Choke"],"picked":"PiercingWail","floor":4},{"not_picked":["Dagger Throw","Dagger Spray"],"picked":"Bane","floor":5},{"not_picked":["Slice","Cloak And Dagger"],"picked":"Noxious Fumes","floor":7},{"not_picked":["Finisher","Flying Knee"],"picked":"Tools of the Trade","floor":8},{"not_picked":["Accuracy","Acrobatics","Dagger Throw"],"picked":"Prepared","floor":10}],"player_experience":244311,"relics_obtained":[{"floor":8,"key":"Question Card"},{"floor":9,"key":"Bottled Flame"}],"event_choices":[{"damage_healed":0,"gold_gain":75,"player_choice":"Gather Gold","damage_taken":11,"max_hp_gain":0,"max_hp_loss":0,"event_name":"World of Goop","floor":2,"gold_loss":0},{"damage_healed":0,"gold_gain":0,"player_choice":"2 cards matched","damage_taken":0,"max_hp_gain":0,"max_hp_loss":0,"event_name":"Match and Keep!","floor":3,"gold_loss":0,"cards_obtained":["Corpse Explosion","Panacea"]}],"is_beta":false,"boss_relics":[],"items_purged_floors":[],"is_endless":false,"potions_floor_spawned":[7,10],"killed_by":"Lagavulin","ascension_level":2}