{"gold_per_floor":[118,118,88,106,125,158,158,189,189,214,229,240,240,254,254,349,349,329,329,348,348,365,365,280,280,305,324,349,349,384,91,91,192,192,208,208,208,34,134,159,159,192,192,192,40,71,81,112,112,112],"floor_reached":51,"playtime":6048,"items_purged":["Strike_B","Defend_B"],"score":807,"play_id":"bc063527-4ec8-4465-a2bd-eea5d70c72a6","local_time":"20181121220727","is_ascension_mode":true,"campfire_choices":[{"floor":7,"key":"REST"},{"floor":13,"key":"REST"},{"floor":15,"key":"REST"},{"floor":23,"key":"REST"},{"data":"Creative AI","floor":25,"key":"SMITH"},{"floor":29,"key":"REST"},{"floor":32,"key":"REST"},{"data":"Force Field","floor":41,"key":"SMITH"},{"floor":44,"key":"REST"},{"floor":49,"key":"REST"}],"neow_cost":"NONE","seed_source_timestamp":50118865368089,"circlet_count":0,"master_deck":["Defend_B","Defend_B","Zap","Dualcast","Creative AI+1","Redo","Coolheaded","Heatsinks","Storm+1","Thunder Strike","Chaos+1","Static Discharge+1","Reinforced Body+1","Leap","Core Surge","Loop+1","Go for the Eyes","Conserve Battery","Ball Lightning","Force Field+1","Loop+1","Electrodynamics+1","Buffer+1","Buffer+1","White Noise+1","Leap","Loop+1","Turbo+1","Defragment+1","Force Field","Force Field","Glacier+1"],"relics":["Cracked Core","Frozen Egg 2","Ornamental Fan","Meat on the Bone","Centennial Puzzle","White Beast Statue","Bag of Marbles","Strawberry","Question Card","Vajra","Happy Flower","Astrolabe","Unceasing Top","Bottled Flame","Bag of Preparation","War Paint","Peace Pipe","PreservedInsect"],"potions_floor_usage":[6,8,10,11,16,20,28,28,28,30,33,42,42,47,47,48,48,50],"damage_taken":[{"damage":10,"enemies":"Small Slimes","floor":1,"turns":3},{"damage":4,"enemies":"Cultist","floor":4,"turns":6},{"damage":11,"enemies":"Jaw Worm","floor":5,"turns":5},{"damage":7,"enemies":"Lagavulin","floor":6,"turns":8},{"damage":33,"enemies":"3 Sentries","floor":8,"turns":8},{"damage":37,"enemies":"Gremlin Nob","floor":10,"turns":4},{"damage":5,"enemies":"3 Louse","floor":11,"turns":5},{"damage":7,"enemies":"2 Fungi Beasts","floor":12,"turns":3},{"damage":12,"enemies":"Blue Slaver","floor":14,"turns":3},{"damage":11,"enemies":"Slime Boss","floor":16,"turns":7},{"damage":17,"enemies":"2 Thieves","floor":18,"turns":5},{"damage":31,"enemies":"3 Byrds","floor":20,"turns":4},{"damage":21,"enemies":"Sentry and Sphere","floor":22,"turns":5},{"damage":1,"enemies":"Snecko","floor":27,"turns":3},{"damage":24,"enemies":"Slavers","floor":28,"turns":4},{"damage":40,"enemies":"Book of Stabbing","floor":30,"turns":6},{"damage":43,"enemies":"Automaton","floor":33,"turns":8},{"damage":14,"enemies":"3 Shapes","floor":35,"turns":2},{"damage":0,"enemies":"Mind Bloom Boss Battle","floor":39,"turns":7},{"damage":15,"enemies":"Giant Head","floor":40,"turns":9},{"damage":10,"enemies":"Reptomancer","floor":42,"turns":4},{"damage":3,"enemies":"Nemesis","floor":46,"turns":5},{"damage":19,"enemies":"3 Darklings","floor":47,"turns":3},{"damage":30,"enemies":"Reptomancer","floor":48,"turns":6},{"damage":20,"enemies":"Time Eater","floor":50,"turns":9}],"seed_played":"-5960130936056017282","potions_obtained":[{"floor":3,"key":"FocusPotion"},{"floor":3,"key":"Strength Potion"},{"floor":4,"key":"Explosive Potion"},{"floor":5,"key":"Strength Potion"},{"floor":10,"key":"EssenceOfSteel"},{"floor":14,"key":"SpeedPotion"},{"floor":16,"key":"Regen Potion"},{"floor":18,"key":"FocusPotion"},{"floor":20,"key":"GamblersBrew"},{"floor":22,"key":"Swift Potion"},{"floor":27,"key":"Block Potion"},{"floor":28,"key":"Block Potion"},{"floor":30,"key":"Dexterity Potion"},{"floor":33,"key":"Poison Potion"},{"floor":35,"key":"Dexterity Potion"},{"floor":39,"key":"EssenceOfSteel"},{"floor":40,"key":"AttackPotion"},{"floor":42,"key":"Energy Potion"},{"floor":46,"key":"Weak Potion"},{"floor":47,"key":"FearPotion"},{"floor":48,"key":"FearPotion"}],"is_trial":false,"path_per_floor":["M","?","?","M","M","E","R","E","T","E","M","M","R","M","R","B",null,"M","?","M","?","M","R","?","R","T","M","E","R","E","$","R","B",null,"M","?","?","$","?","E","R","E","T","R","$","E","M","E","R","B",null],"character_chosen":"DEFECT","items_purchased":["Happy Flower","Loop+1","Loop+1","War Paint"],"campfire_rested":8,"item_purchase_floors":[31,31,38,45],"current_hp_per_floor":[65,70,70,66,55,48,72,39,39,14,21,26,50,50,74,63,80,63,63,41,41,32,56,56,56,63,62,50,76,48,48,74,43,87,73,73,73,73,73,58,58,48,48,72,72,69,50,32,56,48],"gold":112,"neow_bonus":"TRANSFORM_CARD","is_prod":false,"is_daily":false,"chose_seed":false,"campfire_upgraded":2,"win_rate":0,"timestamp":1542866847,"path_taken":["M","?","?","?","M","E","R","E","T","E","M","M","R","M","R","BOSS","M","?","M","?","M","R","?","R","T","M","E","R","E","$","R","BOSS","M","?","?","$","?","E","R","E","T","R","$","E","?","E","R","BOSS"],"build_version":"2018-11-15","purchased_purges":2,"victory":true,"max_hp_per_floor":[75,80,80,80,80,80,80,80,80,80,80,80,80,80,80,80,80,80,80,80,80,80,80,80,80,87,87,87,87,87,87,87,87,87,87,87,83,83,83,83,83,83,83,83,83,83,83,83,83,83],"card_choices":[{"not_picked":["Compile Driver","Melter"],"picked":"Redo","floor":1},{"not_picked":["Leap","Redo"],"picked":"Coolheaded","floor":4},{"not_picked":["Consume","Redo"],"picked":"Heatsinks","floor":5},{"not_picked":["Static Discharge","Compile Driver"],"picked":"Storm","floor":6},{"not_picked":["Reinforced Body","Leap"],"picked":"Thunder Strike","floor":8},{"not_picked":["Go for the Eyes","Hello World+1"],"picked":"Chaos","floor":10},{"not_picked":["Cold Snap","Ball Lightning"],"picked":"Static Discharge+1","floor":11},{"not_picked":["Chill","Hologram"],"picked":"Reinforced Body","floor":12},{"not_picked":["Streamline","Beam Cell"],"picked":"Leap","floor":14},{"not_picked":["Reboot","Rainbow"],"picked":"Core Surge","floor":16},{"not_picked":["Undo","Leap"],"picked":"Loop+1","floor":18},{"not_picked":["Melter","Coolheaded"],"picked":"Go for the Eyes","floor":20},{"not_picked":["Steam","Aggregate"],"picked":"Conserve Battery","floor":22},{"not_picked":["Compile Driver","Coolheaded","Sweeping Beam"],"picked":"SKIP","floor":27},{"not_picked":["Machine Learning+1","Rip and Tear"],"picked":"Ball Lightning","floor":28},{"not_picked":["Recycle+1","Barrage","Ball Lightning"],"picked":"Force Field","floor":30},{"not_picked":["Core Surge","Seek","Buffer+1"],"picked":"Electrodynamics+1","floor":33},{"not_picked":["Beam Cell","Hello World+1","Storm+1"],"picked":"Leap","floor":35},{"not_picked":["Redo+1","Cold Snap","Sunder"],"picked":"Turbo+1","floor":39},{"not_picked":["Skim+1","Stack","White Noise","Hologram+1"],"picked":"SKIP","floor":40},{"not_picked":["Reprogram+1","Steam+1","Go for the Eyes+1"],"picked":"Defragment+1","floor":42},{"not_picked":["Meteor Strike","Blizzard+1","Streamline"],"picked":"Force Field","floor":46},{"not_picked":["Hologram","FTL+1","Rebound+1"],"picked":"Force Field","floor":47},{"not_picked":["Heatsinks+1","Gash+1","Self Repair+1"],"picked":"Glacier+1","floor":48}],"player_experience":78701,"relics_obtained":[{"floor":6,"key":"Frozen Egg 2"},{"floor":8,"key":"Ornamental Fan"},{"floor":9,"key":"Meat on the Bone"},{"floor":10,"key":"Centennial Puzzle"},{"floor":26,"key":"Strawberry"},{"floor":28,"key":"Question Card"},{"floor":30,"key":"Vajra"},{"floor":39,"key":"Unceasing Top"},{"floor":40,"key":"Bottled Flame"},{"floor":42,"key":"Bag of Preparation"},{"floor":46,"key":"Peace Pipe"},{"floor":48,"key":"PreservedInsect"}],"event_choices":[{"damage_healed":0,"gold_gain":0,"player_choice":"Donut","damage_taken":0,"max_hp_gain":5,"max_hp_loss":0,"event_name":"Big Fish","floor":2,"gold_loss":0},{"damage_healed":0,"gold_gain":0,"player_choice":"Bought 2 Potions","damage_taken":0,"max_hp_gain":0,"max_hp_loss":0,"event_name":"The Woman in Blue","floor":3,"gold_loss":0},{"damage_healed":0,"gold_gain":0,"player_choice":"Ignored","damage_taken":0,"max_hp_gain":0,"max_hp_loss":0,"event_name":"Vampires","floor":19,"gold_loss":0},{"damage_healed":0,"gold_gain":0,"player_choice":"Ignored","damage_taken":0,"max_hp_gain":0,"max_hp_loss":0,"event_name":"Cursed Tome","floor":21,"gold_loss":0},{"damage_healed":0,"gold_gain":0,"player_choice":"Obtained Relic","damage_taken":0,"relics_obtained":["Bag of Marbles"],"max_hp_gain":0,"max_hp_loss":0,"event_name":"Addict","floor":24,"gold_loss":85},{"damage_healed":0,"gold_gain":0,"player_choice":"Ignored","damage_taken":0,"max_hp_gain":0,"max_hp_loss":0,"event_name":"Tomb of Lord Red Mask","floor":36,"gold_loss":0},{"damage_healed":0,"gold_gain":0,"player_choice":"Max HP","damage_taken":0,"max_hp_gain":0,"max_hp_loss":4,"event_name":"Winding Halls","floor":37,"gold_loss":0},{"damage_healed":0,"gold_gain":0,"player_choice":"Fight","damage_taken":0,"max_hp_gain":0,"max_hp_loss":0,"event_name":"MindBloom","floor":39,"gold_loss":0}],"is_beta":false,"boss_relics":[{"not_picked":["Runic Dome","Coffee Dripper"],"picked":"White Beast Statue"},{"not_picked":["FrozenCore","Cursed Key"],"picked":"Astrolabe"}],"items_purged_floors":[31,38],"is_endless":false,"potions_floor_spawned":[4,5,10,14,16,18,20,22,27,28,30,33,35,39,40,42,46,47,48],"ascension_level":1}