{"gold_per_floor":[110,129,6,22,41,76,76,96,123,150,325,14,28,43,43,146,146,157,67,67,86,96,96,124,124,149,181,181,196,196,212,212,316,316,334,354,370,17,33,33,53,53,53,53,66,288,34,59,59,59],"floor_reached":50,"playtime":7926,"items_purged":["Strike_B","Doubt","Strike_B","Parasite"],"score":606,"play_id":"d6985ad7-fa5f-470f-a75b-577c3d5393c5","local_time":"20190830233412","is_ascension_mode":false,"campfire_choices":[{"data":"Loop","floor":7,"key":"SMITH"},{"data":"Streamline","floor":15,"key":"SMITH"},{"data":"Hologram","floor":23,"key":"SMITH"},{"data":"Buffer","floor":25,"key":"SMITH"},{"data":"Machine Learning","floor":28,"key":"SMITH"},{"data":"Turbo","floor":32,"key":"SMITH"},{"floor":40,"key":"RECALL"},{"floor":44,"key":"REST"},{"floor":49,"key":"REST"}],"neow_cost":"NONE","seed_source_timestamp":316495055027877,"circlet_count":0,"master_deck":["Defend_B","Defend_B","Defend_B","Defend_B","Zap+1","Dualcast","Coolheaded","Loop+1","Turbo+1","Tempest","Undo","Storm","Conserve Battery","Lockon","Self Repair","Streamline+1","Machine Learning+1","Hologram+1","Darkness","Beam Cell+1","Buffer+1","Seek","Sweeping Beam","Bite","Bite","Bite","Bite","Bite","Echo Form","Force Field","Static Discharge","Rebound+1","PanicButton","Dramatic Entrance","Jack Of All Trades","Regret","Turbo+1","Hologram+1"],"relics":["Cracked Core","Bronze Scales","Strawberry","Smiling Mask","Letter Opener","Cursed Key","Vajra","Bag of Marbles","Red Mask","Fusion Hammer","Calipers","Mercury Hourglass","Du-Vu Doll"],"potions_floor_usage":[6,10,10,16,22,27,33,45,50],"damage_taken":[{"damage":2,"enemies":"Small Slimes","floor":1,"turns":3},{"damage":0,"enemies":"2 Louse","floor":2,"turns":3},{"damage":0,"enemies":"Jaw Worm","floor":4,"turns":3},{"damage":1,"enemies":"Large Slime","floor":5,"turns":4},{"damage":4,"enemies":"Lagavulin","floor":6,"turns":7},{"damage":9,"enemies":"Exordium Wildlife","floor":8,"turns":2},{"damage":0,"enemies":"3 Sentries","floor":10,"turns":5},{"damage":1,"enemies":"3 Louse","floor":13,"turns":2},{"damage":2,"enemies":"2 Fungi Beasts","floor":14,"turns":4},{"damage":14,"enemies":"Slime Boss","floor":16,"turns":10},{"damage":0,"enemies":"3 Byrds","floor":18,"turns":3},{"damage":10,"enemies":"Spheric Guardian","floor":21,"turns":3},{"damage":0,"enemies":"Snecko","floor":22,"turns":4},{"damage":33,"enemies":"Slavers","floor":24,"turns":5},{"damage":25,"enemies":"Masked Bandits","floor":27,"turns":4},{"damage":9,"enemies":"Snake Plant","floor":29,"turns":3},{"damage":2,"enemies":"3 Cultists","floor":31,"turns":4},{"damage":60,"enemies":"Automaton","floor":33,"turns":7},{"damage":3,"enemies":"3 Shapes","floor":35,"turns":3},{"damage":6,"enemies":"3 Darklings","floor":36,"turns":5},{"damage":28,"enemies":"Sphere and 2 Shapes","floor":37,"turns":5},{"damage":7,"enemies":"Spire Growth","floor":39,"turns":4},{"damage":19,"enemies":"Transient","floor":41,"turns":5},{"damage":6,"enemies":"Sphere and 2 Shapes","floor":45,"turns":5},{"damage":42,"enemies":"Nemesis","floor":48,"turns":6},{"damage":40,"enemies":"Time Eater","floor":50,"turns":3}],"seed_played":"-9158077483067757090","potions_obtained":[{"floor":2,"key":"Explosive Potion"},{"floor":4,"key":"Dexterity Potion"},{"floor":5,"key":"PowerPotion"},{"floor":13,"key":"Regen Potion"},{"floor":14,"key":"Fire Potion"},{"floor":21,"key":"AttackPotion"},{"floor":27,"key":"EssenceOfSteel"},{"floor":31,"key":"SneckoOil"},{"floor":33,"key":"SpeedPotion"},{"floor":39,"key":"Strength Potion"},{"floor":41,"key":"Block Potion"},{"floor":45,"key":"Fire Potion"},{"floor":48,"key":"Explosive Potion"}],"is_trial":false,"path_per_floor":["M","M","$","M","M","E","R","M","T","E","?","$","M","M","R","B",null,"M","$","?","M","M","R","E","R","T","?","R","M","?","M","R","B",null,"M","M","M","$","M","R","M","?","T","R","M","?","$","E","R","B"],"character_chosen":"DEFECT","items_purchased":["Turbo","Letter Opener","Darkness","Calipers","Mercury Hourglass"],"campfire_rested":2,"item_purchase_floors":[3,12,19,38,47],"current_hp_per_floor":[73,73,73,73,72,68,68,59,66,66,66,66,65,70,70,63,82,82,82,82,79,82,82,56,56,56,50,50,48,48,50,50,11,57,57,57,43,43,49,49,39,29,29,45,43,43,43,18,34,0],"gold":59,"neow_bonus":"UPGRADE_CARD","is_prod":false,"is_daily":false,"chose_seed":false,"campfire_upgraded":6,"win_rate":0,"timestamp":1567222452,"path_taken":["M","M","$","M","M","E","R","M","T","E","?","$","M","M","R","BOSS","M","$","?","M","M","R","E","R","T","?","R","M","?","M","R","BOSS","M","M","M","$","M","R","M","?","T","R","M","?","$","E","R","BOSS"],"build_version":"2019-07-17","purchased_purges":4,"victory":false,"max_hp_per_floor":[75,75,75,75,75,75,75,75,82,82,82,82,82,82,82,82,82,82,82,82,82,82,82,82,82,82,82,82,82,57,57,57,57,57,57,57,57,54,54,54,54,54,54,54,54,54,54,54,54,54],"card_choices":[{"not_picked":["Steam","Beam Cell"],"picked":"Coolheaded","floor":1},{"not_picked":["Turbo","Cold Snap"],"picked":"Loop","floor":2},{"not_picked":["Compile Driver","Steam Power"],"picked":"Tempest","floor":4},{"not_picked":["Melter","Redo"],"picked":"Undo","floor":5},{"not_picked":["Rip and Tear","Reprogram"],"picked":"Storm","floor":6},{"not_picked":["Leap","Compile Driver"],"picked":"Conserve Battery","floor":8},{"not_picked":["Redo","Glacier"],"picked":"Lockon","floor":10},{"not_picked":["Blizzard","Doom and Gloom"],"picked":"Self Repair","floor":13},{"not_picked":["Chill","Amplify"],"picked":"Streamline","floor":14},{"not_picked":["Reboot","All For One"],"picked":"Machine Learning","floor":16},{"not_picked":["Streamline","Go for the Eyes"],"picked":"Hologram","floor":18},{"not_picked":["Cold Snap+1","Ball Lightning"],"picked":"Beam Cell+1","floor":21},{"not_picked":["Cold Snap+1","Barrage"],"picked":"Buffer","floor":22},{"not_picked":["Barrage","Go for the Eyes"],"picked":"Seek","floor":24},{"not_picked":["Tempest","Aggregate"],"picked":"Sweeping Beam","floor":29},{"not_picked":["Gash","Beam Cell","Rebound"],"picked":"SKIP","floor":31},{"not_picked":["Thunder Strike","Fission"],"picked":"Echo Form","floor":33},{"not_picked":["Cold Snap+1","Compile Driver","Beam Cell"],"picked":"SKIP","floor":35},{"not_picked":["Conserve Battery","Turbo"],"picked":"Force Field","floor":36},{"not_picked":["Barrage","Coolheaded+1"],"picked":"Static Discharge","floor":37},{"not_picked":["Redo","Barrage"],"picked":"Rebound+1","floor":39},{"not_picked":["Redo","Cold Snap","Gash+1"],"picked":"SKIP","floor":41},{"not_picked":["Chrysalis","Deep Breath"],"picked":"PanicButton","floor":42},{"not_picked":["Sadistic Nature","Chrysalis"],"picked":"Dramatic Entrance","floor":42},{"not_picked":["Deep Breath","Trip"],"picked":"Jack Of All Trades","floor":42},{"not_picked":["Beam Cell+1","Steam Power"],"picked":"Turbo+1","floor":45},{"not_picked":["Machine Learning","Rip and Tear"],"picked":"Hologram+1","floor":48}],"player_experience":199073,"relics_obtained":[{"floor":6,"key":"Bronze Scales"},{"floor":9,"key":"Strawberry"},{"floor":10,"key":"Smiling Mask"},{"floor":24,"key":"Vajra"},{"floor":26,"key":"Bag of Marbles"},{"floor":27,"key":"Red Mask"},{"floor":48,"key":"Du-Vu Doll"}],"event_choices":[{"damage_healed":0,"gold_gain":175,"player_choice":"AGREE","damage_taken":0,"max_hp_gain":0,"max_hp_loss":0,"event_name":"Liars Game","floor":11,"gold_loss":0,"cards_obtained":["Doubt"]},{"damage_healed":0,"gold_gain":0,"player_choice":"Ignored","damage_taken":0,"max_hp_gain":0,"max_hp_loss":0,"event_name":"The Mausoleum","floor":20,"gold_loss":0},{"damage_healed":0,"gold_gain":0,"player_choice":"Fought Bandits","damage_taken":0,"max_hp_gain":0,"max_hp_loss":0,"event_name":"Masked Bandits","floor":27,"gold_loss":0},{"damage_healed":0,"gold_gain":0,"player_choice":"Became a vampire","damage_taken":0,"max_hp_gain":0,"max_hp_loss":25,"event_name":"Vampires","floor":30,"gold_loss":0,"cards_obtained":["Bite","Bite","Bite","Bite","Bite"]},{"damage_healed":0,"gold_gain":0,"player_choice":"Memory 3","damage_taken":10,"max_hp_gain":0,"max_hp_loss":0,"event_name":"SensoryStone","floor":42,"gold_loss":0},{"damage_healed":0,"gold_gain":222,"player_choice":"Wore Mask","damage_taken":0,"max_hp_gain":0,"max_hp_loss":0,"event_name":"Tomb of Lord Red Mask","floor":46,"gold_loss":0}],"is_beta":false,"boss_relics":[{"not_picked":["Lizard Tail","White Beast Statue"],"picked":"Cursed Key"},{"not_picked":["Empty Cage","Calling Bell"],"picked":"Fusion Hammer"}],"items_purged_floors":[3,12,19,38],"is_endless":false,"potions_floor_spawned":[2,4,5,13,14,21,27,31,33,39,41,45,48],"killed_by":"Time Eater","ascension_level":0}