{"gold_per_floor":[113,133,150,150,150,150,166,166,166,181,215,234,234,247,247,352,352,369,57,57,73,73,73,88,105,160,178,178,178,178,194,194,194],"floor_reached":33,"playtime":6222,"items_purged":[],"score":251,"play_id":"74328afb-d270-4c5d-9a8c-2c4b1efbdac8","local_time":"20190630160451","is_ascension_mode":false,"campfire_choices":[{"data":"Entrench","floor":6,"key":"SMITH"},{"data":"Flex","floor":8,"key":"SMITH"},{"data":"True Grit","floor":15,"key":"SMITH"},{"floor":23,"key":"REST"},{"floor":28,"key":"REST"},{"floor":30,"key":"REST"},{"data":"Dual Wield","floor":32,"key":"SMITH"}],"neow_cost":"NONE","seed_source_timestamp":67930702215518,"circlet_count":0,"master_deck":["Strike_R+1","Strike_R+1","Strike_R+1","Strike_R+1","Strike_R+1","Defend_R+1","Defend_R+1","Defend_R+1","Defend_R+1","Bash","Entrench+1","Body Slam","Armaments+1","Flex+1","Warcry","Reckless Charge","Dropkick","True Grit+1","Bludgeon","Iron Wave+1","Dual Wield+1","Pommel Strike","Sever Soul+1","Rampage","Metallicize+1"],"relics":["Burning Blood","Boot","Meat on the Bone","Lizard Tail","Pocketwatch","Enchiridion","Potion Belt","Bag of Marbles"],"potions_floor_usage":[12,16,16,24,27,33,33],"damage_taken":[{"damage":5,"enemies":"Small Slimes","floor":1,"turns":4},{"damage":1,"enemies":"Cultist","floor":2,"turns":4},{"damage":1,"enemies":"2 Louse","floor":3,"turns":4},{"damage":10,"enemies":"2 Fungi Beasts","floor":7,"turns":5},{"damage":9,"enemies":"Blue Slaver","floor":10,"turns":4},{"damage":34,"enemies":"3 Sentries","floor":11,"turns":10},{"damage":5,"enemies":"Exordium Wildlife","floor":12,"turns":3},{"damage":19,"enemies":"Exordium Thugs","floor":14,"turns":5},{"damage":42,"enemies":"Slime Boss","floor":16,"turns":15},{"damage":49,"enemies":"2 Thieves","floor":18,"turns":5},{"damage":2,"enemies":"Shell Parasite","floor":21,"turns":6},{"damage":24,"enemies":"Snake Plant","floor":24,"turns":4},{"damage":25,"enemies":"Snecko","floor":25,"turns":6},{"damage":24,"enemies":"Cultist and Chosen","floor":27,"turns":5},{"damage":0,"enemies":"Snake Plant","floor":31,"turns":2},{"damage":148,"enemies":"Automaton","floor":33,"turns":12}],"seed_played":"7680320465026355191","potions_obtained":[{"floor":1,"key":"Strength Potion"},{"floor":2,"key":"Block Potion"},{"floor":7,"key":"SpeedPotion"},{"floor":12,"key":"PowerPotion"},{"floor":14,"key":"Swift Potion"},{"floor":21,"key":"Ancient Potion"},{"floor":27,"key":"FearPotion"},{"floor":31,"key":"Explosive Potion"}],"is_trial":false,"path_per_floor":["M","M","M","?","$","R","M","R","T","M","E","M","?","M","R","B",null,"M","$","?","M","?","R","M","M","T","M","R","T","R","M","R","B"],"character_chosen":"IRONCLAD","items_purchased":["Pocketwatch"],"campfire_rested":3,"item_purchase_floors":[19],"current_hp_per_floor":[88,88,88,88,88,88,84,84,84,81,53,54,83,70,70,46,88,57,57,57,61,45,71,53,46,46,40,66,66,88,88,88,0],"gold":194,"neow_bonus":"TEN_PERCENT_HP_BONUS","is_prod":false,"is_daily":false,"chose_seed":false,"campfire_upgraded":4,"win_rate":0.0,"timestamp":1561925091,"path_taken":["M","M","M","?","$","R","M","R","T","?","E","M","?","M","R","BOSS","M","$","?","M","?","R","M","M","T","M","R","?","R","M","R","BOSS"],"build_version":"2019-01-23","purchased_purges":0,"victory":false,"max_hp_per_floor":[88,88,88,88,88,88,88,88,88,88,88,88,88,88,88,88,88,88,88,88,88,88,88,88,88,88,88,88,88,88,88,88,88],"card_choices":[{"not_picked":["Combust","Infernal Blade"],"picked":"Entrench","floor":1},{"not_picked":["Twin Strike","Heavy Blade"],"picked":"Body Slam","floor":2},{"not_picked":["Rupture","True Grit"],"picked":"Armaments","floor":3},{"not_picked":["Fire Breathing","Warcry"],"picked":"Flex","floor":7},{"not_picked":["Dual Wield","Inflame"],"picked":"Warcry","floor":10},{"not_picked":["Armaments","Perfected Strike"],"picked":"Reckless Charge","floor":11},{"not_picked":["Searing Blow","Headbutt"],"picked":"Dropkick","floor":12},{"not_picked":["Perfected Strike","Juggernaut"],"picked":"True Grit","floor":14},{"not_picked":["Limit Break","Demon Form"],"picked":"Bludgeon","floor":16},{"not_picked":["Sword Boomerang","Body Slam"],"picked":"Iron Wave+1","floor":18},{"not_picked":["Inflame","Corruption"],"picked":"Dual Wield","floor":21},{"not_picked":["Flex+1","Whirlwind"],"picked":"Pommel Strike","floor":24},{"not_picked":["Armaments+1","Inflame"],"picked":"Sever Soul+1","floor":25},{"not_picked":["Flex","Warcry"],"picked":"Rampage","floor":27},{"not_picked":["Body Slam","Iron Wave"],"picked":"Metallicize+1","floor":31}],"player_experience":26752,"relics_obtained":[{"floor":9,"key":"Boot"},{"floor":11,"key":"Meat on the Bone"},{"floor":22,"key":"Enchiridion"},{"floor":26,"key":"Potion Belt"},{"floor":29,"key":"Bag of Marbles"}],"event_choices":[{"damage_healed":0,"gold_gain":0,"player_choice":"Forge","damage_taken":0,"max_hp_gain":0,"max_hp_loss":0,"event_name":"Accursed Blacksmith","floor":4,"gold_loss":0,"cards_upgraded":["Armaments"]},{"damage_healed":29,"gold_gain":0,"player_choice":"Banana","damage_taken":0,"max_hp_gain":0,"max_hp_loss":0,"event_name":"Big Fish","floor":13,"gold_loss":0},{"damage_healed":0,"gold_gain":0,"player_choice":"Simplicity","damage_taken":0,"max_hp_gain":0,"max_hp_loss":0,"event_name":"Back to Basics","floor":20,"gold_loss":0,"cards_upgraded":["Strike_R","Strike_R","Strike_R","Strike_R","Strike_R","Defend_R","Defend_R","Defend_R","Defend_R"]},{"damage_healed":0,"gold_gain":0,"player_choice":"Obtained Book","damage_taken":16,"max_hp_gain":0,"max_hp_loss":0,"event_name":"Cursed Tome","floor":22,"gold_loss":0}],"is_beta":false,"boss_relics":[{"not_picked":["Cursed Key","Black Blood"],"picked":"Lizard Tail"}],"items_purged_floors":[],"is_endless":false,"potions_floor_spawned":[1,2,7,12,14,21,27,31],"killed_by":"Automaton","ascension_level":0}