{"gold_per_floor":[116,131,144,155,172,202,202,228,251,216,216,241,241,275,275,396,396,410,431,289,302,302,340,0,0,0,99,99,0,0,33,33,153,153,174,174,188,188,202,202,102,102,177,215,241,253,265,292,304,316],"floor_reached":51,"playtime":4996,"items_purged":["Strike_R","Strike_R+1"],"score":1146,"play_id":"a9a8b915-5f48-46db-9b8d-6a5d9ccf58ca","local_time":"20190110220332","is_ascension_mode":true,"campfire_choices":[{"data":"True Grit","floor":7.0,"key":"SMITH"},{"floor":11.0,"key":"REST"},{"data":"Anger","floor":15.0,"key":"SMITH"},{"data":"Flex","floor":28,"key":"SMITH"},{"floor":30,"key":"REST"},{"data":"Whirlwind","floor":32,"key":"SMITH"},{"data":"Rage","floor":40,"key":"SMITH"},{"data":"Demon Form","floor":42,"key":"SMITH"},{"data":"Heavy Blade","floor":46,"key":"SMITH"},{"data":"J.A.X.","floor":49,"key":"SMITH"}],"neow_cost":"NONE","seed_source_timestamp":0,"circlet_count":0,"master_deck":["AscendersBane","Strike_R+1","Strike_R+1","Strike_R+1","Defend_R+1","Defend_R+1","Defend_R+1","Defend_R+1","Bash","Offering","Shrug It Off","Cleave","Shrug It Off","True Grit+1","Shrug It Off","Evolve","Reaper","Impervious","Whirlwind+1","Flex+1","J.A.X.+1","Heavy Blade+1","Inflame","Demon Form+1","Rage+1","Reaper","Metallicize+1","Shockwave+1","Spot Weakness"],"special_seed":0,"relics":["Burning Blood","Oddly Smooth Stone","Blood Vial","Juzu Bracelet","Ancient Tea Set","Golden Idol","Happy Flower","Sozu","Lantern","Magic Flower","Charon\u0027s Ashes","Nunchaku","Coffee Dripper","Shuriken","MawBank"],"potions_floor_usage":[],"damage_taken":[{"damage":7.0,"enemies":"Cultist","floor":1.0,"turns":4.0},{"damage":7.0,"enemies":"2 Louse","floor":2.0,"turns":4.0},{"damage":7.0,"enemies":"Jaw Worm","floor":3.0,"turns":3.0},{"damage":6.0,"enemies":"Exordium Wildlife","floor":4.0,"turns":4.0},{"damage":7.0,"enemies":"2 Fungi Beasts","floor":5.0,"turns":4.0},{"damage":25.0,"enemies":"3 Sentries","floor":6.0,"turns":7.0},{"damage":25.0,"enemies":"Gremlin Nob","floor":8.0,"turns":4.0},{"damage":9.0,"enemies":"3 Sentries","floor":12.0,"turns":8.0},{"damage":25.0,"enemies":"Lagavulin","floor":14.0,"turns":8.0},{"damage":50.0,"enemies":"Hexaghost","floor":16.0,"turns":12.0},{"damage":10,"enemies":"Shell Parasite","floor":18,"turns":7},{"damage":26,"enemies":"Spheric Guardian","floor":19,"turns":6},{"damage":8,"enemies":"Centurion and Healer","floor":21,"turns":8},{"damage":38,"enemies":"Book of Stabbing","floor":23,"turns":7},{"damage":45,"enemies":"Gremlin Leader","floor":31,"turns":7},{"damage":72,"enemies":"Champ","floor":33,"turns":11},{"damage":6,"enemies":"Orb Walker","floor":35,"turns":2},{"damage":12,"enemies":"3 Darklings","floor":37,"turns":3},{"damage":34,"enemies":"Spire Growth","floor":39,"turns":5},{"damage":61,"enemies":"Nemesis","floor":44,"turns":7},{"damage":31,"enemies":"4 Shapes","floor":45,"turns":5},{"damage":0,"enemies":"Sphere and 2 Shapes","floor":48,"turns":3},{"damage":91,"enemies":"Awakened One","floor":50,"turns":9}],"seed_played":"4842792308013500018","potions_obtained":[{"floor":4.0,"key":"Ancient Potion"},{"floor":5.0,"key":"SkillPotion"},{"floor":6.0,"key":"Energy Potion"}],"is_trial":false,"path_per_floor":["M","M","M","M","M","E","R","E","T","?","R","E","?","E","R","B",null,"M","M","$","M","?","E","$","?","T","?","R","?","R","E","R","B",null,"M","?","M","?","M","R","$","R","T","E","M","R","?","M","R","B",null],"character_chosen":"IRONCLAD","items_purchased":["Whirlwind","Magic Flower","Inflame"],"campfire_rested":2,"item_purchase_floors":[20,24,24],"current_hp_per_floor":[71,70,69,69,68,49,49,30,30,50,74,73,73,55,55,19,60,58,40,40,50,50,29,29,29,29,29,29,29,51,47,47,10,58,74,70,67,67,70,70,70,70,70,44,46,46,46,70,70,70],"gold":328,"neow_bonus":"ONE_RANDOM_RARE_CARD","is_prod":false,"is_daily":false,"chose_seed":false,"campfire_upgraded":8,"win_rate":0,"timestamp":1547186612,"path_taken":["M","?","M","M","M","E","R","E","T","?","R","E","?","E","R","BOSS","M","M","$","M","?","E","$","?","T","?","R","?","R","E","R","BOSS","M","?","M","?","M","R","$","R","T","E","M","R","?","M","R","BOSS"],"build_version":"2019-01-10","purchased_purges":2,"victory":true,"max_hp_per_floor":[80,80,80,80,80,80,80,80,80,80,80,80,74,74,74,74,74,74,74,74,74,74,74,74,74,74,74,74,74,74,74,74,74,74,74,70,70,70,70,70,70,70,70,70,70,70,70,70,70,70],"card_choices":[{"not_picked":["Flex","Thunderclap"],"picked":"Anger","floor":1.0},{"not_picked":["Thunderclap","Headbutt"],"picked":"Shrug It Off","floor":2.0},{"not_picked":["Headbutt","Thunderclap"],"picked":"Cleave","floor":3.0},{"not_picked":["Sword Boomerang","Iron Wave"],"picked":"Shrug It Off","floor":4.0},{"not_picked":["Twin Strike","Fire Breathing","Rupture"],"picked":"SKIP","floor":5.0},{"not_picked":["Twin Strike","Fire Breathing","Rupture"],"picked":"SKIP","floor":5.0},{"not_picked":["Twin Strike","Wild Strike"],"picked":"True Grit","floor":6.0},{"not_picked":["Bloodletting","Combust"],"picked":"Shrug It Off","floor":8.0},{"not_picked":["Shrug It Off","Wild Strike"],"picked":"Evolve","floor":12.0},{"not_picked":["Uppercut","Seeing Red"],"picked":"Reaper","floor":14.0},{"not_picked":["Immolate","Dark Embrace"],"picked":"Impervious","floor":16.0},{"not_picked":["Pommel Strike","Sentinel","Shrug It Off"],"picked":"SKIP","floor":18},{"not_picked":["Havoc","Hemokinesis","Sword Boomerang"],"picked":"SKIP","floor":19},{"not_picked":["Entrench","Dual Wield"],"picked":"Flex","floor":21},{"not_picked":["Perfected Strike","Blood for Blood"],"picked":"Heavy Blade","floor":23},{"not_picked":["Sever Soul","Heavy Blade","Headbutt"],"picked":"SKIP","floor":31},{"not_picked":["Berserk","Barricade"],"picked":"Demon Form","floor":33},{"not_picked":["Anger","Body Slam"],"picked":"Rage","floor":35},{"not_picked":["Havoc","Fire Breathing","Headbutt+1"],"picked":"SKIP","floor":37},{"not_picked":["Feel No Pain+1","Body Slam"],"picked":"Metallicize+1","floor":39},{"not_picked":["Warcry","Rampage"],"picked":"Shockwave+1","floor":44},{"not_picked":["True Grit","Double Tap"],"picked":"Spot Weakness","floor":45},{"not_picked":["Cleave","Flex","Wild Strike"],"picked":"SKIP","floor":48}],"player_experience":418745,"relics_obtained":[{"floor":6.0,"key":"Oddly Smooth Stone"},{"floor":8.0,"key":"Blood Vial"},{"floor":9.0,"key":"Juzu Bracelet"},{"floor":12.0,"key":"Ancient Tea Set"},{"floor":14.0,"key":"Happy Flower"},{"floor":23,"key":"Lantern"},{"floor":26,"key":"Charon\u0027s Ashes"},{"floor":31,"key":"Nunchaku"},{"floor":43,"key":"Shuriken"},{"floor":44,"key":"MawBank"}],"event_choices":[{"damage_healed":20.0,"max_hp_gain":0.0,"max_hp_loss":0.0,"gold_gain":0.0,"event_name":"The Cleric","player_choice":"Healed","floor":10.0,"gold_loss":35.0,"damage_taken":0.0},{"damage_healed":0.0,"max_hp_gain":0.0,"max_hp_loss":6.0,"gold_gain":0.0,"event_name":"Golden Idol","player_choice":"Lose Max HP","floor":13.0,"gold_loss":0.0,"damage_taken":0.0,"relics_obtained":["Golden Idol"]},{"damage_healed":0,"gold_gain":0,"player_choice":"Obtain J.A.X.","damage_taken":0,"max_hp_gain":0,"max_hp_loss":0,"event_name":"Drug Dealer","floor":22,"gold_loss":0,"cards_obtained":["J.A.X."]},{"damage_healed":0,"gold_gain":0,"player_choice":"Simplicity","damage_taken":0,"max_hp_gain":0,"max_hp_loss":0,"event_name":"Back to Basics","floor":25,"gold_loss":0,"cards_upgraded":["Strike_R","Strike_R","Strike_R","Strike_R","Defend_R","Defend_R","Defend_R","Defend_R"]},{"damage_healed":0,"gold_gain":99,"player_choice":"Stole From Cult","damage_taken":0,"max_hp_gain":0,"max_hp_loss":0,"event_name":"Nest","floor":27,"gold_loss":0},{"damage_healed":0,"gold_gain":0,"player_choice":"Paid Fearfully","damage_taken":0,"max_hp_gain":0,"max_hp_loss":0,"event_name":"Masked Bandits","floor":29,"gold_loss":99},{"damage_healed":0,"gold_gain":0,"player_choice":"Max HP","damage_taken":0,"max_hp_gain":0,"max_hp_loss":4,"event_name":"Winding Halls","floor":36,"gold_loss":0},{"damage_healed":0,"gold_gain":0,"player_choice":"Copied","damage_taken":0,"max_hp_gain":0,"max_hp_loss":0,"event_name":"Duplicator","floor":38,"gold_loss":0,"cards_obtained":["Reaper"]},{"cards_removed":["Anger"],"damage_healed":0,"gold_gain":0,"player_choice":"Removed Attack","damage_taken":0,"max_hp_gain":0,"max_hp_loss":0,"event_name":"Falling","floor":47,"gold_loss":0}],"is_beta":false,"boss_relics":[{"not_picked":["Busted Crown","Runic Dome"],"picked":"Sozu"},{"not_picked":["Tiny House","Philosopher\u0027s Stone"],"picked":"Coffee Dripper"}],"items_purged_floors":[20,41],"is_endless":false,"potions_floor_spawned":[4,5,6,23,33,37,39,44,45],"ascension_level":12}