{"gold_per_floor":[125,149,178,201,233,245,222,234,293,322,334,9,28,40,40,137,137,151,8,21,33,48,48,83,94,94,109,109,127,127,140,140,237,237,253,253],"floor_reached":36,"playtime":2586,"items_purged":[],"score":461,"play_id":"5128c203-4a2f-45a2-8c7e-5c50d9d21fe9","local_time":"20190907140839","is_ascension_mode":true,"campfire_choices":[{"floor":6,"key":"REST"},{"floor":11,"key":"REST"},{"floor":15,"key":"REST"},{"floor":23,"key":"REST"},{"floor":28,"key":"REST"},{"floor":30,"key":"REST"},{"floor":32,"key":"REST"}],"neow_cost":"NONE","seed_source_timestamp":88254267561416,"circlet_count":0,"master_deck":["Zap","Dualcast","Static Discharge","Redo","Go for the Eyes","Double Energy","Melter","Streamline","Chill","Defragment","Capacitor","Amplify","Consume","Tempest","Reinforced Body","Biased Cognition","Sweeping Beam","Darkness","Ball Lightning","Storm+1","BootSequence","Reinforced Body","BootSequence","Undo","Go for the Eyes+1","Conserve Battery","Barrage","Fission","Steam"],"relics":["Cracked Core","MawBank","Oddly Smooth Stone","Emotion Chip","Pandora\u0027s Box","Regal Pillow","Pear","Omamori","Busted Crown"],"potions_floor_usage":[4,10,16,27,33,33],"damage_taken":[{"damage":1,"enemies":"Cultist","floor":1,"turns":3},{"damage":13,"enemies":"Jaw Worm","floor":2,"turns":4},{"damage":0,"enemies":"Small Slimes","floor":3,"turns":3},{"damage":35,"enemies":"Gremlin Gang","floor":4,"turns":4},{"damage":9,"enemies":"Lots of Slimes","floor":5,"turns":3},{"damage":22,"enemies":"Exordium Thugs","floor":10,"turns":4},{"damage":10,"enemies":"2 Fungi Beasts","floor":13,"turns":3},{"damage":2,"enemies":"Looter","floor":14,"turns":2},{"damage":44,"enemies":"The Guardian","floor":16,"turns":9},{"damage":9,"enemies":"Chosen","floor":18,"turns":4},{"damage":3,"enemies":"Spheric Guardian","floor":20,"turns":3},{"damage":21,"enemies":"Chosen and Byrds","floor":21,"turns":4},{"damage":21,"enemies":"Sentry and Sphere","floor":22,"turns":3},{"damage":24,"enemies":"Book of Stabbing","floor":24,"turns":4},{"damage":5,"enemies":"Snake Plant","floor":25,"turns":4},{"damage":35,"enemies":"3 Cultists","floor":27,"turns":7},{"damage":13,"enemies":"Chosen and Byrds","floor":29,"turns":5},{"damage":29,"enemies":"Shelled Parasite and Fungi","floor":31,"turns":6},{"damage":77,"enemies":"Collector","floor":33,"turns":9},{"damage":21,"enemies":"Orb Walker","floor":35,"turns":3},{"damage":78,"enemies":"2 Orb Walkers","floor":36,"turns":4}],"seed_played":"-6840168403187114553","potions_obtained":[{"floor":2,"key":"SpeedPotion"},{"floor":3,"key":"Regen Potion"},{"floor":10,"key":"PowerPotion"},{"floor":16,"key":"Fire Potion"},{"floor":18,"key":"SteroidPotion"},{"floor":20,"key":"Dexterity Potion"},{"floor":24,"key":"GamblersBrew"},{"floor":31,"key":"PowerPotion"},{"floor":35,"key":"Poison Potion"}],"is_trial":false,"path_per_floor":["M","M","M","M","M","R","?","?","T","M","R","$","M","M","R","B",null,"M","$","M","M","M","R","E","M","T","M","R","M","R","M","R","B",null,"M","?"],"character_chosen":"DEFECT","items_purchased":["Emotion Chip","Chill","Regal Pillow"],"campfire_rested":7,"item_purchase_floors":[12,12,19],"current_hp_per_floor":[74,61,61,35,26,48,66,66,66,44,66,66,56,54,75,31,75,66,66,63,42,21,58,44,39,39,4,44,31,71,42,82,5,85,64,0],"gold":253,"neow_bonus":"RANDOM_COMMON_RELIC","is_prod":false,"is_daily":false,"chose_seed":false,"campfire_upgraded":0,"win_rate":0,"timestamp":1567879719,"path_taken":["M","M","?","M","M","R","?","?","T","M","R","$","M","M","R","BOSS","M","$","?","M","?","R","E","?","T","M","R","M","R","?","R","BOSS","M","?"],"build_version":"2019-07-17","purchased_purges":0,"victory":false,"max_hp_per_floor":[75,75,75,75,75,75,75,75,75,75,75,75,75,75,75,75,75,75,75,75,75,75,75,85,85,85,85,85,85,85,85,85,85,85,85,85],"card_choices":[{"not_picked":["Coolheaded","Barrage"],"picked":"Static Discharge","floor":1},{"not_picked":["Fusion","Hologram"],"picked":"Redo","floor":2},{"not_picked":["Ball Lightning","Rebound"],"picked":"Go for the Eyes","floor":3},{"not_picked":["Cold Snap","Stack"],"picked":"Double Energy","floor":4},{"not_picked":["Force Field","Auto Shields"],"picked":"Melter","floor":5},{"not_picked":["Compile Driver","Chaos"],"picked":"Streamline","floor":10},{"not_picked":["Reprogram","Ball Lightning"],"picked":"Defragment","floor":13},{"not_picked":["Beam Cell","Conserve Battery"],"picked":"Capacitor","floor":14},{"not_picked":["Biased Cognition","All For One"],"picked":"Amplify","floor":16},{"not_picked":["Consume","Double Energy"],"picked":"Storm+1","floor":18},{"not_picked":["Steam","Auto Shields+1"],"picked":"BootSequence","floor":20},{"not_picked":["Sweeping Beam","Heatsinks"],"picked":"Reinforced Body","floor":21},{"not_picked":["Reprogram","Steam"],"picked":"BootSequence","floor":22},{"not_picked":["Loop","Double Energy","Gash"],"picked":"SKIP","floor":24},{"not_picked":["Chill","Ball Lightning+1"],"picked":"Undo","floor":25},{"not_picked":["Steam","Gash"],"picked":"Go for the Eyes+1","floor":27},{"not_picked":["Self Repair","Recycle"],"picked":"Conserve Battery","floor":29},{"not_picked":["Streamline","Consume"],"picked":"Barrage","floor":31},{"not_picked":["All For One","Biased Cognition"],"picked":"Fission","floor":33},{"not_picked":[],"picked":"Steam","floor":35}],"player_experience":325341,"relics_obtained":[{"floor":9,"key":"Oddly Smooth Stone"},{"floor":24,"key":"Pear"},{"floor":26,"key":"Omamori"}],"event_choices":[{"damage_healed":18,"gold_gain":0,"player_choice":"Healed","damage_taken":0,"max_hp_gain":0,"max_hp_loss":0,"event_name":"The Cleric","floor":7,"gold_loss":35},{"cards_removed":["Strike_B"],"damage_healed":0,"gold_gain":0,"player_choice":"Purged","damage_taken":0,"max_hp_gain":0,"max_hp_loss":0,"event_name":"Purifier","floor":8,"gold_loss":0},{"damage_healed":0,"gold_gain":0,"player_choice":"Fight","damage_taken":0,"max_hp_gain":0,"max_hp_loss":0,"event_name":"Mysterious Sphere","floor":36,"gold_loss":0}],"is_beta":false,"boss_relics":[{"not_picked":["Runic Dome","Sozu"],"picked":"Pandora\u0027s Box"},{"not_picked":["Cursed Key","Inserter"],"picked":"Busted Crown"}],"items_purged_floors":[],"is_endless":false,"potions_floor_spawned":[2,3,10,16,18,20,24,25,31,35],"killed_by":"2 Orb Walkers","ascension_level":4}