{"gold_per_floor":[115,265,265,12,12,12,22,57,57,57,83,83,158,170,170,247,247,267,267,92,92,92,122,132,132,186,211,211,226,236,236,236,309,309,328,428,27,27,41,41,66,66,66,80,80,107,134,21,21,21,21],"floor_reached":51,"playtime":2065,"items_purged":["Doubt","Strike_R"],"score":1440,"play_id":"dfdc1d26-071d-4aec-aaaa-113cb8fc7857","local_time":"20190912232218","is_ascension_mode":true,"campfire_choices":[{"data":"Bludgeon","floor":6,"key":"SMITH"},{"data":"Shockwave","floor":12,"key":"SMITH"},{"data":"Brutality","floor":15,"key":"SMITH"},{"floor":25,"key":"REST"},{"floor":28,"key":"RECALL"},{"floor":32,"key":"REST"},{"floor":40,"key":"REST"},{"floor":42,"key":"REST"},{"floor":45,"key":"REST"},{"floor":49,"key":"REST"}],"neow_cost":"PERCENT_DAMAGE","seed_source_timestamp":53604424222500,"circlet_count":0,"master_deck":["AscendersBane","Strike_R","Strike_R","Strike_R","Defend_R","Defend_R","Defend_R","Defend_R","Bash","Brutality+1","Anger","Bludgeon+1","Shrug It Off","Shockwave+1","Anger","Double Tap","Power Through","Rage","Corruption","Armaments+1","Necronomicurse","True Grit","Inflame","Impervious","Rupture","Flame Barrier","Bludgeon+1","Shrug It Off","Rupture","Shrug It Off","Feel No Pain","Carnage+1","Doubt","Apotheosis","Evolve","True Grit"],"relics":["Burning Blood","Centennial Puzzle","Pantograph","Lantern","Regal Pillow","Fusion Hammer","CultistMask","Necronomicon","Mummified Hand","Potion Belt","Cursed Key","Magic Flower","Membership Card","Oddly Smooth Stone","Meat on the Bone","Dream Catcher","Blood Vial"],"potions_floor_usage":[11,23,30,33,46,50,51,51],"damage_taken":[{"damage":4,"enemies":"Cultist","floor":1,"turns":4},{"damage":0,"enemies":"Small Slimes","floor":7,"turns":2},{"damage":21,"enemies":"Lagavulin","floor":8,"turns":5},{"damage":22,"enemies":"3 Sentries","floor":11,"turns":9},{"damage":0,"enemies":"Jaw Worm","floor":14,"turns":2},{"damage":22,"enemies":"Hexaghost","floor":16,"turns":7},{"damage":17,"enemies":"3 Byrds","floor":18,"turns":5},{"damage":18,"enemies":"Slavers","floor":23,"turns":5},{"damage":29,"enemies":"Shell Parasite","floor":24,"turns":4},{"damage":20,"enemies":"Book of Stabbing","floor":27,"turns":3},{"damage":44,"enemies":"Chosen and Byrds","floor":29,"turns":8},{"damage":12,"enemies":"Cultist and Chosen","floor":30,"turns":6},{"damage":67,"enemies":"Collector","floor":33,"turns":9},{"damage":16,"enemies":"3 Darklings","floor":35,"turns":5},{"damage":4,"enemies":"Mind Bloom Boss Battle","floor":36,"turns":5},{"damage":5,"enemies":"3 Shapes","floor":39,"turns":6},{"damage":33,"enemies":"Giant Head","floor":41,"turns":8},{"damage":28,"enemies":"3 Darklings","floor":44,"turns":5},{"damage":34,"enemies":"Reptomancer","floor":46,"turns":5},{"damage":68,"enemies":"Donu and Deca","floor":50,"turns":8},{"damage":139,"enemies":"Awakened One","floor":51,"turns":8}],"seed_played":"5623333905674614462","potions_obtained":[{"floor":8,"key":"Regen Potion"},{"floor":11,"key":"Block Potion"},{"floor":16,"key":"BloodPotion"},{"floor":24,"key":"AttackPotion"},{"floor":27,"key":"Strength Potion"},{"floor":29,"key":"Energy Potion"},{"floor":30,"key":"BloodPotion"},{"floor":35,"key":"AttackPotion"},{"floor":41,"key":"PowerPotion"}],"is_trial":false,"path_per_floor":["M","?","?","$","$","R","M","E","T","?","E","R","?","M","R","B",null,"M","?","$","?","?","E","M","R","T","E","R","M","M","?","R","B",null,"M","?","$","?","M","R","E","R","T","M","R","E","T","$","R","B","B"],"character_chosen":"IRONCLAD","items_purchased":["Bludgeon","Rage","Corruption","Armaments","Membership Card","Rupture","Oddly Smooth Stone","Apotheosis","Evolve"],"campfire_rested":6,"item_purchase_floors":[4,20,20,20,37,37,37,48,48],"current_hp_per_floor":[52,52,47,47,47,47,53,38,38,31,30,30,19,25,25,34,65,54,54,54,33,75,63,40,75,75,61,61,23,35,35,72,14,60,50,75,75,75,75,75,51,75,75,56,75,50,50,50,75,34,0],"gold":21,"neow_bonus":"THREE_RARE_CARDS","is_prod":false,"is_daily":false,"chose_seed":false,"campfire_upgraded":3,"win_rate":0,"timestamp":1568355738,"path_taken":["M","?","?","?","$","R","M","E","T","?","E","R","?","M","R","BOSS","M","?","?","?","?","E","M","R","T","E","R","M","?","?","R","BOSS","M","?","$","?","?","R","E","R","T","M","R","E","?","$","R","BOSS","BOSS"],"build_version":"2019-07-17","purchased_purges":2,"victory":false,"max_hp_per_floor":[75,75,75,75,75,75,75,75,75,75,75,75,75,75,75,75,75,75,75,75,75,75,75,75,75,75,75,75,75,75,75,75,75,75,75,75,75,75,75,75,75,75,75,75,75,75,75,75,75,75,75],"card_choices":[{"not_picked":["Limit Break","Juggernaut"],"picked":"Brutality","floor":0},{"not_picked":["Clothesline","Havoc"],"picked":"Anger","floor":1},{"not_picked":["Iron Wave","Perfected Strike"],"picked":"Metallicize","floor":7},{"not_picked":["Perfected Strike","Wild Strike"],"picked":"Shrug It Off","floor":8},{"not_picked":["Thunderclap","Perfected Strike"],"picked":"Shockwave","floor":11},{"not_picked":["Twin Strike","Heavy Blade"],"picked":"Anger","floor":14},{"not_picked":["Impervious","Fiend Fire"],"picked":"Double Tap","floor":16},{"not_picked":["Havoc","Shrug It Off"],"picked":"Power Through","floor":18},{"not_picked":["Hemokinesis","Combust"],"picked":"True Grit","floor":23},{"not_picked":["Warcry","Thunderclap"],"picked":"Inflame","floor":24},{"not_picked":["Headbutt","Shrug It Off"],"picked":"Impervious","floor":27},{"not_picked":["Pummel","Shrug It Off"],"picked":"Rupture","floor":29},{"not_picked":["Second Wind","Flex"],"picked":"Flame Barrier","floor":30},{"not_picked":["Berserk","Exhume"],"picked":"Bludgeon","floor":33},{"not_picked":["Twin Strike","Anger"],"picked":"Shrug It Off","floor":35},{"not_picked":["Anger","Second Wind"],"picked":"Shrug It Off","floor":39},{"not_picked":["Thunderclap","Fiend Fire","Intimidate"],"picked":"SKIP","floor":41},{"not_picked":["Reckless Charge","Cleave"],"picked":"Feel No Pain","floor":44},{"not_picked":["Cleave+1","Power Through+1"],"picked":"Carnage+1","floor":46},{"not_picked":["Havoc","Warcry"],"picked":"True Grit","floor":49}],"player_experience":726301,"relics_obtained":[{"floor":8,"key":"Pantograph"},{"floor":9,"key":"Lantern"},{"floor":11,"key":"Regal Pillow"},{"floor":21,"key":"Necronomicon"},{"floor":23,"key":"Mummified Hand"},{"floor":26,"key":"Potion Belt"},{"floor":36,"key":"Magic Flower"},{"floor":41,"key":"Meat on the Bone"},{"floor":46,"key":"Dream Catcher"},{"floor":47,"key":"Blood Vial"}],"event_choices":[{"damage_healed":0,"gold_gain":150,"player_choice":"AGREE","damage_taken":0,"max_hp_gain":0,"max_hp_loss":0,"event_name":"Liars Game","floor":2,"gold_loss":0,"cards_obtained":["Doubt"]},{"damage_healed":0,"gold_gain":0,"player_choice":"Success","damage_taken":5,"relics_obtained":["Centennial Puzzle"],"max_hp_gain":0,"max_hp_loss":0,"event_name":"Scrap Ooze","floor":3,"gold_loss":0},{"cards_removed":["Strike_R"],"damage_healed":0,"gold_gain":0,"player_choice":"Card Removal","damage_taken":7,"max_hp_gain":0,"max_hp_loss":0,"event_name":"Golden Wing","floor":10,"gold_loss":0},{"damage_healed":0,"gold_gain":75,"player_choice":"Gather Gold","damage_taken":11,"max_hp_gain":0,"max_hp_loss":0,"event_name":"World of Goop","floor":13,"gold_loss":0},{"damage_healed":0,"gold_gain":0,"player_choice":"Trade","damage_taken":0,"relics_obtained":["CultistMask"],"max_hp_gain":0,"max_hp_loss":0,"event_name":"FaceTrader","floor":19,"gold_loss":0},{"damage_healed":0,"gold_gain":0,"player_choice":"Obtained Book","damage_taken":21,"max_hp_gain":0,"max_hp_loss":0,"event_name":"Cursed Tome","floor":21,"gold_loss":0},{"cards_removed":["Metallicize"],"damage_healed":42,"gold_gain":0,"player_choice":"Offered Uncommon","damage_taken":0,"max_hp_gain":0,"max_hp_loss":0,"event_name":"Bonfire Elementals","floor":22,"gold_loss":0},{"damage_healed":0,"gold_gain":0,"player_choice":"Upgraded","damage_taken":0,"max_hp_gain":0,"max_hp_loss":0,"event_name":"Upgrade Shrine","floor":31,"gold_loss":0,"cards_upgraded":["Armaments"]},{"damage_healed":0,"gold_gain":0,"player_choice":"Fight","damage_taken":0,"max_hp_gain":0,"max_hp_loss":0,"event_name":"MindBloom","floor":36,"gold_loss":0},{"damage_healed":0,"gold_gain":0,"player_choice":"Upgraded","damage_taken":0,"max_hp_gain":0,"max_hp_loss":0,"event_name":"Upgrade Shrine","floor":38,"gold_loss":0,"cards_upgraded":["Bludgeon"]}],"is_beta":false,"boss_relics":[{"not_picked":["Tiny House","Runic Pyramid"],"picked":"Fusion Hammer"},{"not_picked":["Velvet Choker","Black Blood"],"picked":"Cursed Key"}],"items_purged_floors":[4,37],"is_endless":false,"potions_floor_spawned":[8,11,16,24,27,29,30,35,41],"killed_by":"Awakened One","ascension_level":20}