{"gold_per_floor":[15,27,43,43,63,98,98,125,175,194,225,225,245,1,1,97,97,115,125,144,156,81,81,111,111,111,11,27,27,45,56,56,56],"floor_reached":33,"playtime":2869,"items_purged":["Strike_R","Decay"],"score":349,"play_id":"596d3131-282c-4a9d-a456-f6c8da911c80","local_time":"20181210164127","is_ascension_mode":true,"campfire_choices":[{"data":"Rampage","floor":7,"key":"SMITH"},{"floor":12,"key":"REST"},{"data":"Mayhem","floor":15,"key":"SMITH"},{"data":"Hemokinesis","floor":23,"key":"SMITH"},{"data":"Metallicize","floor":25,"key":"SMITH"},{"data":"Heavy Blade","floor":32,"key":"SMITH"}],"neow_cost":"NO_GOLD","seed_source_timestamp":76201340314955,"circlet_count":0,"master_deck":["Strike_R","Strike_R+1","Strike_R+1","Defend_R","Defend_R","Defend_R","Defend_R","Bash","Rampage+1","Rupture","Iron Wave+1","Thunderclap","Shrug It Off","Bludgeon","Inflame","Heavy Blade+1","Mayhem+1","Offering","Spot Weakness","Metallicize+1","Hemokinesis+1","Spot Weakness","Shrug It Off"],"relics":["Burning Blood","Bird Faced Urn","Dream Catcher","Kunai","Strawberry","Whetstone","Cursed Key","Art of War","Vajra"],"potions_floor_usage":[6,8,8,11,16,24,24,24,30,33,33,33],"damage_taken":[{"damage":7,"enemies":"Cultist","floor":1,"turns":6},{"damage":7,"enemies":"2 Louse","floor":2,"turns":3},{"damage":16,"enemies":"Jaw Worm","floor":3,"turns":6},{"damage":17,"enemies":"Exordium Thugs","floor":5,"turns":5},{"damage":8,"enemies":"Gremlin Nob","floor":6,"turns":3},{"damage":29,"enemies":"Lagavulin","floor":8,"turns":9},{"damage":15,"enemies":"Large Slime","floor":10,"turns":7},{"damage":30,"enemies":"3 Sentries","floor":11,"turns":8},{"damage":9,"enemies":"Blue Slaver","floor":13,"turns":4},{"damage":27,"enemies":"Hexaghost","floor":16,"turns":8},{"damage":10,"enemies":"Chosen","floor":18,"turns":3},{"damage":12,"enemies":"2 Thieves","floor":19,"turns":3},{"damage":24,"enemies":"Centurion and Healer","floor":20,"turns":5},{"damage":28,"enemies":"Snake Plant","floor":21,"turns":5},{"damage":26,"enemies":"Gremlin Leader","floor":24,"turns":5},{"damage":8,"enemies":"Cultist and Chosen","floor":28,"turns":4},{"damage":22,"enemies":"3 Cultists","floor":30,"turns":4},{"damage":11,"enemies":"Centurion and Healer","floor":31,"turns":4},{"damage":73,"enemies":"Champ","floor":33,"turns":6}],"seed_played":"2670489057044232538","potions_obtained":[{"floor":2,"key":"Block Potion"},{"floor":3,"key":"Dexterity Potion"},{"floor":5,"key":"Fire Potion"},{"floor":6,"key":"Strength Potion"},{"floor":11,"key":"PowerPotion"},{"floor":13,"key":"SteroidPotion"},{"floor":21,"key":"EntropicBrew"},{"floor":28,"key":"Swift Potion"},{"floor":31,"key":"AttackPotion"}],"is_trial":false,"path_per_floor":["M","M","M","?","M","E","R","E","T","M","E","R","M","$","R","B",null,"M","M","M","M","?","R","E","R","T","$","M","$","M","M","R","B"],"character_chosen":"IRONCLAD","items_purchased":["Mayhem"],"campfire_rested":1,"item_purchase_floors":[14],"current_hp_per_floor":[79,78,70,70,61,59,59,38,45,38,18,44,45,45,45,32,87,87,85,73,59,59,59,47,47,47,47,53,53,45,48,48,0],"gold":56,"neow_bonus":"ONE_RARE_RELIC","is_prod":false,"is_daily":false,"chose_seed":false,"campfire_upgraded":5,"win_rate":0,"timestamp":1544488887,"path_taken":["M","M","M","?","M","E","R","E","T","M","E","R","M","?","R","BOSS","M","?","M","?","?","R","E","R","T","$","M","?","M","M","R","BOSS"],"build_version":"2018-12-06","purchased_purges":2,"victory":false,"max_hp_per_floor":[80,80,80,80,80,80,80,80,87,87,87,87,87,87,87,87,87,87,87,87,87,87,87,87,87,87,87,87,87,87,87,87,87],"card_choices":[{"not_picked":["Flex","Twin Strike"],"picked":"Rampage","floor":1},{"not_picked":["Infernal Blade","Clash"],"picked":"Rupture","floor":2},{"not_picked":["Clash","Carnage"],"picked":"Iron Wave","floor":3},{"not_picked":["Rage","Clash"],"picked":"Thunderclap","floor":5},{"not_picked":["Evolve","Battle Trance"],"picked":"Shrug It Off","floor":6},{"not_picked":["Dual Wield","Shockwave"],"picked":"Bludgeon","floor":8},{"not_picked":["Dual Wield","Armaments"],"picked":"Inflame","floor":10},{"not_picked":["Twin Strike","Clothesline","Perfected Strike"],"picked":"SKIP","floor":11},{"not_picked":["Power Through","Anger"],"picked":"Heavy Blade","floor":13},{"not_picked":["Limit Break","Juggernaut"],"picked":"Offering","floor":16},{"not_picked":["Clothesline","Perfected Strike+1"],"picked":"Spot Weakness","floor":18},{"not_picked":["Shockwave+1","Headbutt","Clothesline"],"picked":"SKIP","floor":19},{"not_picked":["Heavy Blade","Wild Strike"],"picked":"Metallicize","floor":20},{"not_picked":["Warcry","Headbutt"],"picked":"Hemokinesis","floor":21},{"not_picked":["Entrench","Body Slam","Havoc+1"],"picked":"SKIP","floor":24},{"not_picked":["Perfected Strike+1","Anger+1","Havoc"],"picked":"SKIP","floor":28},{"not_picked":["Clothesline","Wild Strike"],"picked":"Spot Weakness","floor":30},{"not_picked":["Clothesline","Searing Blow"],"picked":"Shrug It Off","floor":31}],"player_experience":201828,"relics_obtained":[{"floor":6,"key":"Dream Catcher"},{"floor":8,"key":"Kunai"},{"floor":9,"key":"Strawberry"},{"floor":11,"key":"Whetstone"},{"floor":24,"key":"Art of War"},{"floor":26,"key":"Vajra"}],"event_choices":[{"damage_healed":0,"gold_gain":0,"player_choice":"Forge","damage_taken":0,"max_hp_gain":0,"max_hp_loss":0,"event_name":"Accursed Blacksmith","floor":4,"gold_loss":0,"cards_upgraded":["Iron Wave"]},{"cards_removed":["Strike_R"],"damage_healed":0,"gold_gain":0,"player_choice":"Gave Gold","damage_taken":0,"max_hp_gain":0,"max_hp_loss":0,"event_name":"Beggar","floor":22,"gold_loss":75}],"is_beta":false,"boss_relics":[{"not_picked":["Tiny House","Runic Pyramid"],"picked":"Cursed Key"}],"items_purged_floors":[14,27],"is_endless":false,"potions_floor_spawned":[2,3,5,6,11,13,21,28,31],"killed_by":"Champ","ascension_level":4}