{"gold_per_floor":[118,118,135,55,118,149,149,162,189,189,222,65,82,95,95,191,191,207,226,238,257,273,273,287,287,287,287,287,299,317,345,345,447,447,460,560,572,582,582,611,611,611,611,611,624,639,599,121,121,121],"floor_reached":51,"playtime":3987,"items_purged":[],"score":761,"play_id":"7b4b1565-f0d1-4edf-95ed-0fec73c3fa77","local_time":"20181118061436","is_ascension_mode":false,"campfire_choices":[{"data":"Double Tap","floor":7,"key":"SMITH"},{"data":"Heavy Blade","floor":10,"key":"SMITH"},{"data":"1","floor":15,"key":"LIFT"},{"data":"2","floor":23,"key":"LIFT"},{"data":"3","floor":25,"key":"LIFT"},{"data":"Limit Break","floor":27,"key":"SMITH"},{"data":"Heavy Blade","floor":32,"key":"SMITH"},{"data":"Demon Form","floor":41,"key":"SMITH"},{"data":"Reaper","floor":44,"key":"SMITH"},{"data":"Inflame","floor":49,"key":"SMITH"}],"neow_cost":"NONE","seed_source_timestamp":514154609072307,"circlet_count":0,"master_deck":["Strike_R","Strike_R","Strike_R","Strike_R","Defend_R","Defend_R","Defend_R","Defend_R","Bash+1","Carnage","Heavy Blade+1","Double Tap+1","Spot Weakness","Headbutt","Pommel Strike","Inflame","Blood for Blood","Limit Break+1","Shrug It Off+1","Disarm+1","True Grit","Berserk","Seeing Red","Headbutt","Iron Wave","Inflame+1","Heavy Blade+1","Spot Weakness","Demon Form+1","Burning Pact","Reaper+1","Shockwave+1","Inflame+1","Bandage Up"],"relics":["Burning Blood","Pen Nib","Vajra","Happy Flower","Girya","Bag of Marbles","Coffee Dripper","StoneCalendar","Oddly Smooth Stone","Busted Crown","Pocketwatch","FossilizedHelix","Gambling Chip","Red Skull","ClockworkSouvenir"],"potions_floor_usage":[6,16,29,31,31,31,33,36,38,40,46],"damage_taken":[{"damage":1,"enemies":"Cultist","floor":1,"turns":3},{"damage":5,"enemies":"Small Slimes","floor":3,"turns":3},{"damage":6,"enemies":"Gremlin Nob","floor":6,"turns":3},{"damage":6,"enemies":"Jaw Worm","floor":8,"turns":2},{"damage":17,"enemies":"3 Sentries","floor":11,"turns":5},{"damage":6,"enemies":"Exordium Wildlife","floor":13,"turns":3},{"damage":3,"enemies":"Lots of Slimes","floor":14,"turns":3},{"damage":0,"enemies":"Slime Boss","floor":16,"turns":5},{"damage":12,"enemies":"Shell Parasite","floor":18,"turns":2},{"damage":0,"enemies":"Spheric Guardian","floor":19,"turns":1},{"damage":19,"enemies":"Centurion and Healer","floor":20,"turns":5},{"damage":10,"enemies":"Chosen and Byrds","floor":21,"turns":4},{"damage":16,"enemies":"Snake Plant","floor":22,"turns":2},{"damage":27,"enemies":"Centurion and Healer","floor":24,"turns":5},{"damage":10,"enemies":"Sentry and Sphere","floor":29,"turns":3},{"damage":0,"enemies":"Snake Plant","floor":30,"turns":2},{"damage":0,"enemies":"Gremlin Leader","floor":31,"turns":3},{"damage":19,"enemies":"Automaton","floor":33,"turns":5},{"damage":15,"enemies":"3 Darklings","floor":35,"turns":7},{"damage":0,"enemies":"Mind Bloom Boss Battle","floor":36,"turns":3},{"damage":0,"enemies":"Orb Walker","floor":37,"turns":2},{"damage":26,"enemies":"3 Darklings","floor":38,"turns":3},{"damage":46,"enemies":"Reptomancer","floor":40,"turns":3},{"damage":1,"enemies":"Spire Growth","floor":45,"turns":3},{"damage":5,"enemies":"Writhing Mass","floor":46,"turns":4},{"damage":22,"enemies":"Donu and Deca","floor":50,"turns":4}],"seed_played":"-5177178569316126848","potions_obtained":[{"floor":1,"key":"Weak Potion"},{"floor":14,"key":"LiquidBronze"},{"floor":16,"key":"Poison Potion"},{"floor":19,"key":"Swift Potion"},{"floor":22,"key":"Fire Potion"},{"floor":24,"key":"Regen Potion"},{"floor":30,"key":"Regen Potion"},{"floor":31,"key":"EssenceOfSteel"},{"floor":35,"key":"FearPotion"},{"floor":36,"key":"Regen Potion"},{"floor":37,"key":"Fire Potion"},{"floor":45,"key":"Dexterity Potion"}],"is_trial":false,"path_per_floor":["M","?","M","$","?","E","R","M","T","R","E","$","M","M","R","B",null,"M","M","M","M","M","R","M","R","T","R","?","M","M","E","R","B",null,"M","?","M","M","?","E","R","?","T","R","M","M","?","$","R","B",null],"character_chosen":"IRONCLAD","items_purchased":["Double Tap","Bag of Marbles","Red Skull","ClockworkSouvenir","Inflame","Bandage Up"],"campfire_rested":0,"item_purchase_floors":[4,12,48,48,48,48],"current_hp_per_floor":[80,77,78,78,78,78,78,78,78,78,67,67,67,70,70,76,80,74,80,67,63,53,53,32,32,32,32,32,37,43,58,58,45,80,71,77,80,60,60,29,29,29,29,29,34,35,35,35,35,75],"gold":121,"neow_bonus":"UPGRADE_CARD","is_prod":false,"is_daily":false,"chose_seed":false,"campfire_upgraded":7,"win_rate":0.0,"timestamp":1542550476,"path_taken":["M","?","M","$","?","E","R","M","T","R","E","$","M","M","R","BOSS","M","M","M","M","M","R","M","R","T","R","?","M","?","E","R","BOSS","M","?","M","M","?","E","R","?","T","R","M","M","?","$","R","BOSS"],"build_version":"2018-11-15","purchased_purges":0,"victory":true,"max_hp_per_floor":[80,80,80,80,80,80,80,80,80,80,80,80,80,80,80,80,80,80,80,80,80,80,80,80,80,80,80,80,80,80,80,80,80,80,80,80,80,80,80,80,80,80,80,80,80,80,80,80,80,80],"card_choices":[{"not_picked":["Twin Strike","Burning Pact"],"picked":"Carnage","floor":1},{"not_picked":["Perfected Strike","Armaments"],"picked":"Heavy Blade","floor":3},{"not_picked":["Hemokinesis","Reaper"],"picked":"Spot Weakness","floor":6},{"not_picked":["Clothesline","Dual Wield"],"picked":"Headbutt","floor":8},{"not_picked":["Corruption","Cleave"],"picked":"Pommel Strike","floor":11},{"not_picked":["Iron Wave","Warcry"],"picked":"Inflame","floor":13},{"not_picked":["Cleave","Pommel Strike"],"picked":"Blood for Blood","floor":14},{"not_picked":["Juggernaut","Reaper"],"picked":"Limit Break","floor":16},{"not_picked":["Second Wind+1","Clothesline"],"picked":"Shrug It Off+1","floor":18},{"not_picked":["Flame Barrier","Blood for Blood"],"picked":"Disarm+1","floor":19},{"not_picked":["Dropkick+1","Feel No Pain"],"picked":"True Grit","floor":20},{"not_picked":["True Grit+1","Clothesline"],"picked":"Berserk","floor":21},{"not_picked":["Body Slam+1","Flex"],"picked":"Seeing Red","floor":22},{"not_picked":["Fire Breathing","Perfected Strike"],"picked":"Headbutt","floor":24},{"not_picked":["Flex","Anger"],"picked":"Inflame+1","floor":29},{"not_picked":["Thunderclap+1","Battle Trance"],"picked":"Heavy Blade","floor":30},{"not_picked":["Berserk","Clash"],"picked":"Spot Weakness","floor":31},{"not_picked":["Reaper","Berserk"],"picked":"Demon Form","floor":33},{"not_picked":[],"picked":"Burning Pact","floor":35},{"not_picked":["Body Slam+1"],"picked":"SKIP","floor":37},{"not_picked":["True Grit"],"picked":"SKIP","floor":38},{"not_picked":[],"picked":"Reaper","floor":40},{"not_picked":[],"picked":"Shockwave","floor":45},{"not_picked":["Searing Blow"],"picked":"SKIP","floor":46}],"player_experience":30810,"relics_obtained":[{"floor":6,"key":"Vajra"},{"floor":9,"key":"Happy Flower"},{"floor":11,"key":"Girya"},{"floor":26,"key":"StoneCalendar"},{"floor":31,"key":"Oddly Smooth Stone"},{"floor":36,"key":"Pocketwatch"},{"floor":40,"key":"FossilizedHelix"},{"floor":43,"key":"Gambling Chip"}],"event_choices":[{"damage_healed":0,"gold_gain":0,"player_choice":"Success","damage_taken":3,"relics_obtained":["Pen Nib"],"max_hp_gain":0,"max_hp_loss":0,"event_name":"Scrap Ooze","floor":2,"gold_loss":0},{"damage_healed":0,"gold_gain":63,"player_choice":"Gained Gold","damage_taken":0,"max_hp_gain":0,"max_hp_loss":0,"event_name":"Golden Wing","floor":5,"gold_loss":0},{"cards_removed":["Strike_R"],"damage_healed":0,"gold_gain":0,"player_choice":"Took Card","damage_taken":0,"max_hp_gain":0,"max_hp_loss":0,"event_name":"NoteForYourself","floor":28,"gold_loss":0,"cards_obtained":["Iron Wave"]},{"damage_healed":0,"gold_gain":0,"player_choice":"Fight","damage_taken":0,"max_hp_gain":0,"max_hp_loss":0,"event_name":"MindBloom","floor":36,"gold_loss":0},{"damage_healed":0,"gold_gain":0,"player_choice":"Memory 1","damage_taken":0,"max_hp_gain":0,"max_hp_loss":0,"event_name":"SensoryStone","floor":39,"gold_loss":0},{"damage_healed":0,"gold_gain":0,"player_choice":"Ignored","damage_taken":0,"max_hp_gain":0,"max_hp_loss":0,"event_name":"Tomb of Lord Red Mask","floor":42,"gold_loss":0},{"damage_healed":0,"gold_gain":0,"player_choice":"Upgrade","damage_taken":0,"max_hp_gain":0,"max_hp_loss":0,"event_name":"Designer","floor":47,"gold_loss":40,"cards_upgraded":["Shockwave"]}],"is_beta":false,"boss_relics":[{"not_picked":["Black Blood","Calling Bell"],"picked":"Coffee Dripper"},{"not_picked":["Runic Cube","Runic Pyramid"],"picked":"Busted Crown"}],"items_purged_floors":[],"is_endless":false,"potions_floor_spawned":[1,14,16,19,22,24,30,31,35,36,37,45],"ascension_level":0}