{"gold_per_floor":[119,135,148,148,159,159,179,209,209,224,224,41,41,41,41,146,146,128,144,158,158,168,198,211,227,227,227,227,49,60,76,76,181,181,193,206,28,38,38,38,38],"floor_reached":41,"playtime":5764,"items_purged":["Defend_B","Defend_B"],"score":465,"play_id":"3d4ec2d3-40a9-4b7e-b207-a24327b7338b","local_time":"20181120015716","is_ascension_mode":true,"campfire_choices":[{"data":"Darkness","floor":6.0,"key":"SMITH"},{"floor":11,"key":"REST"},{"data":"Defragment","floor":15,"key":"SMITH"},{"data":"Blizzard","floor":28,"key":"SMITH"},{"floor":32,"key":"REST"},{"floor":40,"key":"REST"}],"neow_cost":"NONE","seed_source_timestamp":0,"circlet_count":0,"master_deck":["Strike_B","Strike_B","Defend_B+1","Zap","Dualcast","Tempest","Coolheaded","Lockon","Darkness+1","Glacier","Coolheaded+1","Coolheaded","Blizzard+1","Defragment+1","Seek","Barrage","Hello World","Beam Cell","Loop","Coolheaded+1","Double Energy","Streamline","Cold Snap","Streamline","Ball Lightning","Amplify","Heatsinks+1","Capacitor+1","Compile Driver+1"],"special_seed":0,"relics":["FrozenCore","Pantograph","Meat on the Bone","War Paint","Oddly Smooth Stone","Busted Crown"],"potions_floor_usage":[16,22,23,30,30,36,38,41],"damage_taken":[{"damage":0.0,"enemies":"Cultist","floor":1.0,"turns":3.0},{"damage":6.0,"enemies":"Jaw Worm","floor":2.0,"turns":3.0},{"damage":0.0,"enemies":"2 Louse","floor":3.0,"turns":2.0},{"damage":6.0,"enemies":"Exordium Wildlife","floor":5.0,"turns":4.0},{"damage":24.0,"enemies":"Lots of Slimes","floor":7.0,"turns":6.0},{"damage":3.0,"enemies":"Lagavulin","floor":8.0,"turns":6.0},{"damage":2,"enemies":"3 Louse","floor":10,"turns":4},{"damage":22,"enemies":"The Guardian","floor":16,"turns":12},{"damage":9,"enemies":"2 Thieves","floor":18,"turns":5},{"damage":3,"enemies":"3 Byrds","floor":19,"turns":7},{"damage":15,"enemies":"Snake Plant","floor":20,"turns":5},{"damage":6,"enemies":"Shelled Parasite and Fungi","floor":22,"turns":8},{"damage":12,"enemies":"Book of Stabbing","floor":23,"turns":7},{"damage":4,"enemies":"Centurion and Healer","floor":24,"turns":8},{"damage":0,"enemies":"Sentry and Sphere","floor":25,"turns":9},{"damage":10,"enemies":"Snake Plant","floor":30,"turns":4},{"damage":29,"enemies":"3 Cultists","floor":31,"turns":7},{"damage":71,"enemies":"Automaton","floor":33,"turns":13},{"damage":8,"enemies":"3 Shapes","floor":35,"turns":5},{"damage":26,"enemies":"3 Darklings","floor":36,"turns":5},{"damage":30,"enemies":"Jaw Worm Horde","floor":38,"turns":5},{"damage":67,"enemies":"2 Orb Walkers","floor":41,"turns":6}],"seed_played":"8740414915644448287","potions_obtained":[{"floor":3.0,"key":"Weak Potion"},{"floor":7.0,"key":"FocusPotion"},{"floor":10,"key":"Weak Potion"},{"floor":16,"key":"LiquidBronze"},{"floor":19,"key":"SpeedPotion"},{"floor":20,"key":"Fire Potion"},{"floor":23,"key":"GamblersBrew"},{"floor":25,"key":"FearPotion"},{"floor":38,"key":"Fire Potion"}],"is_trial":false,"path_per_floor":["M","M","M","?","M","R","M","E","E","T","M","R","$","?","$","R","B",null,"M","M","M","?","M","E","M","M","T","?","R","$","M","M","R","B",null,"M","M","$","M","?","R","?"],"character_chosen":"DEFECT","items_purchased":["Blizzard","Defragment","Oddly Smooth Stone","Cold Snap","Regen Potion"],"campfire_rested":3,"item_purchase_floors":[12,12,29,29,37],"current_hp_per_floor":[75,69,69,62,56,56,32,29,29,39,61,61,66,66,66,58,80,71,68,53,53,47,47,43,43,43,69,69,69,59,42,66,21,80,72,46,46,42,42,66,0],"gold":38,"neow_bonus":"REMOVE_CARD","is_prod":false,"is_daily":false,"chose_seed":false,"campfire_upgraded":3,"win_rate":0,"timestamp":1542707836,"path_taken":["M","M","M","?","M","R","M","E","T","M","R","$","?","?","R","BOSS","M","M","M","?","M","E","M","M","T","?","R","$","?","M","R","BOSS","M","?","$","M","?","R","?"],"build_version":"2018-11-15","purchased_purges":2,"victory":false,"max_hp_per_floor":[75,75,75,75,75,75,75,75,75,75,75,75,80,80,80,80,80,80,80,80,80,80,80,80,80,80,80,80,80,80,80,80,80,80,80,80,80,80,80,80,80],"card_choices":[{"not_picked":["Turbo","Beam Cell"],"picked":"Tempest","floor":1.0},{"not_picked":["Melter","Gash"],"picked":"Coolheaded","floor":2.0},{"not_picked":["Hologram","Go for the Eyes"],"picked":"Lockon","floor":3.0},{"not_picked":["BootSequence","Gash"],"picked":"Darkness","floor":5.0},{"not_picked":["Hologram","Fission"],"picked":"Glacier","floor":7.0},{"not_picked":["Sweeping Beam","Leap"],"picked":"Coolheaded","floor":8},{"not_picked":["Echo Form","Hologram"],"picked":"Coolheaded","floor":10},{"not_picked":["Meteor Strike","Reboot"],"picked":"Seek","floor":16},{"not_picked":["White Noise","Streamline+1"],"picked":"Barrage","floor":18},{"not_picked":["Conserve Battery","Leap"],"picked":"Hello World","floor":19},{"not_picked":["Auto Shields","Skim+1"],"picked":"Beam Cell","floor":20},{"not_picked":["Go for the Eyes+1","Redo+1"],"picked":"Loop","floor":22},{"not_picked":["Biased Cognition","Genetic Algorithm"],"picked":"Coolheaded+1","floor":23},{"not_picked":["Steam Power+1","Consume+1"],"picked":"Double Energy","floor":24},{"not_picked":["Cold Snap","Beam Cell"],"picked":"Streamline","floor":25},{"not_picked":["Sweeping Beam","Stack+1"],"picked":"Streamline","floor":30},{"not_picked":["Reprogram","Heatsinks"],"picked":"Ball Lightning","floor":31},{"not_picked":["Machine Learning","Creative AI"],"picked":"Amplify","floor":33},{"not_picked":[],"picked":"Heatsinks+1","floor":35},{"not_picked":[],"picked":"Capacitor+1","floor":36},{"not_picked":[],"picked":"Compile Driver+1","floor":38}],"player_experience":59128,"relics_obtained":[{"floor":8,"key":"Pantograph"},{"floor":9,"key":"Meat on the Bone"},{"floor":23,"key":"War Paint"}],"event_choices":[{"cards_removed":["Strike_B"],"damage_healed":0.0,"max_hp_gain":0.0,"max_hp_loss":0.0,"gold_gain":0.0,"event_name":"Golden Wing","player_choice":"Card Removal","floor":4.0,"gold_loss":0.0,"damage_taken":7.0},{"damage_healed":0,"gold_gain":0,"player_choice":"Donut","damage_taken":0,"max_hp_gain":5,"max_hp_loss":0,"event_name":"Big Fish","floor":13,"gold_loss":0},{"damage_healed":0,"gold_gain":0,"player_choice":"Ignored","damage_taken":0,"max_hp_gain":0,"max_hp_loss":0,"event_name":"Ghosts","floor":21,"gold_loss":0},{"damage_healed":26,"gold_gain":0,"player_choice":"Heal","damage_taken":0,"max_hp_gain":0,"max_hp_loss":0,"event_name":"The Library","floor":27,"gold_loss":0},{"cards_removed":["Defend_B"],"damage_healed":0,"gold_gain":0,"player_choice":"Removed Skill","damage_taken":0,"max_hp_gain":0,"max_hp_loss":0,"event_name":"Falling","floor":39,"gold_loss":0},{"damage_healed":0,"gold_gain":0,"player_choice":"Fight","damage_taken":0,"max_hp_gain":0,"max_hp_loss":0,"event_name":"Mysterious Sphere","floor":41,"gold_loss":0}],"is_beta":false,"boss_relics":[{"not_picked":["Cursed Key","Orrery"],"picked":"FrozenCore"},{"not_picked":["Coffee Dripper","Snecko Eye"],"picked":"Busted Crown"}],"items_purged_floors":[12,37],"is_endless":false,"potions_floor_spawned":[3,7,10,16,19,20,23,25,38],"killed_by":"2 Orb Walkers","ascension_level":1}