{"gold_per_floor":[116,135,135,145,145,145,177,177,177,187,187,110,121,46,46,46],"floor_reached":16,"playtime":771,"items_purged":["Strike_R"],"score":120,"play_id":"12dae90f-7080-4ec9-b3e3-21beca7694dd","local_time":"20190913195409","is_ascension_mode":true,"campfire_choices":[{"data":"Armaments","floor":6,"key":"SMITH"},{"floor":11,"key":"REST"},{"data":"Flex","floor":15,"key":"SMITH"}],"neow_cost":"NONE","seed_source_timestamp":35598056124410,"circlet_count":0,"master_deck":["Strike_R","Strike_R","Strike_R+1","Strike_R+1","Defend_R","Defend_R","Defend_R+1","Bash+1","Flex+1","Armaments+1","Cleave","Clash","Bloodletting"],"relics":["Burning Blood","Darkstone Periapt","Whetstone"],"potions_floor_usage":[7,7,10,13],"damage_taken":[{"damage":0,"enemies":"Small Slimes","floor":1,"turns":3},{"damage":4,"enemies":"2 Louse","floor":2,"turns":4},{"damage":4,"enemies":"Jaw Worm","floor":4,"turns":4},{"damage":32,"enemies":"Lagavulin","floor":7,"turns":6},{"damage":15,"enemies":"Lots of Slimes","floor":10,"turns":2},{"damage":2,"enemies":"Red Slaver","floor":13,"turns":3},{"damage":90,"enemies":"Hexaghost","floor":16,"turns":11}],"seed_played":"5754465619025853023","potions_obtained":[{"floor":2,"key":"SteroidPotion"},{"floor":4,"key":"Poison Potion"},{"floor":7,"key":"LiquidBronze"}],"is_trial":false,"path_per_floor":["M","M","?","M","?","R","E","?","T","M","R","$","M","$","R","B"],"character_chosen":"IRONCLAD","items_purchased":["BloodPotion"],"campfire_rested":1,"item_purchase_floors":[12],"current_hp_per_floor":[88,88,81,83,88,88,62,43,43,34,61,61,88,88,88,0],"gold":46,"neow_bonus":"TEN_PERCENT_HP_BONUS","is_prod":false,"is_daily":false,"chose_seed":false,"campfire_upgraded":2,"win_rate":0,"timestamp":1568418849,"path_taken":["M","M","?","M","?","R","E","?","T","M","R","?","M","$","R","BOSS"],"build_version":"2019-07-17","purchased_purges":1,"victory":false,"max_hp_per_floor":[88,88,88,88,93,93,93,93,93,93,93,93,93,93,93,93],"card_choices":[{"not_picked":["Warcry","Iron Wave","Reckless Charge"],"picked":"SKIP","floor":1},{"not_picked":["Dropkick","Rage"],"picked":"Flex","floor":2},{"not_picked":["Heavy Blade","Thunderclap"],"picked":"Armaments","floor":4},{"not_picked":["Combust","Pommel Strike"],"picked":"Cleave","floor":7},{"not_picked":["Second Wind","Pommel Strike"],"picked":"Clash","floor":10},{"not_picked":["Ghostly Armor","Power Through"],"picked":"Bloodletting","floor":13}],"player_experience":327326,"relics_obtained":[{"floor":7,"key":"Darkstone Periapt"},{"floor":9,"key":"Whetstone"}],"event_choices":[{"cards_removed":["Defend_R"],"damage_healed":0,"gold_gain":0,"player_choice":"Card Removal","damage_taken":7,"max_hp_gain":0,"max_hp_loss":0,"event_name":"Golden Wing","floor":3,"gold_loss":0},{"damage_healed":0,"gold_gain":0,"player_choice":"Donut","damage_taken":0,"max_hp_gain":5,"max_hp_loss":0,"event_name":"Big Fish","floor":5,"gold_loss":0},{"damage_healed":0,"gold_gain":0,"player_choice":"Entered Light","damage_taken":19,"max_hp_gain":0,"max_hp_loss":0,"event_name":"Shining Light","floor":8,"gold_loss":0,"cards_upgraded":["Strike_R","Defend_R"]}],"is_beta":false,"boss_relics":[],"items_purged_floors":[14],"is_endless":false,"potions_floor_spawned":[2,4,7],"killed_by":"Hexaghost","ascension_level":4}