{"gold_per_floor":[218,218,143,44,44,44,69,69,69,83,83,3,35,35,35,35],"floor_reached":16,"playtime":382,"items_purged":[],"score":188,"play_id":"0ac284a8-a2a8-4e85-bb72-f5e4452bebd3","local_time":"20190913101300","is_ascension_mode":true,"campfire_choices":[{"data":"Bash","floor":6,"key":"SMITH"},{"data":"Panacea","floor":8,"key":"SMITH"},{"floor":11,"key":"REST"},{"floor":15,"key":"REST"}],"neow_cost":"NONE","seed_source_timestamp":94331492921200,"circlet_count":0,"master_deck":["AscendersBane","Strike_R","Strike_R","Strike_R","Strike_R","Defend_R","Defend_R","Defend_R","Defend_R","Bash+1","Panacea+1","Thunderclap","Wild Strike","Metallicize+1","Shrug It Off"],"relics":["Burning Blood","Lantern","Odd Mushroom","Singing Bowl","Bag of Marbles"],"potions_floor_usage":[13,16],"damage_taken":[{"damage":7,"enemies":"Small Slimes","floor":1,"turns":5},{"damage":48,"enemies":"The Mushroom Lair","floor":7,"turns":9},{"damage":8,"enemies":"2 Louse","floor":10,"turns":3},{"damage":36,"enemies":"Lagavulin","floor":13,"turns":7},{"damage":27,"enemies":"The Guardian","floor":16,"turns":14}],"seed_played":"6896968934088025187","potions_obtained":[{"floor":10,"key":"SpeedPotion"},{"floor":13,"key":"Swift Potion"}],"is_trial":false,"path_per_floor":["M","?","?","$","?","R","?","R","T","M","R","$","E","?","R","B"],"character_chosen":"IRONCLAD","items_purchased":["Panacea","Metallicize"],"campfire_rested":2,"item_purchase_floors":[4,12],"current_hp_per_floor":[67,56,56,56,61,61,19,19,19,17,41,41,11,11,35,8],"gold":35,"neow_bonus":"HUNDRED_GOLD","is_prod":false,"is_daily":false,"chose_seed":false,"campfire_upgraded":2,"win_rate":0,"timestamp":1568394780,"path_taken":["M","?","?","$","?","R","?","R","T","?","R","$","E","?","R","BOSS"],"build_version":"2019-07-17","purchased_purges":0,"victory":false,"max_hp_per_floor":[75,75,75,75,80,80,80,80,80,80,80,80,80,80,80,80],"card_choices":[{"not_picked":["Havoc","Heavy Blade","Body Slam"],"picked":"SKIP","floor":1},{"not_picked":["Clash","Sentinel"],"picked":"Thunderclap","floor":7},{"not_picked":["Iron Wave","True Grit"],"picked":"Wild Strike","floor":10},{"not_picked":["Twin Strike","Double Tap"],"picked":"Shrug It Off","floor":13}],"player_experience":733357,"relics_obtained":[{"floor":7,"key":"Odd Mushroom"},{"floor":9,"key":"Singing Bowl"},{"floor":13,"key":"Bag of Marbles"}],"event_choices":[{"damage_healed":0,"gold_gain":0,"player_choice":"Success","damage_taken":11,"relics_obtained":["Lantern"],"max_hp_gain":0,"max_hp_loss":0,"event_name":"Scrap Ooze","floor":2,"gold_loss":0},{"cards_removed":["Strike_R"],"damage_healed":0,"gold_gain":0,"player_choice":"Card Removal","damage_taken":0,"max_hp_gain":0,"max_hp_loss":0,"event_name":"The Cleric","floor":3,"gold_loss":75},{"damage_healed":0,"gold_gain":0,"player_choice":"Donut","damage_taken":0,"max_hp_gain":5,"max_hp_loss":0,"event_name":"Big Fish","floor":5,"gold_loss":0},{"damage_healed":0,"gold_gain":0,"player_choice":"Fought Mushrooms","damage_taken":0,"max_hp_gain":0,"max_hp_loss":0,"event_name":"Mushrooms","floor":7,"gold_loss":0},{"damage_healed":0,"gold_gain":0,"player_choice":"Grow","damage_taken":0,"max_hp_gain":0,"max_hp_loss":0,"event_name":"Living Wall","floor":14,"gold_loss":0,"cards_upgraded":["Metallicize"]}],"is_beta":false,"boss_relics":[],"items_purged_floors":[],"is_endless":false,"potions_floor_spawned":[10,13],"killed_by":"The Guardian","ascension_level":20}