{"gold_per_floor":[118,50,10,28,46,46,22,22,22,22,47,47,47,47,47,149,149,161,161,181,200,220,275,285,384,384,399,399,432,432,448,448,545,545,561,580,627,627,653,685,685,38,38,38,62,77,77,97,97,97],"floor_reached":51,"playtime":3969,"items_purged":[],"score":787,"play_id":"f03152c7-565b-4dd2-b4c0-f5067e4ef173","local_time":"20190905195140","is_ascension_mode":true,"campfire_choices":[{"data":"Flex","floor":6.0,"key":"SMITH"},{"data":"Bloodletting","floor":8.0,"key":"SMITH"},{"data":"Heavy Blade","floor":10.0,"key":"SMITH"},{"data":"Rage","floor":13.0,"key":"SMITH"},{"data":"Cleave","floor":15.0,"key":"SMITH"},{"floor":28.0,"key":"REST"},{"data":"Reaper","floor":30.0,"key":"SMITH"},{"floor":32.0,"key":"REST"},{"floor":41,"key":"REST"},{"data":"Double Tap","floor":49,"key":"SMITH"}],"neow_cost":"PERCENT_DAMAGE","seed_source_timestamp":0,"circlet_count":0,"master_deck":["Strike_R","Strike_R","Strike_R","Strike_R","Strike_R","Defend_R","Defend_R","Defend_R","Defend_R","Bash","Heavy Blade+1","Bloodletting+1","Flex+1","Cleave+1","Shrug It Off","Rage+1","Reaper+1","Iron Wave+1","Shockwave","Pummel+1","Flame Barrier+1","Headbutt","Infernal Blade+1","Heavy Blade","Headbutt+1","Double Tap+1","Sword Boomerang+1","Shrug It Off+1","Seeing Red+1","Sever Soul+1","Whirlwind+1","Spot Weakness+1","Doubt"],"special_seed":0,"relics":["Burning Blood","Happy Flower","Pantograph","Bottled Lightning","Bottled Flame","Mark of Pain","Tiny Chest","Self Forming Clay","Du-Vu Doll","Runic Pyramid","WingedGreaves","Lantern","PreservedInsect","Molten Egg 2","Chemical X","Champion Belt","Orichalcum"],"potions_floor_usage":[34,37,50,50,50],"damage_taken":[{"damage":2.0,"enemies":"2 Louse","floor":1.0,"turns":4.0},{"damage":9.0,"enemies":"Cultist","floor":4.0,"turns":3.0},{"damage":5.0,"enemies":"Jaw Worm","floor":5.0,"turns":5.0},{"damage":18.0,"enemies":"Gremlin Nob","floor":11.0,"turns":3.0},{"damage":1.0,"enemies":"Slime Boss","floor":16.0,"turns":8.0},{"damage":15.0,"enemies":"Spheric Guardian","floor":18.0,"turns":4.0},{"damage":5.0,"enemies":"2 Thieves","floor":20.0,"turns":4.0},{"damage":2.0,"enemies":"Snecko","floor":21.0,"turns":4.0},{"damage":10.0,"enemies":"Centurion and Healer","floor":22.0,"turns":5.0},{"damage":56.0,"enemies":"Book of Stabbing","floor":23.0,"turns":7.0},{"damage":12.0,"enemies":"3 Cultists","floor":24.0,"turns":4.0},{"damage":19.0,"enemies":"Snake Plant","floor":27.0,"turns":2.0},{"damage":15.0,"enemies":"Slavers","floor":29.0,"turns":5.0},{"damage":35.0,"enemies":"Centurion and Healer","floor":31.0,"turns":5.0},{"damage":86.0,"enemies":"Collector","floor":33.0,"turns":11.0},{"damage":28,"enemies":"3 Darklings","floor":35,"turns":5},{"damage":19,"enemies":"Orb Walker","floor":36,"turns":2},{"damage":32,"enemies":"2 Orb Walkers","floor":37,"turns":4},{"damage":45,"enemies":"Giant Head","floor":40,"turns":8},{"damage":12,"enemies":"4 Shapes","floor":46,"turns":2},{"damage":3,"enemies":"Spire Growth","floor":48,"turns":3},{"damage":87,"enemies":"Awakened One","floor":50,"turns":11}],"seed_played":"5546383824068908897","potions_obtained":[{"floor":3.0,"key":"Explosive Potion"},{"floor":3.0,"key":"Fruit Juice"},{"floor":3.0,"key":"Strength Potion"},{"floor":4.0,"key":"Swift Potion"},{"floor":11.0,"key":"Energy Potion"},{"floor":18.0,"key":"Swift Potion"},{"floor":24.0,"key":"Energy Potion"},{"floor":27.0,"key":"Strength Potion"},{"floor":33.0,"key":"Fruit Juice"},{"floor":35,"key":"Strength Potion"},{"floor":36,"key":"SmokeBomb"},{"floor":40,"key":"AttackPotion"},{"floor":48,"key":"Block Potion"}],"is_trial":false,"path_per_floor":["M","$","?","M","M","R","$","R","T","R","E","T","R","T","R","B",null,"M","?","M","M","M","E","M","?","T","M","R","E","R","M","R","B",null,"M","M","?","T","T","E","R","$","T","$","T","M","?","M","R","B",null],"character_chosen":"IRONCLAD","items_purchased":["Bloodletting","Shrug It Off","Sever Soul+1","Whirlwind+1","Chemical X","Champion Belt","Dexterity Potion"],"campfire_rested":3,"item_purchase_floors":[2,7,42,42,42,42,42],"current_hp_per_floor":[76,76,81,78,79,79,79,79,79,79,67,67,67,67,67,97,101,96,96,97,101,101,57,60,60,60,47,77,80,80,56,86,29,106,100,87,61,61,61,39,70,70,70,70,70,64,106,106,106,67],"gold":97,"neow_bonus":"TWENTY_PERCENT_HP_BONUS","is_prod":false,"is_daily":false,"chose_seed":false,"campfire_upgraded":7,"win_rate":0,"timestamp":1567727500,"path_taken":["M","$","?","?","?","R","$","R","T","R","E","?","R","?","R","BOSS","M","?","M","M","M","E","M","?","T","M","R","E","R","M","R","BOSS","M","M","?","?","?","E","R","$","T","$","?","?","?","M","R","BOSS"],"build_version":"2019-07-17","purchased_purges":0,"victory":true,"max_hp_per_floor":[96,96,101,101,101,101,101,101,101,101,101,101,101,101,101,101,101,101,101,101,101,101,101,101,101,101,101,101,101,101,101,101,101,106,106,106,106,106,106,106,106,106,106,106,106,106,106,106,106,106],"card_choices":[{"not_picked":["Spot Weakness","Twin Strike"],"picked":"Heavy Blade","floor":1.0},{"not_picked":["Clothesline","Perfected Strike"],"picked":"Flex","floor":4.0},{"not_picked":["Heavy Blade","Hemokinesis"],"picked":"Cleave","floor":5.0},{"not_picked":["Searing Blow","True Grit"],"picked":"Rage","floor":11.0},{"not_picked":["Berserk","Impervious"],"picked":"Reaper","floor":16.0},{"not_picked":["Power Through+1","Feel No Pain"],"picked":"Iron Wave+1","floor":18.0},{"not_picked":["Clothesline+1","Flex"],"picked":"Pummel+1","floor":20.0},{"not_picked":["Infernal Blade+1","Anger"],"picked":"Flame Barrier+1","floor":21.0},{"not_picked":["Body Slam+1","Bloodletting","Flame Barrier"],"picked":"SKIP","floor":22.0},{"not_picked":["Thunderclap+1","Bloodletting"],"picked":"Headbutt","floor":23.0},{"not_picked":["Clash+1","Fire Breathing"],"picked":"Infernal Blade+1","floor":24.0},{"not_picked":["Rupture","Wild Strike","Entrench"],"picked":"SKIP","floor":27.0},{"not_picked":["Limit Break","Juggernaut"],"picked":"Heavy Blade","floor":29.0},{"not_picked":["Thunderclap","Body Slam"],"picked":"Headbutt+1","floor":31.0},{"not_picked":["Brutality","Bludgeon"],"picked":"Double Tap","floor":33.0},{"not_picked":["Hemokinesis","Heavy Blade+1","Combust+1"],"picked":"SKIP","floor":35},{"not_picked":["Rampage","Perfected Strike+1"],"picked":"Sword Boomerang+1","floor":36},{"not_picked":["Hemokinesis","Clash"],"picked":"Shrug It Off+1","floor":37},{"not_picked":["Carnage+1","Impervious"],"picked":"Seeing Red+1","floor":40},{"not_picked":["Metallicize","Seeing Red"],"picked":"Spot Weakness+1","floor":46},{"not_picked":["Evolve+1","Headbutt+1","Reckless Charge+1"],"picked":"SKIP","floor":48}],"player_experience":307520,"relics_obtained":[{"floor":9.0,"key":"Happy Flower"},{"floor":11.0,"key":"Pantograph"},{"floor":12.0,"key":"Bottled Lightning"},{"floor":14.0,"key":"Bottled Flame"},{"floor":23.0,"key":"Tiny Chest"},{"floor":26.0,"key":"Self Forming Clay"},{"floor":29.0,"key":"Du-Vu Doll"},{"floor":37,"key":"WingedGreaves"},{"floor":38,"key":"Lantern"},{"floor":39,"key":"PreservedInsect"},{"floor":40,"key":"Molten Egg 2"},{"floor":45,"key":"Orichalcum"}],"event_choices":[{"damage_healed":0.0,"max_hp_gain":0.0,"max_hp_loss":0.0,"gold_gain":0.0,"event_name":"The Woman in Blue","player_choice":"Bought 3 Potions","floor":3.0,"gold_loss":0.0,"damage_taken":0.0},{"damage_healed":0.0,"max_hp_gain":0.0,"max_hp_loss":0.0,"gold_gain":0.0,"event_name":"The Library","player_choice":"Read","floor":19.0,"gold_loss":0.0,"damage_taken":0.0,"cards_obtained":["Shockwave"]},{"damage_healed":0.0,"max_hp_gain":0.0,"max_hp_loss":0.0,"gold_gain":99.0,"event_name":"Nest","player_choice":"Stole From Cult","floor":25.0,"gold_loss":0.0,"damage_taken":0.0},{"damage_healed":0,"gold_gain":0,"player_choice":"Fight","damage_taken":0,"max_hp_gain":0,"max_hp_loss":0,"event_name":"Mysterious Sphere","floor":37,"gold_loss":0},{"damage_healed":42,"gold_gain":0,"player_choice":"Heal","damage_taken":0,"max_hp_gain":0,"max_hp_loss":0,"event_name":"MindBloom","floor":47,"gold_loss":0,"cards_obtained":["Doubt"]}],"is_beta":false,"boss_relics":[{"not_picked":["Empty Cage","Sozu"],"picked":"Mark of Pain"},{"not_picked":["Lizard Tail","Tiny House"],"picked":"Runic Pyramid"}],"items_purged_floors":[],"is_endless":false,"potions_floor_spawned":[4,11,18,24,27,33,35,36,40,48],"ascension_level":3}