{"gold_per_floor":[119,194,194,209,219,236,236,249,249,315,5,18,45,57,57,134,134,150,57,57,75,75],"floor_reached":22,"playtime":1996,"items_purged":[],"score":345,"play_id":"696b9d7a-6242-499c-926a-1e1f52533c69","local_time":"20190116211009","is_ascension_mode":true,"campfire_choices":[{"data":"Feed","floor":7,"key":"SMITH"},{"floor":15,"key":"REST"}],"neow_cost":"NONE","seed_source_timestamp":82224465145870,"circlet_count":0,"master_deck":["AscendersBane","Strike_R","Strike_R","Strike_R","Strike_R","Strike_R+1","Defend_R","Defend_R","Defend_R","Defend_R","Bash+1","Feed+1","Headbutt","Flex","Uppercut","Clothesline","Shrug It Off","Combust","Rupture","Demon Form","Feed","True Grit","Panacea","Iron Wave"],"relics":["Burning Blood","Darkstone Periapt","Mummified Hand","Pocketwatch","Busted Crown"],"potions_floor_usage":[8,13,14,16],"damage_taken":[{"damage":2,"enemies":"Small Slimes","floor":1,"turns":4},{"damage":2,"enemies":"Jaw Worm","floor":4,"turns":3},{"damage":3,"enemies":"2 Louse","floor":5,"turns":2},{"damage":11,"enemies":"Blue Slaver","floor":6,"turns":3},{"damage":26,"enemies":"Exordium Wildlife","floor":8,"turns":4},{"damage":20,"enemies":"Lots of Slimes","floor":12,"turns":6},{"damage":16,"enemies":"3 Sentries","floor":13,"turns":4},{"damage":12,"enemies":"Gremlin Gang","floor":14,"turns":3},{"damage":17,"enemies":"The Guardian","floor":16,"turns":9},{"damage":31,"enemies":"3 Byrds","floor":18,"turns":4},{"damage":29,"enemies":"Shell Parasite","floor":21,"turns":5},{"damage":30,"enemies":"Snake Plant","floor":22,"turns":3}],"seed_played":"-4222837057291695283","potions_obtained":[{"floor":4,"key":"SneckoOil"},{"floor":6,"key":"Energy Potion"},{"floor":13,"key":"BloodPotion"},{"floor":14,"key":"PowerPotion"}],"is_trial":false,"path_per_floor":["M","?","?","M","M","M","R","M","T","?","$","M","E","M","R","B",null,"M","$","?","M","M"],"character_chosen":"IRONCLAD","items_purchased":["Shrug It Off","Mummified Hand","Panacea"],"campfire_rested":1,"item_purchase_floors":[11,11,19],"current_hp_per_floor":[75,64,48,52,58,53,53,37,37,37,37,27,21,28,57,50,88,63,63,53,30,0],"gold":75,"neow_bonus":"ONE_RANDOM_RARE_CARD","is_prod":false,"is_daily":false,"chose_seed":false,"campfire_upgraded":1,"win_rate":0,"timestamp":1547701809,"path_taken":["M","?","?","M","M","M","R","M","T","?","?","M","E","?","R","BOSS","M","?","?","M","?"],"build_version":"2019-01-10","purchased_purges":0,"victory":false,"max_hp_per_floor":[78,78,78,78,81,81,81,85,85,85,85,89,93,97,97,101,101,101,101,101,101,101],"card_choices":[{"not_picked":["Thunderclap","Fire Breathing"],"picked":"Headbutt","floor":1},{"not_picked":["Heavy Blade","Headbutt"],"picked":"Flex","floor":4},{"not_picked":["Carnage","Havoc"],"picked":"Uppercut","floor":5},{"not_picked":["Offering","Carnage"],"picked":"Clothesline","floor":6},{"not_picked":["Clothesline","Wild Strike","Thunderclap"],"picked":"SKIP","floor":8},{"not_picked":["Anger","Thunderclap"],"picked":"Combust","floor":12},{"not_picked":["Heavy Blade","Shockwave"],"picked":"Rupture","floor":13},{"not_picked":["Wild Strike","Seeing Red"],"picked":"Demon Form","floor":14},{"not_picked":["Berserk","Barricade"],"picked":"Feed","floor":16},{"not_picked":[],"picked":"True Grit","floor":18},{"not_picked":[],"picked":"Iron Wave","floor":21}],"player_experience":458105,"relics_obtained":[{"floor":9,"key":"Darkstone Periapt"},{"floor":13,"key":"Pocketwatch"}],"event_choices":[{"damage_healed":0,"gold_gain":75,"player_choice":"Gather Gold","damage_taken":11,"max_hp_gain":0,"max_hp_loss":0,"event_name":"World of Goop","floor":2,"gold_loss":0},{"damage_healed":0,"gold_gain":0,"player_choice":"Entered Light","damage_taken":16,"max_hp_gain":0,"max_hp_loss":0,"event_name":"Shining Light","floor":3,"gold_loss":0,"cards_upgraded":["Bash","Strike_R"]},{"damage_healed":0,"gold_gain":66,"player_choice":"Gained Gold","damage_taken":0,"max_hp_gain":0,"max_hp_loss":0,"event_name":"Golden Wing","floor":10,"gold_loss":0},{"damage_healed":0,"gold_gain":0,"player_choice":"","damage_taken":10,"max_hp_gain":0,"max_hp_loss":0,"event_name":"Knowing Skull","floor":20,"potions_obtained":[],"gold_loss":0,"cards_obtained":[]}],"is_beta":false,"boss_relics":[{"not_picked":["Astrolabe","Lizard Tail"],"picked":"Busted Crown"}],"items_purged_floors":[],"is_endless":false,"potions_floor_spawned":[4,6,13,14],"killed_by":"Snake Plant","ascension_level":14}