{"gold_per_floor":[119,119,137,39,39,73,73,84,84,117,117,117,134,163,163,262,262,273,287,18,18,18,18,51,51,51,51,78,98,111,36,36,141,141,159,159,174,274,274,274,301,301,328,348,383,399,118,136,136,136,136,136,36,70,70],"floor_reached":55,"playtime":5229,"items_purged":["Regret","Defend_B","Defend_B"],"score":728,"play_id":"d240094e-2e9d-4ee3-84b0-b6d9bc8d3fbf","local_time":"20190108003907","is_ascension_mode":false,"campfire_choices":[{"floor":7,"key":"RECALL"},{"data":"Blizzard","floor":11,"key":"SMITH"},{"data":"Blizzard","floor":15,"key":"SMITH"},{"data":"Coolheaded","floor":23,"key":"SMITH"},{"data":"Rainbow","floor":27,"key":"SMITH"},{"floor":32,"key":"REST"},{"data":"Biased Cognition","floor":40,"key":"SMITH"},{"data":"Capacitor","floor":42,"key":"SMITH"},{"floor":49,"key":"REST"},{"data":"Chaos","floor":52,"key":"SMITH"}],"neow_cost":"NONE","seed_source_timestamp":402855232264661,"circlet_count":0,"master_deck":["Strike_B","Strike_B+1","Strike_B+1","Defend_B","Zap+1","Dualcast+1","Blizzard+1","Auto Shields","Compile Driver","Storm","Glacier","Blizzard+1","Zap","Leap","Coolheaded+1","Rainbow+1","Redo","Capacitor+1","Chaos+1","Cold Snap","Amplify","Chill","Biased Cognition+1","Chill","Deep Breath","Core Surge","Redo+1","Ball Lightning+1"],"relics":["Cracked Core","NeowsBlessing","Pocketwatch","Happy Flower","Letter Opener","Question Card","Busted Crown","DataDisk","Blue Candle","Omamori","Potion Belt","Orrery","StoneCalendar","Whetstone","Smiling Mask","Girya","Bronze Scales","Bottled Lightning"],"potions_floor_usage":[10,14,16,21,24,33,37,48,54,54,55,55],"damage_taken":[{"damage":0,"enemies":"Jaw Worm","floor":1,"turns":1},{"damage":0,"enemies":"Small Slimes","floor":3,"turns":1},{"damage":0,"enemies":"Gremlin Nob","floor":6,"turns":1},{"damage":1,"enemies":"2 Louse","floor":8,"turns":2},{"damage":6,"enemies":"3 Sentries","floor":10,"turns":10},{"damage":0,"enemies":"Red Slaver","floor":13,"turns":3},{"damage":1,"enemies":"Gremlin Nob","floor":14,"turns":5},{"damage":12,"enemies":"Slime Boss","floor":16,"turns":7},{"damage":0,"enemies":"Spheric Guardian","floor":18,"turns":4},{"damage":4,"enemies":"2 Thieves","floor":19,"turns":3},{"damage":0,"enemies":"Centurion and Healer","floor":21,"turns":1},{"damage":16,"enemies":"Slavers","floor":24,"turns":4},{"damage":14,"enemies":"Gremlin Leader","floor":28,"turns":7},{"damage":18,"enemies":"Snake Plant","floor":29,"turns":4},{"damage":5,"enemies":"Snecko","floor":30,"turns":5},{"damage":26,"enemies":"Champ","floor":33,"turns":10},{"damage":0,"enemies":"3 Shapes","floor":35,"turns":5},{"damage":1,"enemies":"Orb Walker","floor":37,"turns":4},{"damage":19,"enemies":"Mind Bloom Boss Battle","floor":38,"turns":7},{"damage":14,"enemies":"Transient","floor":44,"turns":5},{"damage":26,"enemies":"Giant Head","floor":45,"turns":9},{"damage":0,"enemies":"Maw","floor":46,"turns":6},{"damage":4,"enemies":"3 Darklings","floor":48,"turns":4},{"damage":29,"enemies":"Awakened One","floor":50,"turns":10},{"damage":28,"enemies":"Shield and Spear","floor":54,"turns":5},{"damage":89,"enemies":"The Heart","floor":55,"turns":8}],"seed_played":"-2743452710703369397","potions_obtained":[{"floor":1,"key":"Regen Potion"},{"floor":6,"key":"SmokeBomb"},{"floor":10,"key":"SteroidPotion"},{"floor":13,"key":"Weak Potion"},{"floor":18,"key":"SneckoOil"},{"floor":29,"key":"Poison Potion"},{"floor":33,"key":"GamblersBrew"},{"floor":35,"key":"LiquidBronze"},{"floor":45,"key":"Explosive Potion"},{"floor":54,"key":"Fruit Juice"}],"is_trial":false,"path_per_floor":["M","?","M","$","?","E","R","M","T","E","R","?","M","E","R","B",null,"M","M","$","M","?","R","E","?","T","R","E","M","M","?","R","B",null,"M","?","M","?","?","R","T","R","T","M","E","M","$","M","R","B",null,"R","$","E","B"],"character_chosen":"DEFECT","items_purchased":["Compile Driver","DataDisk","Capacitor","Chaos","Bronze Scales","FocusPotion","PowerPotion"],"campfire_rested":2,"item_purchase_floors":[4,20,20,20,47,47,53],"current_hp_per_floor":[75,75,75,75,60,60,60,59,59,68,68,68,68,67,67,55,75,75,71,71,71,71,71,55,55,55,55,41,23,18,18,40,14,75,75,75,74,55,55,55,55,55,55,41,15,15,15,11,33,4,75,75,75,52,0],"gold":70,"neow_bonus":"THREE_ENEMY_KILL","is_prod":false,"is_daily":false,"chose_seed":false,"campfire_upgraded":7,"win_rate":0,"timestamp":1546936747,"path_taken":["M","?","M","$","?","E","R","M","T","E","R","?","M","E","R","BOSS","M","M","?","M","?","R","E","?","T","R","E","M","?","?","R","BOSS","M","?","M","?","?","R","?","R","T","M","E","M","$","?","R","BOSS","R","$","E","BOSS"],"build_version":"2019-01-03v4","purchased_purges":3,"victory":false,"max_hp_per_floor":[75,75,75,75,75,75,75,75,75,75,75,75,75,75,75,75,75,75,75,75,75,75,75,75,75,75,75,75,75,75,75,75,75,75,75,75,75,75,75,75,75,75,75,75,75,75,75,75,75,75,75,75,75,80,80],"card_choices":[{"not_picked":["Storm","Barrage"],"picked":"Blizzard","floor":1},{"not_picked":["Go for the Eyes","Steam"],"picked":"Auto Shields","floor":3},{"not_picked":["Lockon","Fission"],"picked":"Storm","floor":6},{"not_picked":["Chill","Auto Shields"],"picked":"Glacier","floor":8},{"not_picked":["Turbo","Lockon"],"picked":"Blizzard","floor":10},{"not_picked":["Melter","Beam Cell"],"picked":"Leap","floor":13},{"not_picked":["Stack","Heatsinks"],"picked":"Coolheaded","floor":14},{"not_picked":["Amplify","Fission","Seek"],"picked":"Rainbow","floor":16},{"not_picked":["Stack","Steam+1"],"picked":"SKIP","floor":18},{"not_picked":["Compile Driver"],"picked":"Redo","floor":19},{"not_picked":["BootSequence"],"picked":"Cold Snap","floor":24},{"not_picked":["Gash","Chaos"],"picked":"SKIP","floor":28},{"not_picked":["FTL+1"],"picked":"Amplify","floor":29},{"not_picked":["Redo"],"picked":"Chill","floor":30},{"not_picked":["Meteor Strike"],"picked":"Biased Cognition","floor":33},{"not_picked":["Turbo"],"picked":"Chill","floor":34},{"not_picked":["Gash+1","Compile Driver"],"picked":"SKIP","floor":35},{"not_picked":["Hologram+1","Rebound"],"picked":"SKIP","floor":37},{"not_picked":["Trip"],"picked":"Deep Breath","floor":39},{"not_picked":["Sweeping Beam","Conserve Battery"],"picked":"SKIP","floor":44},{"not_picked":["Gash+1"],"picked":"Core Surge","floor":45},{"not_picked":["Steam"],"picked":"Redo+1","floor":46},{"not_picked":["Compile Driver+1"],"picked":"Ball Lightning+1","floor":48},{"not_picked":["Streamline+1","Beam Cell"],"picked":"SKIP","floor":54}],"player_experience":398063,"relics_obtained":[{"floor":6,"key":"Happy Flower"},{"floor":10,"key":"Letter Opener"},{"floor":14,"key":"Question Card"},{"floor":24,"key":"Blue Candle"},{"floor":26,"key":"Omamori"},{"floor":28,"key":"Potion Belt"},{"floor":38,"key":"StoneCalendar"},{"floor":41,"key":"Whetstone"},{"floor":43,"key":"Smiling Mask"},{"floor":45,"key":"Girya"},{"floor":54,"key":"Bottled Lightning"}],"event_choices":[{"damage_healed":0,"gold_gain":0,"player_choice":"Box","damage_taken":0,"relics_obtained":["Pocketwatch"],"max_hp_gain":0,"max_hp_loss":0,"event_name":"Big Fish","floor":2,"gold_loss":0,"cards_obtained":["Regret"]},{"damage_healed":0,"gold_gain":0,"player_choice":"Entered Light","damage_taken":15,"max_hp_gain":0,"max_hp_loss":0,"event_name":"Shining Light","floor":5,"gold_loss":0,"cards_upgraded":["Zap","Dualcast"]},{"damage_healed":0,"gold_gain":0,"player_choice":"1 cards matched","damage_taken":0,"max_hp_gain":0,"max_hp_loss":0,"event_name":"Match and Keep!","floor":12,"gold_loss":0,"cards_obtained":["Zap"]},{"damage_healed":0,"gold_gain":0,"player_choice":"Ignored","damage_taken":0,"max_hp_gain":0,"max_hp_loss":0,"event_name":"Cursed Tome","floor":25,"gold_loss":0},{"cards_removed":["Strike_B"],"damage_healed":0,"gold_gain":0,"player_choice":"Gave Gold","damage_taken":0,"max_hp_gain":0,"max_hp_loss":0,"event_name":"Beggar","floor":31,"gold_loss":75},{"cards_removed":["Defend_B"],"damage_healed":0,"gold_gain":0,"player_choice":"Removed Skill","damage_taken":0,"max_hp_gain":0,"max_hp_loss":0,"event_name":"Falling","floor":36,"gold_loss":0},{"damage_healed":0,"gold_gain":0,"player_choice":"Fight","damage_taken":0,"max_hp_gain":0,"max_hp_loss":0,"event_name":"MindBloom","floor":38,"gold_loss":0},{"damage_healed":0,"gold_gain":0,"player_choice":"Memory 1","damage_taken":0,"max_hp_gain":0,"max_hp_loss":0,"event_name":"SensoryStone","floor":39,"gold_loss":0}],"is_beta":false,"boss_relics":[{"not_picked":["Tiny House","Empty Cage"],"picked":"Busted Crown"},{"not_picked":["Sozu","Pandora\u0027s Box"],"picked":"Orrery"}],"items_purged_floors":[4,47,53],"is_endless":false,"potions_floor_spawned":[1,6,10,13,18,21,29,33,35,45,54],"killed_by":"The Heart","ascension_level":0}