{"gold_per_floor":[116,131,131,56,56,56,88,88,88,120,120,3,30,57,57,132,132,144,144,163,163],"floor_reached":21,"playtime":438,"items_purged":[],"score":436,"play_id":"056500f4-b038-4104-be30-c0c0f4a3d21e","local_time":"20190911164708","is_ascension_mode":true,"campfire_choices":[{"data":"Pommel Strike","floor":6,"key":"SMITH"},{"data":"Clothesline","floor":8,"key":"SMITH"},{"data":"Spot Weakness","floor":11,"key":"SMITH"},{"data":"Flame Barrier","floor":15,"key":"SMITH"}],"neow_cost":"NONE","seed_source_timestamp":176407381258200,"circlet_count":0,"master_deck":["AscendersBane","Strike_R","Strike_R","Strike_R","Strike_R","Defend_R","Defend_R","Defend_R","Defend_R","Bash+1","Pommel Strike+1","Headbutt","Clothesline+1","Spot Weakness+1","Whirlwind+1","Dropkick+1","Flame Barrier+1","Demon Form","Sword Boomerang+1","Whirlwind+1"],"relics":["Burning Blood","NeowsBlessing","Lantern","Molten Egg 2","Question Card","Bronze Scales","Juzu Bracelet","Runic Dome"],"potions_floor_usage":[10,16],"damage_taken":[{"damage":0,"enemies":"Cultist","floor":1,"turns":1},{"damage":0,"enemies":"2 Louse","floor":2,"turns":2},{"damage":0,"enemies":"3 Sentries","floor":7,"turns":2},{"damage":7,"enemies":"Gremlin Nob","floor":10,"turns":3},{"damage":20,"enemies":"Lagavulin","floor":13,"turns":5},{"damage":38,"enemies":"Slime Boss","floor":16,"turns":9},{"damage":26,"enemies":"Spheric Guardian","floor":18,"turns":5},{"damage":9,"enemies":"Chosen","floor":20,"turns":3},{"damage":26,"enemies":"Centurion and Healer","floor":21,"turns":2}],"seed_played":"-9065186318090276473","potions_obtained":[{"floor":2,"key":"LiquidBronze"},{"floor":7,"key":"Fire Potion"},{"floor":13,"key":"Fire Potion"},{"floor":16,"key":"Ancient Potion"}],"is_trial":false,"path_per_floor":["M","M","?","?","?","R","E","R","T","E","R","$","E","T","R","B",null,"M","?","M","M"],"character_chosen":"IRONCLAD","items_purchased":["Whirlwind+1","Dropkick+1"],"campfire_rested":0,"item_purchase_floors":[12,12],"current_hp_per_floor":[74,75,75,75,75,75,75,75,75,74,74,74,60,60,60,28,63,43,22,19,0],"gold":163,"neow_bonus":"THREE_ENEMY_KILL","is_prod":false,"is_daily":false,"chose_seed":false,"campfire_upgraded":4,"win_rate":0,"timestamp":1568245628,"path_taken":["M","?","?","?","?","R","E","R","T","E","R","?","E","?","R","BOSS","M","?","M","M"],"build_version":"2019-07-17","purchased_purges":0,"victory":false,"max_hp_per_floor":[75,75,75,75,75,75,75,75,75,75,75,75,75,75,75,75,75,75,80,80,80],"card_choices":[{"not_picked":["True Grit","Sword Boomerang"],"picked":"Pommel Strike","floor":1},{"not_picked":["Dropkick","Warcry"],"picked":"Headbutt","floor":2},{"not_picked":["Corruption","Sword Boomerang"],"picked":"Clothesline","floor":7},{"not_picked":["Sword Boomerang+1","Combust"],"picked":"Spot Weakness","floor":10},{"not_picked":["True Grit","Second Wind","Power Through"],"picked":"Flame Barrier","floor":13},{"not_picked":["Impervious","Exhume","Dark Embrace"],"picked":"Demon Form","floor":16},{"not_picked":["Clothesline+1","Pommel Strike+1","Body Slam+1"],"picked":"Sword Boomerang+1","floor":18},{"not_picked":["Thunderclap+1","Warcry","Armaments"],"picked":"Whirlwind+1","floor":20}],"player_experience":667469,"relics_obtained":[{"floor":7,"key":"Lantern"},{"floor":9,"key":"Molten Egg 2"},{"floor":10,"key":"Question Card"},{"floor":13,"key":"Bronze Scales"},{"floor":14,"key":"Juzu Bracelet"}],"event_choices":[{"damage_healed":0,"gold_gain":0,"player_choice":"Grow","damage_taken":0,"max_hp_gain":0,"max_hp_loss":0,"event_name":"Living Wall","floor":3,"gold_loss":0,"cards_upgraded":["Bash"]},{"cards_removed":["Strike_R"],"damage_healed":0,"gold_gain":0,"player_choice":"Card Removal","damage_taken":0,"max_hp_gain":0,"max_hp_loss":0,"event_name":"The Cleric","floor":4,"gold_loss":75},{"damage_healed":0,"gold_gain":0,"player_choice":"Ignored","damage_taken":0,"max_hp_gain":0,"max_hp_loss":0,"event_name":"Liars Game","floor":5,"gold_loss":0},{"damage_healed":0,"gold_gain":0,"player_choice":"Shed Blood","damage_taken":26,"max_hp_gain":5,"max_hp_loss":0,"event_name":"Forgotten Altar","floor":19,"gold_loss":0}],"is_beta":false,"boss_relics":[{"not_picked":["Eternal Feather","Calling Bell"],"picked":"Runic Dome"}],"items_purged_floors":[],"is_endless":false,"potions_floor_spawned":[2,7,13,16,20],"killed_by":"Centurion and Healer","ascension_level":20}