{"gold_per_floor":[112,112,112,126,145,145,164,164,164,164,176,176,209,222,222,317,317,337,352,267,15,15,15],"floor_reached":23,"playtime":1471,"items_purged":["Doubt"],"score":254,"play_id":"d76a6cd6-8fd1-4957-af89-a5824aa31f93","local_time":"20190915145141","is_ascension_mode":true,"campfire_choices":[{"floor":6,"key":"REST"},{"data":"Bash","floor":8,"key":"SMITH"},{"data":"Rampage","floor":10,"key":"SMITH"},{"data":"Flame Barrier","floor":12,"key":"SMITH"},{"floor":15,"key":"REST"}],"neow_cost":"CURSE","seed_source_timestamp":42367235323184,"circlet_count":0,"master_deck":["Defend_R","Defend_R","Defend_R","Defend_R","Bash+1","Sword Boomerang","Pain","Thunderclap","Flame Barrier+1","Rampage+1","Cleave","Armaments","Carnage","Double Tap","Warcry+1","Thunderclap","Bite","Bite","Bite","Bite","Bite"],"relics":["Black Blood","Champion Belt","Shuriken","WarpedTongs","Smiling Mask","Ice Cream","Red Skull","Orichalcum"],"potions_floor_usage":[1,16,23,23],"damage_taken":[{"damage":7,"enemies":"2 Louse","floor":1,"turns":3},{"damage":10,"enemies":"Cultist","floor":4,"turns":4},{"damage":10,"enemies":"Jaw Worm","floor":5,"turns":2},{"damage":9,"enemies":"2 Fungi Beasts","floor":7,"turns":3},{"damage":10,"enemies":"Blue Slaver","floor":11,"turns":3},{"damage":11,"enemies":"Gremlin Nob","floor":13,"turns":4},{"damage":4,"enemies":"Large Slime","floor":14,"turns":4},{"damage":32,"enemies":"Slime Boss","floor":16,"turns":8},{"damage":27,"enemies":"3 Byrds","floor":18,"turns":6},{"damage":35,"enemies":"Shell Parasite","floor":19,"turns":6},{"damage":47,"enemies":"Book of Stabbing","floor":23,"turns":4}],"seed_played":"9114558288015493038","potions_obtained":[{"floor":1,"key":"Fruit Juice"},{"floor":13,"key":"Swift Potion"},{"floor":14,"key":"Explosive Potion"}],"is_trial":false,"path_per_floor":["M","?","?","M","M","R","M","R","T","R","M","R","E","M","R","B",null,"M","M","?","$","?","E"],"character_chosen":"IRONCLAD","items_purchased":["Orichalcum","PowerPotion"],"campfire_rested":2,"item_purchase_floors":[21,21],"current_hp_per_floor":[84,59,59,55,51,76,73,73,73,73,69,69,64,66,85,59,85,68,43,43,43,43,0],"gold":15,"neow_bonus":"ONE_RARE_RELIC","is_prod":false,"is_daily":false,"chose_seed":false,"campfire_upgraded":3,"win_rate":0,"timestamp":1568573501,"path_taken":["M","?","?","M","?","R","M","R","T","R","M","R","E","M","R","BOSS","M","M","?","$","?","E"],"build_version":"2019-07-17","purchased_purges":1,"victory":false,"max_hp_per_floor":[85,85,85,85,85,85,85,85,85,85,85,85,85,85,85,85,85,85,85,85,85,59,59],"card_choices":[{"not_picked":["Havoc","Pummel"],"picked":"Sword Boomerang","floor":1},{"not_picked":["Warcry","Evolve"],"picked":"Thunderclap","floor":4},{"not_picked":["True Grit","Fire Breathing"],"picked":"Flame Barrier","floor":5},{"not_picked":["Wild Strike","Combust"],"picked":"Rampage","floor":7},{"not_picked":["Twin Strike","Clothesline"],"picked":"Cleave","floor":11},{"not_picked":["Cleave","Burning Pact"],"picked":"Armaments","floor":13},{"not_picked":["Uppercut","Flame Barrier"],"picked":"Carnage","floor":14},{"not_picked":["Fiend Fire","Offering"],"picked":"Double Tap","floor":16},{"not_picked":["Anger","Dual Wield+1"],"picked":"Warcry+1","floor":18},{"not_picked":["Perfected Strike","Armaments"],"picked":"Thunderclap","floor":19}],"player_experience":345817,"relics_obtained":[{"floor":9,"key":"Smiling Mask"},{"floor":13,"key":"Ice Cream"}],"event_choices":[{"damage_healed":0,"gold_gain":0,"player_choice":"Success","damage_taken":25,"relics_obtained":["Shuriken"],"max_hp_gain":0,"max_hp_loss":0,"event_name":"Scrap Ooze","floor":2,"gold_loss":0},{"damage_healed":0,"gold_gain":0,"player_choice":"Rummage","damage_taken":0,"relics_obtained":["WarpedTongs"],"max_hp_gain":0,"max_hp_loss":0,"event_name":"Accursed Blacksmith","floor":3,"gold_loss":0,"cards_obtained":["Pain"]},{"damage_healed":0,"gold_gain":0,"player_choice":"Obtained Relic","damage_taken":0,"relics_obtained":["Red Skull"],"max_hp_gain":0,"max_hp_loss":0,"event_name":"Addict","floor":20,"gold_loss":85},{"damage_healed":0,"gold_gain":0,"player_choice":"Became a vampire","damage_taken":0,"max_hp_gain":0,"max_hp_loss":26,"event_name":"Vampires","floor":22,"gold_loss":0,"cards_obtained":["Bite","Bite","Bite","Bite","Bite"]}],"is_beta":false,"boss_relics":[{"not_picked":["Runic Cube","Runic Pyramid"],"picked":"Black Blood"}],"items_purged_floors":[21],"is_endless":false,"potions_floor_spawned":[1,13,14],"killed_by":"Book of Stabbing","ascension_level":4}