{"gold_per_floor":[116,133,19,19,36,36,66,66,66,91,91,120,120,136,136,136],"floor_reached":16,"playtime":874,"items_purged":["Strike_R"],"score":136,"play_id":"ba710832-43f0-40ff-9aa0-49de1086f3bc","local_time":"20190902220358","is_ascension_mode":true,"campfire_choices":[{"data":"Whirlwind","floor":6,"key":"SMITH"},{"floor":11,"key":"REST"},{"floor":13,"key":"REST"},{"floor":15,"key":"REST"}],"neow_cost":"NONE","seed_source_timestamp":140723913905215,"circlet_count":0,"master_deck":["Strike_R","Strike_R","Strike_R","Defend_R","Defend_R","Defend_R","Bash","Pommel Strike","Whirlwind+1","Inflame","Bloodletting","Heavy Blade","Dropkick","Second Wind","Evolve+1","Sentinel"],"relics":["Burning Blood","Boot","Dead Branch","Frozen Egg 2","Bottled Lightning","Blood Vial"],"potions_floor_usage":[10,12,12,16],"damage_taken":[{"damage":11,"enemies":"2 Louse","floor":1,"turns":3},{"damage":13,"enemies":"Jaw Worm","floor":2,"turns":4},{"damage":1,"enemies":"Cultist","floor":5,"turns":3},{"damage":30,"enemies":"3 Sentries","floor":7,"turns":5},{"damage":24,"enemies":"Gremlin Nob","floor":10,"turns":4},{"damage":38,"enemies":"Lagavulin","floor":12,"turns":4},{"damage":11,"enemies":"Blue Slaver","floor":14,"turns":4},{"damage":64,"enemies":"Hexaghost","floor":16,"turns":9}],"seed_played":"7952605071828475157","potions_obtained":[{"floor":5,"key":"SteroidPotion"},{"floor":7,"key":"Poison Potion"},{"floor":10,"key":"Fire Potion"},{"floor":14,"key":"EssenceOfSteel"}],"is_trial":false,"path_per_floor":["M","M","$","?","M","R","E","?","T","E","R","E","R","M","R","B"],"character_chosen":"IRONCLAD","items_purchased":["Inflame"],"campfire_rested":3,"item_purchase_floors":[3],"current_hp_per_floor":[75,68,68,61,66,66,42,42,42,24,48,16,40,37,61,0],"gold":136,"neow_bonus":"RANDOM_COMMON_RELIC","is_prod":false,"is_daily":false,"chose_seed":false,"campfire_upgraded":1,"win_rate":0,"timestamp":1567476238,"path_taken":["M","M","$","?","M","R","E","?","T","E","R","E","R","?","R","BOSS"],"build_version":"2019-07-17","purchased_purges":1,"victory":false,"max_hp_per_floor":[80,80,80,80,80,80,80,80,80,80,80,80,80,80,80,80],"card_choices":[{"not_picked":["True Grit","Body Slam"],"picked":"Pommel Strike","floor":1},{"not_picked":["Cleave","Reckless Charge"],"picked":"Whirlwind","floor":2},{"not_picked":["Wild Strike","Shockwave"],"picked":"Bloodletting","floor":5},{"not_picked":["Perfected Strike","Pommel Strike"],"picked":"Heavy Blade","floor":7},{"not_picked":["Wild Strike","Fiend Fire"],"picked":"Second Wind","floor":10},{"not_picked":["Pummel","Havoc"],"picked":"Evolve+1","floor":12},{"not_picked":["Heavy Blade","Pommel Strike"],"picked":"Sentinel","floor":14}],"player_experience":294844,"relics_obtained":[{"floor":7,"key":"Dead Branch"},{"floor":9,"key":"Frozen Egg 2"},{"floor":10,"key":"Bottled Lightning"},{"floor":12,"key":"Blood Vial"}],"event_choices":[{"cards_removed":["Defend_R"],"damage_healed":0,"gold_gain":0,"player_choice":"Card Removal","damage_taken":7,"max_hp_gain":0,"max_hp_loss":0,"event_name":"Golden Wing","floor":4,"gold_loss":0},{"damage_healed":0,"gold_gain":0,"cards_transformed":["Strike_R"],"player_choice":"Transformed","damage_taken":0,"max_hp_gain":0,"max_hp_loss":0,"event_name":"Transmorgrifier","floor":8,"gold_loss":0,"cards_obtained":["Dropkick"]}],"is_beta":false,"boss_relics":[],"items_purged_floors":[3],"is_endless":false,"potions_floor_spawned":[5,7,10,14],"killed_by":"Hexaghost","ascension_level":3}