{"gold_per_floor":[124,211,223,254,279,321,333,373,385,397,509,535,559,591,603,615],"floor_reached":16,"playtime":1241,"items_purged":[],"score":134,"play_id":"549e8d51-96ab-4843-b593-b50248823953","local_time":"20190908155636","is_ascension_mode":true,"campfire_choices":[{"floor":7,"key":"REST"},{"floor":15,"key":"REST"}],"neow_cost":"NONE","seed_source_timestamp":182476836872184,"circlet_count":0,"master_deck":["Strike_R","Strike_R","Strike_R","Strike_R","Strike_R","Defend_R","Defend_R","Defend_R","Defend_R","Bash","Combust","Pommel Strike","Blood for Blood","Intimidate","Clothesline","Clash"],"relics":["Burning Blood","MawBank","Singing Bowl","Anchor","Bottled Flame"],"potions_floor_usage":[6,8,8,8,14,16],"damage_taken":[{"damage":11,"enemies":"Small Slimes","floor":1,"turns":5},{"damage":17,"enemies":"Jaw Worm","floor":4,"turns":5},{"damage":3,"enemies":"Cultist","floor":5,"turns":3},{"damage":26,"enemies":"3 Sentries","floor":6,"turns":7},{"damage":30,"enemies":"Lagavulin","floor":8,"turns":5},{"damage":12,"enemies":"2 Fungi Beasts","floor":12,"turns":4},{"damage":11,"enemies":"Looter","floor":13,"turns":4},{"damage":11,"enemies":"Exordium Thugs","floor":14,"turns":4},{"damage":49,"enemies":"The Guardian","floor":16,"turns":13}],"seed_played":"-6989690020115656547","potions_obtained":[{"floor":1,"key":"Ancient Potion"},{"floor":3,"key":"SkillPotion"},{"floor":3,"key":"EntropicBrew"},{"floor":8,"key":"Fire Potion"},{"floor":14,"key":"Fire Potion"}],"is_trial":false,"path_per_floor":["M","?","?","M","M","E","R","E","T","?","?","M","M","M","R","B"],"character_chosen":"IRONCLAD","items_purchased":[],"campfire_rested":2,"item_purchase_floors":[],"current_hp_per_floor":[75,64,64,53,56,38,62,38,38,38,38,32,29,24,49,0],"gold":615,"neow_bonus":"RANDOM_COMMON_RELIC","is_prod":false,"is_daily":false,"chose_seed":false,"campfire_upgraded":0,"win_rate":0,"timestamp":1567972596,"path_taken":["M","?","?","?","M","E","R","E","T","?","?","?","M","M","R","BOSS"],"build_version":"2019-07-17","purchased_purges":0,"victory":false,"max_hp_per_floor":[80,80,80,80,80,82,82,82,82,82,82,82,84,84,84,84],"card_choices":[{"not_picked":["Carnage","Cleave"],"picked":"Combust","floor":1},{"not_picked":["Sword Boomerang","True Grit"],"picked":"Pommel Strike","floor":4},{"not_picked":["True Grit","Sword Boomerang"],"picked":"Blood for Blood","floor":5},{"not_picked":["Hemokinesis","Brutality","Body Slam"],"picked":"Singing Bowl","floor":6},{"not_picked":["Entrench","Shrug It Off"],"picked":"Intimidate","floor":8},{"not_picked":["Feel No Pain","Clash"],"picked":"Clothesline","floor":12},{"not_picked":["Cleave","Spot Weakness","Reckless Charge"],"picked":"Singing Bowl","floor":13},{"not_picked":["Heavy Blade","Warcry"],"picked":"Clash","floor":14}],"player_experience":332294,"relics_obtained":[{"floor":6,"key":"Singing Bowl"},{"floor":8,"key":"Anchor"},{"floor":9,"key":"Bottled Flame"}],"event_choices":[{"damage_healed":0,"gold_gain":75,"player_choice":"Gather Gold","damage_taken":11,"max_hp_gain":0,"max_hp_loss":0,"event_name":"World of Goop","floor":2,"gold_loss":0},{"damage_healed":0,"gold_gain":0,"player_choice":"Got Potions","damage_taken":0,"max_hp_gain":0,"max_hp_loss":0,"event_name":"Lab","floor":3,"gold_loss":0},{"damage_healed":0,"gold_gain":0,"player_choice":"Ignored","damage_taken":0,"max_hp_gain":0,"max_hp_loss":0,"event_name":"Shining Light","floor":10,"gold_loss":0},{"damage_healed":0,"gold_gain":100,"player_choice":"Gold","damage_taken":0,"max_hp_gain":0,"max_hp_loss":0,"event_name":"Wheel of Change","floor":11,"gold_loss":0}],"is_beta":false,"boss_relics":[],"items_purged_floors":[],"is_endless":false,"potions_floor_spawned":[1,5,8,14],"killed_by":"The Guardian","ascension_level":4}