{"gold_per_floor":[113,131,148,223,223,251,251,264,264,27,52,68,95,95,95,219,219,232,245,92,105,123,154,154,193,217,236,260,260,260,324,324,450,450,475,490,306,306,306,350,350,388,434,458,791,791,805,349,349,349],"floor_reached":51,"playtime":6385,"items_purged":["Strike_B","Strike_B","Defend_B","Defend_B"],"score":1314,"play_id":"bc7e439e-cd58-42c4-be5c-6349d22f9b73","local_time":"20190101124358","is_ascension_mode":true,"campfire_choices":[{"data":"Defragment","floor":7,"key":"SMITH"},{"data":"Loop","floor":15,"key":"SMITH"},{"data":"Hologram","floor":24,"key":"SMITH"},{"data":"Zap","floor":32,"key":"SMITH"},{"data":"Glacier","floor":46,"key":"SMITH"},{"data":"Dualcast","floor":49,"key":"SMITH"}],"neow_cost":"TEN_PERCENT_HP_LOSS","seed_source_timestamp":0,"circlet_count":0,"master_deck":["Zap+1","Dualcast+1","Hologram+1","Defragment+1","Cold Snap+1","Ball Lightning+1","Glacier+1","Loop+1","Biased Cognition+1","Capacitor","Coolheaded+1","Capacitor","Cold Snap+1","Machine Learning","Biased Cognition+1","Stack+1"],"special_seed":0,"relics":["Cracked Core","Thread and Needle","FossilizedHelix","Pantograph","Membership Card","Bottled Tornado","PreservedInsect","Black Star","Juzu Bracelet","DataDisk","Meat on the Bone","Ornamental Fan","Vajra","Bag of Marbles","Nunchaku","Tiny Chest","Astrolabe","ClockworkSouvenir","Omamori","Dodecahedron","Pear","Art of War","Orichalcum","Whetstone","Letter Opener","Blood Vial","Strange Spoon"],"potions_floor_usage":[6,12,13,18,23,25,25,31,31,36,40,40,50,50,50],"damage_taken":[{"damage":0,"enemies":"Jaw Worm","floor":1,"turns":3},{"damage":0,"enemies":"2 Louse","floor":2,"turns":3},{"damage":0,"enemies":"Cultist","floor":3,"turns":3},{"damage":13,"enemies":"Lagavulin","floor":6,"turns":8},{"damage":0,"enemies":"Exordium Wildlife","floor":8,"turns":5},{"damage":2,"enemies":"3 Sentries","floor":11,"turns":6},{"damage":5,"enemies":"Gremlin Gang","floor":12,"turns":3},{"damage":0,"enemies":"Gremlin Nob","floor":13,"turns":4},{"damage":1,"enemies":"The Guardian","floor":16,"turns":10},{"damage":0,"enemies":"Chosen","floor":18,"turns":5},{"damage":1,"enemies":"Shell Parasite","floor":19,"turns":5},{"damage":6,"enemies":"Shelled Parasite and Fungi","floor":21,"turns":7},{"damage":0,"enemies":"Centurion and Healer","floor":22,"turns":10},{"damage":20,"enemies":"Book of Stabbing","floor":23,"turns":7},{"damage":0,"enemies":"Gremlin Leader","floor":25,"turns":10},{"damage":14,"enemies":"Cultist and Chosen","floor":27,"turns":5},{"damage":0,"enemies":"Snake Plant","floor":28,"turns":6},{"damage":3,"enemies":"Colosseum Slavers","floor":30,"turns":7},{"damage":4,"enemies":"Slavers","floor":31,"turns":5},{"damage":34,"enemies":"Automaton","floor":33,"turns":13},{"damage":5,"enemies":"3 Darklings","floor":35,"turns":7},{"damage":0,"enemies":"3 Shapes","floor":36,"turns":5},{"damage":0,"enemies":"Giant Head","floor":40,"turns":6},{"damage":0,"enemies":"Reptomancer","floor":42,"turns":8},{"damage":0,"enemies":"Writhing Mass","floor":44,"turns":5},{"damage":0,"enemies":"Spire Growth","floor":47,"turns":4},{"damage":0,"enemies":"Awakened One","floor":50,"turns":9}],"seed_played":"-274417348186273858","potions_obtained":[{"floor":3,"key":"Swift Potion"},{"floor":11,"key":"Fire Potion"},{"floor":12,"key":"Strength Potion"},{"floor":13,"key":"Swift Potion"},{"floor":16,"key":"SpeedPotion"},{"floor":22,"key":"EssenceOfSteel"},{"floor":23,"key":"AttackPotion"},{"floor":27,"key":"Fire Potion"},{"floor":33,"key":"AttackPotion"},{"floor":35,"key":"SkillPotion"},{"floor":44,"key":"Weak Potion"}],"is_trial":false,"path_per_floor":["M","M","M","?","?","E","R","M","T","$","E","M","E","?","R","B",null,"M","M","$","M","M","E","R","E","T","M","M","?","?","E","R","B",null,"M","M","$","?","T","E","?","E","T","M","?","R","M","$","R","B",null],"character_chosen":"DEFECT","items_purchased":["Membership Card","Juzu Bracelet","PowerPotion","ClockworkSouvenir","PowerPotion","Letter Opener","Blood Vial","Strange Spoon","FocusPotion","LiquidBronze"],"campfire_rested":0,"item_purchase_floors":[10,20,20,37,37,48,48,48,48,48],"current_hp_per_floor":[68,68,68,57,50,37,37,37,37,37,35,30,30,30,30,54,61,61,60,60,54,54,34,34,34,34,32,32,32,41,37,37,40,57,52,52,52,52,52,62,62,62,62,62,62,62,62,62,62,73],"gold":349,"neow_bonus":"ONE_RARE_RELIC","is_prod":false,"is_daily":false,"chose_seed":false,"campfire_upgraded":6,"win_rate":0,"timestamp":1546375438,"path_taken":["M","M","M","?","?","E","R","M","T","?","E","M","E","?","R","BOSS","M","M","$","M","M","E","R","E","T","M","M","?","?","E","R","BOSS","M","M","$","?","?","E","?","E","T","M","?","R","M","$","R","BOSS"],"build_version":"2018-12-20","purchased_purges":4,"victory":true,"max_hp_per_floor":[68,68,68,68,68,68,68,68,68,68,68,68,68,63,63,63,63,63,63,63,63,63,63,63,63,63,63,63,63,63,63,63,63,63,63,63,63,63,63,73,73,73,73,73,73,73,73,73,73,73],"card_choices":[{"not_picked":["Skim","Conserve Battery"],"picked":"Hologram","floor":1},{"not_picked":["Compile Driver","Undo"],"picked":"Defragment","floor":2},{"not_picked":["Stack","Barrage"],"picked":"Cold Snap","floor":3},{"not_picked":["Redo","Thunder Strike","Rip and Tear"],"picked":"SKIP","floor":6},{"not_picked":["Double Energy","Scrape"],"picked":"Ball Lightning","floor":8},{"not_picked":["Compile Driver","Sweeping Beam","Redo"],"picked":"SKIP","floor":11},{"not_picked":["Streamline","Sunder"],"picked":"Glacier","floor":12},{"not_picked":["Barrage","Hologram"],"picked":"Loop","floor":13},{"not_picked":["Multi-Cast","All For One"],"picked":"Biased Cognition","floor":16},{"not_picked":["Aggregate","Sweeping Beam"],"picked":"Capacitor","floor":18},{"not_picked":["Redo","Tempest+1","Rip and Tear+1"],"picked":"SKIP","floor":19},{"not_picked":["Redo","Reprogram"],"picked":"Coolheaded+1","floor":21},{"not_picked":["Coolheaded+1","Steam+1"],"picked":"Capacitor","floor":22},{"not_picked":["Steam","Turbo","Barrage"],"picked":"SKIP","floor":23},{"not_picked":["Hologram","Barrage","Compile Driver+1"],"picked":"SKIP","floor":25},{"not_picked":["Leap","Loop","Static Discharge"],"picked":"SKIP","floor":27},{"not_picked":["Loop","Glacier","Blizzard"],"picked":"SKIP","floor":28},{"not_picked":["Go for the Eyes","Sunder"],"picked":"Cold Snap+1","floor":31},{"not_picked":["All For One","Creative AI"],"picked":"Machine Learning","floor":33},{"not_picked":["Cold Snap+1","Conserve Battery","Hologram"],"picked":"SKIP","floor":35},{"not_picked":["Coolheaded","Chaos","White Noise"],"picked":"SKIP","floor":36},{"not_picked":["Amplify","BootSequence","Coolheaded"],"picked":"SKIP","floor":40},{"not_picked":["Chill+1","Darkness","Reprogram"],"picked":"SKIP","floor":42},{"not_picked":["Barrage","Beam Cell","Streamline+1"],"picked":"SKIP","floor":44},{"not_picked":["Recycle","Loop","Go for the Eyes"],"picked":"SKIP","floor":47}],"player_experience":310866,"relics_obtained":[{"floor":6,"key":"FossilizedHelix"},{"floor":9,"key":"Pantograph"},{"floor":11,"key":"Bottled Tornado"},{"floor":13,"key":"PreservedInsect"},{"floor":23,"key":"DataDisk"},{"floor":23,"key":"Meat on the Bone"},{"floor":25,"key":"Ornamental Fan"},{"floor":25,"key":"Vajra"},{"floor":26,"key":"Bag of Marbles"},{"floor":31,"key":"Nunchaku"},{"floor":31,"key":"Tiny Chest"},{"floor":39,"key":"Omamori"},{"floor":40,"key":"Dodecahedron"},{"floor":40,"key":"Pear"},{"floor":42,"key":"Art of War"},{"floor":42,"key":"Orichalcum"},{"floor":43,"key":"Whetstone"}],"event_choices":[{"damage_healed":0,"gold_gain":75,"player_choice":"Gather Gold","damage_taken":11,"max_hp_gain":0,"max_hp_loss":0,"event_name":"World of Goop","floor":4,"gold_loss":0},{"cards_removed":["Strike_B"],"damage_healed":0,"gold_gain":0,"player_choice":"Card Removal","damage_taken":7,"max_hp_gain":0,"max_hp_loss":0,"event_name":"Golden Wing","floor":5,"gold_loss":0},{"damage_healed":0,"gold_gain":0,"player_choice":"Lose Max HP","damage_taken":0,"relics_obtained":["Golden Idol"],"max_hp_gain":0,"max_hp_loss":5,"event_name":"Golden Idol","floor":14,"gold_loss":0},{"damage_healed":0,"gold_gain":0,"player_choice":"Upgraded","damage_taken":0,"max_hp_gain":0,"max_hp_loss":0,"event_name":"Upgrade Shrine","floor":29,"gold_loss":0,"cards_upgraded":["Biased Cognition"]},{"damage_healed":0,"gold_gain":0,"player_choice":"Fight","damage_taken":0,"max_hp_gain":0,"max_hp_loss":0,"event_name":"Colosseum","floor":30,"gold_loss":0},{"damage_healed":0,"gold_gain":0,"player_choice":"Fled From Nobs","damage_taken":0,"max_hp_gain":0,"max_hp_loss":0,"event_name":"Colosseum","floor":30,"gold_loss":0},{"cards_removed":["Biased Cognition"],"damage_healed":0,"gold_gain":0,"player_choice":"Removed Power","damage_taken":0,"max_hp_gain":0,"max_hp_loss":0,"event_name":"Falling","floor":38,"gold_loss":0},{"damage_healed":0,"gold_gain":0,"player_choice":"Ignored","damage_taken":0,"max_hp_gain":0,"max_hp_loss":0,"event_name":"Tomb of Lord Red Mask","floor":41,"gold_loss":0},{"damage_healed":0,"gold_gain":333,"player_choice":"Gave Idol","damage_taken":0,"max_hp_gain":0,"max_hp_loss":0,"event_name":"The Moai Head","floor":45,"relics_lost":["Golden Idol"],"gold_loss":0}],"is_beta":false,"boss_relics":[{"not_picked":["White Beast Statue","Sozu"],"picked":"Black Star"},{"not_picked":["Runic Pyramid","Fusion Hammer"],"picked":"Astrolabe"}],"items_purged_floors":[10,20,37,48],"is_endless":false,"potions_floor_spawned":[3,11,12,13,16,22,23,27,30,33,35,44],"ascension_level":8}