{"gold_per_floor":[117,117,117,136,35,68,80,80,103,103,130,144,159,171,171,244,244,263,263,263,263,263,263,290,290,290,319,319,102,121,121,121,194,194,206,206,216,226,241,241,260,271,324,359,359,272,272,27,27,27],"floor_reached":51,"playtime":5397,"items_purged":["Pain","Strike_R+1"],"score":1229,"play_id":"66d4fc7a-195e-4645-8aef-e1c52bf7852a","local_time":"20190116231839","is_ascension_mode":true,"campfire_choices":[{"data":"Clothesline","floor":8,"key":"SMITH"},{"data":"Disarm","floor":10,"key":"SMITH"},{"data":"Flex","floor":15,"key":"SMITH"},{"data":"1","floor":23,"key":"LIFT"},{"data":"2","floor":25,"key":"LIFT"},{"data":"3","floor":28,"key":"LIFT"},{"data":"Fiend Fire","floor":32,"key":"SMITH"},{"data":"Limit Break","floor":40,"key":"SMITH"},{"data":"True Grit","floor":45,"key":"SMITH"},{"data":"Panacea","floor":47,"key":"SMITH"},{"data":"Inflame","floor":49,"key":"SMITH"}],"neow_cost":"NONE","seed_source_timestamp":86508447038237,"circlet_count":0,"master_deck":["AscendersBane","Strike_R+1","Strike_R+1","Strike_R+1","Strike_R+1","Defend_R+1","Defend_R+1","Defend_R+1","Defend_R+1","Bash+1","Disarm+1","Clothesline+1","Sword Boomerang+1","Twin Strike","Brutality","Flex+1","Shrug It Off+1","Cleave","Fiend Fire+1","Shockwave","True Grit+1","Shrug It Off","Limit Break+1","Enlightenment","Infernal Blade","Feed","Panacea+1","Inflame+1"],"relics":["Burning Blood","NeowsBlessing","WarpedTongs","Anchor","Boot","Calipers","Runic Pyramid","Incense Burner","Girya","Red Skull","War Paint","Meat on the Bone","Whetstone","Lee\u0027s Waffle","Coffee Dripper","Dream Catcher","Ornamental Fan"],"potions_floor_usage":[11,13,18,24,27,33,42,50,50],"damage_taken":[{"damage":0,"enemies":"Jaw Worm","floor":1,"turns":1},{"damage":0,"enemies":"2 Louse","floor":4,"turns":1},{"damage":0,"enemies":"Gremlin Nob","floor":6,"turns":1},{"damage":0,"enemies":"Cultist","floor":7,"turns":3},{"damage":6,"enemies":"Lagavulin","floor":11,"turns":5},{"damage":1,"enemies":"Looter","floor":12,"turns":2},{"damage":2,"enemies":"Large Slime","floor":13,"turns":3},{"damage":11,"enemies":"Exordium Thugs","floor":14,"turns":4},{"damage":26,"enemies":"The Guardian","floor":16,"turns":11},{"damage":16,"enemies":"3 Byrds","floor":18,"turns":6},{"damage":17,"enemies":"Gremlin Leader","floor":24,"turns":6},{"damage":45,"enemies":"Slavers","floor":27,"turns":7},{"damage":0,"enemies":"Chosen","floor":30,"turns":3},{"damage":34,"enemies":"Automaton","floor":33,"turns":10},{"damage":6,"enemies":"Orb Walker","floor":35,"turns":2},{"damage":5,"enemies":"3 Darklings","floor":37,"turns":3},{"damage":14,"enemies":"Jaw Worm Horde","floor":38,"turns":3},{"damage":6,"enemies":"Maw","floor":39,"turns":5},{"damage":11,"enemies":"Writhing Mass","floor":41,"turns":5},{"damage":47,"enemies":"4 Shapes","floor":42,"turns":5},{"damage":0,"enemies":"Giant Head","floor":44,"turns":6},{"damage":36,"enemies":"Donu and Deca","floor":50,"turns":7}],"seed_played":"-1128339644107615585","potions_obtained":[{"floor":6,"key":"Energy Potion"},{"floor":7,"key":"AttackPotion"},{"floor":14,"key":"SteroidPotion"},{"floor":16,"key":"SkillPotion"},{"floor":18,"key":"Energy Potion"},{"floor":27,"key":"Block Potion"},{"floor":33,"key":"SteroidPotion"},{"floor":41,"key":"Explosive Potion"},{"floor":42,"key":"Block Potion"}],"is_trial":false,"path_per_floor":["M","?","?","M","$","E","M","R","T","R","E","M","M","M","R","B",null,"M","T","?","?","?","R","E","R","T","E","R","$","M","?","R","B",null,"M","?","M","M","M","R","M","M","T","E","R","$","R","$","R","B",null],"character_chosen":"IRONCLAD","items_purchased":["Sword Boomerang","Lee\u0027s Waffle","True Grit","Panacea","Inflame","Regen Potion"],"campfire_rested":0,"item_purchase_floors":[5,29,29,46,48,48],"current_hp_per_floor":[74,59,59,65,65,71,75,75,75,75,75,75,75,70,70,50,69,59,59,59,59,59,59,48,48,48,21,21,82,82,66,66,50,78,78,78,79,74,74,74,72,43,43,61,61,61,61,61,61,58],"gold":27,"neow_bonus":"THREE_ENEMY_KILL","is_prod":false,"is_daily":false,"chose_seed":false,"campfire_upgraded":8,"win_rate":0,"timestamp":1547709519,"path_taken":["M","?","?","M","$","E","M","R","T","R","E","M","M","M","R","BOSS","M","?","?","?","?","R","E","R","T","E","R","$","?","?","R","BOSS","M","?","M","?","M","R","M","M","T","E","R","$","R","$","R","BOSS"],"build_version":"2019-01-10","purchased_purges":2,"victory":true,"max_hp_per_floor":[75,75,75,75,75,75,75,75,75,75,75,75,75,75,75,75,75,75,75,75,75,75,75,75,75,75,75,75,82,82,87,87,87,87,87,87,87,90,90,90,93,93,93,93,93,93,93,93,93,93],"card_choices":[{"not_picked":["Flex","Pommel Strike"],"picked":"Disarm","floor":1},{"not_picked":["Searing Blow","Body Slam"],"picked":"Clothesline","floor":4},{"not_picked":["Intimidate","Sever Soul"],"picked":"Twin Strike","floor":6},{"not_picked":["Sword Boomerang","Dropkick"],"picked":"Carnage","floor":7},{"not_picked":["Second Wind","Warcry"],"picked":"Brutality","floor":11},{"not_picked":["Wild Strike","Heavy Blade"],"picked":"Flex","floor":12},{"not_picked":["Searing Blow","Heavy Blade"],"picked":"Shrug It Off","floor":13},{"not_picked":["Thunderclap","Havoc"],"picked":"Cleave","floor":14},{"not_picked":["Immolate","Double Tap"],"picked":"Fiend Fire","floor":16},{"not_picked":["Pommel Strike","Armaments","Twin Strike"],"picked":"SKIP","floor":18},{"not_picked":["Fire Breathing","Burning Pact","Headbutt"],"picked":"SKIP","floor":24},{"not_picked":["Warcry","Havoc"],"picked":"Shockwave","floor":27},{"not_picked":["Perfected Strike+1","Bludgeon"],"picked":"Shrug It Off","floor":30},{"not_picked":["Offering","Berserk"],"picked":"Limit Break","floor":33},{"not_picked":["Blood for Blood","Body Slam+1","Shockwave+1"],"picked":"SKIP","floor":35},{"not_picked":["Wild Strike+1","Blood for Blood+1","Clash+1"],"picked":"SKIP","floor":37},{"not_picked":["Iron Wave","Cleave","Clothesline"],"picked":"SKIP","floor":38},{"not_picked":["Heavy Blade","Iron Wave+1","Disarm+1"],"picked":"SKIP","floor":39},{"not_picked":["Iron Wave+1","Anger","Combust"],"picked":"SKIP","floor":41},{"not_picked":["Pommel Strike+1","Clash","Limit Break"],"picked":"SKIP","floor":42},{"not_picked":["Feed","Iron Wave","Twin Strike"],"picked":"SKIP","floor":44}],"player_experience":462104,"relics_obtained":[{"floor":6,"key":"Anchor"},{"floor":9,"key":"Boot"},{"floor":11,"key":"Calipers"},{"floor":19,"key":"Incense Burner"},{"floor":24,"key":"War Paint"},{"floor":26,"key":"Meat on the Bone"},{"floor":27,"key":"Whetstone"},{"floor":43,"key":"Dream Catcher"},{"floor":44,"key":"Ornamental Fan"}],"event_choices":[{"damage_healed":0,"gold_gain":0,"player_choice":"Entered Light","damage_taken":15,"max_hp_gain":0,"max_hp_loss":0,"event_name":"Shining Light","floor":2,"gold_loss":0,"cards_upgraded":["Defend_R","Strike_R"]},{"damage_healed":0,"gold_gain":0,"player_choice":"Rummage","damage_taken":0,"relics_obtained":["WarpedTongs"],"max_hp_gain":0,"max_hp_loss":0,"event_name":"Accursed Blacksmith","floor":3,"gold_loss":0,"cards_obtained":["Pain"]},{"damage_healed":0,"gold_gain":0,"player_choice":"Simplicity","damage_taken":0,"max_hp_gain":0,"max_hp_loss":0,"event_name":"Back to Basics","floor":20,"gold_loss":0,"cards_upgraded":["Strike_R","Strike_R","Strike_R","Strike_R","Defend_R","Defend_R","Defend_R"]},{"damage_healed":0,"gold_gain":0,"player_choice":"Opened","damage_taken":0,"relics_obtained":["Girya"],"max_hp_gain":0,"max_hp_loss":0,"event_name":"The Mausoleum","floor":21,"gold_loss":0},{"cards_removed":["Carnage"],"damage_healed":0,"gold_gain":0,"player_choice":"Gave Card","damage_taken":0,"relics_obtained":["Red Skull"],"max_hp_gain":0,"max_hp_loss":0,"event_name":"WeMeetAgain","floor":22,"gold_loss":0},{"damage_healed":0,"gold_gain":0,"player_choice":"Shed Blood","damage_taken":21,"max_hp_gain":5,"max_hp_loss":0,"event_name":"Forgotten Altar","floor":31,"gold_loss":0},{"damage_healed":0,"gold_gain":0,"player_choice":"3 cards matched","damage_taken":0,"max_hp_gain":0,"max_hp_loss":0,"event_name":"Match and Keep!","floor":36,"gold_loss":0,"cards_obtained":["Enlightenment","Infernal Blade","Feed"]}],"is_beta":false,"boss_relics":[{"not_picked":["Calling Bell","Lizard Tail"],"picked":"Runic Pyramid"},{"not_picked":["Mark of Pain","Cursed Key"],"picked":"Coffee Dripper"}],"items_purged_floors":[5,48],"is_endless":false,"potions_floor_spawned":[6,7,14,16,18,27,33,41,42],"ascension_level":14}