{"gold_per_floor":[215,10,30,47,62,62,95,95,95,123,123,123,144,162,162,261,261,274,293,66,66,66,66,98,98,98,98,113,113,22,36,36,134,134,151,164,179,179],"floor_reached":38,"playtime":7674,"items_purged":["Strike_G","Strike_G"],"score":494,"play_id":"4c2dd65e-b8d8-409b-a5b5-571f8aa1da24","local_time":"20190818013227","is_ascension_mode":true,"campfire_choices":[{"data":"Noxious Fumes","floor":6.0,"key":"SMITH"},{"data":"Footwork","floor":8.0,"key":"SMITH"},{"data":"Caltrops","floor":12.0,"key":"SMITH"},{"floor":15.0,"key":"REST"},{"data":"Noxious Fumes","floor":23,"key":"SMITH"},{"data":"All Out Attack","floor":25,"key":"SMITH"},{"data":"Bullet Time","floor":29,"key":"SMITH"},{"data":"After Image","floor":32,"key":"SMITH"}],"neow_cost":"NONE","seed_source_timestamp":0,"circlet_count":0,"master_deck":["Defend_G","Defend_G","Defend_G","Survivor","Neutralize","Predator","PiercingWail","Caltrops+1","Dodge and Roll","Footwork+1","Noxious Fumes+1","After Image+1","All Out Attack+1","Expertise","Malaise","Bouncing Flask","Bullet Time+1","Flying Knee+1","Noxious Fumes+1","Dagger Spray","After Image","Bite","Bite","Bite","Bite","Backflip","Dramatic Entrance","Riddle With Holes","Bouncing Flask","Adrenaline","Night Terror","Unload+1","Dash+1","Good Instincts+1","Footwork","Dash+1"],"special_seed":0,"relics":["Ring of the Snake","Kunai","Bottled Tornado","PreservedInsect","Odd Mushroom","Philosopher\u0027s Stone","Happy Flower","Ninja Scroll","Astrolabe"],"potions_floor_usage":[24,28,33,35,37,37],"damage_taken":[{"damage":2.0,"enemies":"2 Louse","floor":1.0,"turns":4.0},{"damage":0.0,"enemies":"Jaw Worm","floor":3.0,"turns":5.0},{"damage":3.0,"enemies":"Small Slimes","floor":4.0,"turns":3.0},{"damage":2.0,"enemies":"Red Slaver","floor":5.0,"turns":6.0},{"damage":15.0,"enemies":"3 Sentries","floor":7.0,"turns":6.0},{"damage":1.0,"enemies":"Lagavulin","floor":10.0,"turns":8.0},{"damage":13.0,"enemies":"The Mushroom Lair","floor":13.0,"turns":4.0},{"damage":3.0,"enemies":"Blue Slaver","floor":14.0,"turns":4.0},{"damage":7.0,"enemies":"Hexaghost","floor":16.0,"turns":9.0},{"damage":0.0,"enemies":"3 Byrds","floor":18.0,"turns":2.0},{"damage":6.0,"enemies":"Shell Parasite","floor":19.0,"turns":5.0},{"damage":6,"enemies":"Gremlin Leader","floor":24,"turns":6},{"damage":5,"enemies":"Snecko","floor":28,"turns":6},{"damage":2,"enemies":"3 Cultists","floor":31,"turns":5},{"damage":2,"enemies":"Automaton","floor":33,"turns":9},{"damage":0,"enemies":"Orb Walker","floor":35,"turns":3},{"damage":31,"enemies":"3 Darklings","floor":36,"turns":4},{"damage":16,"enemies":"4 Shapes","floor":37,"turns":6},{"damage":35,"enemies":"Jaw Worm Horde","floor":38,"turns":3}],"seed_played":"295958627751584689","potions_obtained":[{"floor":4.0,"key":"AttackPotion"},{"floor":13.0,"key":"Weak Potion"},{"floor":14.0,"key":"SpeedPotion"},{"floor":19.0,"key":"Regen Potion"},{"floor":24,"key":"SpeedPotion"},{"floor":28,"key":"Ancient Potion"},{"floor":33,"key":"Block Potion"},{"floor":35,"key":"Strength Potion"}],"is_trial":false,"path_per_floor":["M","$","M","M","M","R","E","R","T","E","?","R","?","M","R","B",null,"M","M","$","?","?","R","E","R","T","?","M","R","$","M","R","B",null,"M","M","M","M"],"character_chosen":"THE_SILENT","items_purchased":["PiercingWail","Caltrops","Noxious Fumes","Dagger Spray","Bouncing Flask","Strength Potion"],"campfire_rested":1,"item_purchase_floors":[2,2,20,20,30,30],"current_hp_per_floor":[68,68,68,65,63,63,48,48,48,47,47,47,34,31,52,45,70,70,64,64,64,49,49,47,47,47,35,40,40,40,46,46,49,49,49,22,22,0],"gold":179,"neow_bonus":"HUNDRED_GOLD","is_prod":false,"is_daily":false,"chose_seed":false,"campfire_upgraded":7,"win_rate":0,"timestamp":1566106347,"path_taken":["M","$","M","M","M","R","E","R","T","E","?","R","?","M","R","BOSS","M","M","$","?","?","R","E","R","T","?","M","R","$","?","R","BOSS","M","M","M","M"],"build_version":"2019-07-17","purchased_purges":2,"victory":false,"max_hp_per_floor":[70,70,70,70,70,70,70,70,70,70,70,70,70,70,70,70,70,70,70,70,70,49,49,49,49,49,49,49,49,49,49,49,49,49,49,49,49,49],"card_choices":[{"not_picked":["Backflip","Slice"],"picked":"Predator","floor":1.0},{"not_picked":["Flying Knee","Expertise"],"picked":"Dodge and Roll","floor":3.0},{"not_picked":["Outmaneuver","Infinite Blades"],"picked":"Footwork","floor":4.0},{"not_picked":["Slice","Heel Hook"],"picked":"Noxious Fumes","floor":5.0},{"not_picked":["Poisoned Stab","Bane"],"picked":"After Image","floor":7.0},{"not_picked":["Deadly Poison","Prepared"],"picked":"All Out Attack","floor":10.0},{"not_picked":["Poisoned Stab","Distraction"],"picked":"Malaise","floor":13.0},{"not_picked":["Escape Plan","Expertise"],"picked":"Bouncing Flask","floor":14.0},{"not_picked":["Doppelganger","Glass Knife"],"picked":"Bullet Time","floor":16.0},{"not_picked":["Blade Dance","Dagger Throw","Distraction"],"picked":"SKIP","floor":18.0},{"not_picked":["Prepared","Cloak And Dagger"],"picked":"Flying Knee+1","floor":19.0},{"not_picked":["Deflect","Acrobatics+1"],"picked":"Backflip","floor":24},{"not_picked":["Prepared+1","Poisoned Stab"],"picked":"Riddle With Holes","floor":28},{"not_picked":["Flying Knee","PiercingWail"],"picked":"Adrenaline","floor":31},{"not_picked":["Burst","Venomology"],"picked":"Night Terror","floor":33},{"not_picked":["Backflip+1","Dagger Spray+1"],"picked":"Footwork","floor":35},{"not_picked":["Dagger Spray","Slice"],"picked":"Dash+1","floor":36},{"not_picked":["Eviscerate","Outmaneuver","Backflip"],"picked":"SKIP","floor":37}],"player_experience":129351,"relics_obtained":[{"floor":7.0,"key":"Kunai"},{"floor":9.0,"key":"Bottled Tornado"},{"floor":10.0,"key":"PreservedInsect"},{"floor":13.0,"key":"Odd Mushroom"},{"floor":24,"key":"Happy Flower"},{"floor":26,"key":"Ninja Scroll"}],"event_choices":[{"damage_healed":0.0,"max_hp_gain":0.0,"max_hp_loss":0.0,"gold_gain":0.0,"cards_transformed":["Strike_G"],"event_name":"Living Wall","player_choice":"Change","floor":11.0,"gold_loss":0.0,"damage_taken":0.0,"cards_obtained":["Expertise"]},{"damage_healed":0.0,"max_hp_gain":0.0,"max_hp_loss":0.0,"gold_gain":0.0,"event_name":"Mushrooms","player_choice":"Fought Mushrooms","floor":13.0,"gold_loss":0.0,"damage_taken":0.0},{"damage_healed":0,"gold_gain":0,"player_choice":"Read","damage_taken":0,"max_hp_gain":0,"max_hp_loss":0,"event_name":"The Library","floor":21,"gold_loss":0,"cards_obtained":["After Image"]},{"damage_healed":0,"gold_gain":0,"player_choice":"Became a vampire","damage_taken":0,"max_hp_gain":0,"max_hp_loss":21,"event_name":"Vampires","floor":22,"gold_loss":0,"cards_obtained":["Bite","Bite","Bite","Bite","Bite"]},{"damage_healed":0,"gold_gain":0,"player_choice":"CARD ","damage_taken":12,"max_hp_gain":0,"max_hp_loss":0,"event_name":"Knowing Skull","floor":27,"potions_obtained":[],"gold_loss":0,"cards_obtained":["Dramatic Entrance"]}],"is_beta":false,"boss_relics":[{"not_picked":["Tiny House","Calling Bell"],"picked":"Philosopher\u0027s Stone"},{"not_picked":["Empty Cage","Cursed Key"],"picked":"Astrolabe"}],"items_purged_floors":[2,20],"is_endless":false,"potions_floor_spawned":[4,13,14,19,24,28,33,35],"killed_by":"Jaw Worm Horde","ascension_level":2}