{"gold_per_floor":[16,33,46,46,58,90,90,165,165,165,165,199,222,245,257,269],"floor_reached":16,"playtime":556,"items_purged":[],"score":249,"play_id":"e62f1a58-48b0-418b-b9cd-62753915c50e","local_time":"20190911184152","is_ascension_mode":true,"campfire_choices":[{"data":"Armaments","floor":7,"key":"SMITH"},{"data":"Feed","floor":11,"key":"SMITH"},{"data":"Clothesline","floor":15,"key":"SMITH"}],"neow_cost":"NO_GOLD","seed_source_timestamp":183174263058600,"circlet_count":0,"master_deck":["AscendersBane","Strike_R","Strike_R","Strike_R","Strike_R","Strike_R","Defend_R","Defend_R","Defend_R","Defend_R","Bash+1","Headbutt","Evolve","Iron Wave","Armaments+1","Feed+1","Regret","Clothesline+1"],"relics":["Burning Blood","Blue Candle","Gremlin Horn","Sundial","MawBank"],"potions_floor_usage":[6,12,14],"damage_taken":[{"damage":4,"enemies":"Small Slimes","floor":1,"turns":4},{"damage":8,"enemies":"2 Louse","floor":2,"turns":3},{"damage":4,"enemies":"Jaw Worm","floor":3,"turns":5},{"damage":6,"enemies":"2 Fungi Beasts","floor":5,"turns":4},{"damage":15,"enemies":"3 Sentries","floor":6,"turns":9},{"damage":25,"enemies":"Gremlin Nob","floor":12,"turns":4},{"damage":5,"enemies":"3 Louse","floor":13,"turns":4},{"damage":20,"enemies":"Large Slime","floor":14,"turns":5},{"damage":40,"enemies":"Hexaghost","floor":16,"turns":9}],"seed_played":"7888834860238832526","potions_obtained":[{"floor":1,"key":"GamblersBrew"},{"floor":2,"key":"Poison Potion"},{"floor":3,"key":"Fire Potion"},{"floor":13,"key":"Strength Potion"}],"is_trial":false,"path_per_floor":["M","M","M","?","M","E","R","?","T","?","R","E","M","M","R","B"],"character_chosen":"IRONCLAD","items_purchased":[],"campfire_rested":0,"item_purchase_floors":[],"current_hp_per_floor":[84,82,84,84,84,75,75,64,64,64,64,45,50,40,40,0],"gold":269,"neow_bonus":"TWENTY_PERCENT_HP_BONUS","is_prod":false,"is_daily":false,"chose_seed":false,"campfire_upgraded":3,"win_rate":0,"timestamp":1568252512,"path_taken":["M","M","M","?","M","E","R","?","T","?","R","E","?","M","R","BOSS"],"build_version":"2019-07-17","purchased_purges":0,"victory":false,"max_hp_per_floor":[89,89,89,89,89,89,89,89,89,89,89,89,93,97,97,97],"card_choices":[{"not_picked":["Whirlwind","Body Slam"],"picked":"Headbutt","floor":1},{"not_picked":["Bloodletting","Shockwave"],"picked":"Evolve","floor":2},{"not_picked":["Spot Weakness","Barricade"],"picked":"Iron Wave","floor":3},{"not_picked":["Blood for Blood","Sword Boomerang"],"picked":"Armaments","floor":5},{"not_picked":["Clash","Uppercut"],"picked":"Feed","floor":6},{"not_picked":["Thunderclap","Carnage","Hemokinesis"],"picked":"SKIP","floor":12},{"not_picked":["Warcry","Sword Boomerang","Searing Blow"],"picked":"SKIP","floor":13},{"not_picked":["Headbutt","Clash"],"picked":"Clothesline","floor":14}],"player_experience":673854,"relics_obtained":[{"floor":6,"key":"Blue Candle"},{"floor":9,"key":"Gremlin Horn"},{"floor":12,"key":"MawBank"}],"event_choices":[{"damage_healed":0,"gold_gain":0,"player_choice":"Grow","damage_taken":0,"max_hp_gain":0,"max_hp_loss":0,"event_name":"Living Wall","floor":4,"gold_loss":0,"cards_upgraded":["Bash"]},{"damage_healed":0,"gold_gain":75,"player_choice":"Gather Gold","damage_taken":11,"max_hp_gain":0,"max_hp_loss":0,"event_name":"World of Goop","floor":8,"gold_loss":0},{"damage_healed":0,"gold_gain":0,"player_choice":"Box","damage_taken":0,"relics_obtained":["Sundial"],"max_hp_gain":0,"max_hp_loss":0,"event_name":"Big Fish","floor":10,"gold_loss":0,"cards_obtained":["Regret"]}],"is_beta":false,"boss_relics":[],"items_purged_floors":[],"is_endless":false,"potions_floor_spawned":[1,2,3,13],"killed_by":"Hexaghost","ascension_level":20}