{"gold_per_floor":[13,13,26,42,42,80,105,128,128,166,15,15,35,76,76,171,171,189,189,207,25,50,50,73,73,73,73,123,143,186,101,101,101],"floor_reached":33,"playtime":1165,"items_purged":["Strike_R"],"score":599,"play_id":"bfd05d09-b150-4505-8051-8a906065263b","local_time":"20190912095457","is_ascension_mode":true,"campfire_choices":[{"data":"Bash","floor":12.0,"key":"SMITH"},{"data":"Metallicize","floor":15.0,"key":"SMITH"},{"data":"Berserk","floor":23,"key":"SMITH"},{"floor":25,"key":"REST"},{"data":"Disarm","floor":27,"key":"SMITH"},{"floor":32,"key":"REST"}],"neow_cost":"NO_GOLD","seed_source_timestamp":6035548342700,"circlet_count":0,"master_deck":["AscendersBane","Strike_R","Strike_R","Strike_R","Strike_R","Defend_R","Defend_R","Defend_R","Defend_R","Bash+1","Immolate","Wild Strike","Spot Weakness","Impervious","Reckless Charge","Ghostly Armor","Metallicize+1","Ghostly Armor","Body Slam","Battle Trance","Berserk+1","Body Slam+1","Evolve","Disarm+1","Shrug It Off","Disarm","Parasite","Pummel","Reckless Charge"],"special_seed":0,"relics":["Burning Blood","Golden Idol","Mango","Mercury Hourglass","Ancient Tea Set","Thread and Needle","Cursed Key","Vajra","Calipers","Prayer Wheel","Pear"],"potions_floor_usage":[16,33],"damage_taken":[{"damage":0.0,"enemies":"2 Louse","floor":1.0,"turns":1.0},{"damage":1.0,"enemies":"Cultist","floor":3.0,"turns":3.0},{"damage":12.0,"enemies":"Jaw Worm","floor":4.0,"turns":2.0},{"damage":32.0,"enemies":"Lagavulin","floor":6.0,"turns":7.0},{"damage":11.0,"enemies":"Large Slime","floor":7.0,"turns":5.0},{"damage":0.0,"enemies":"Lots of Slimes","floor":8.0,"turns":2.0},{"damage":26.0,"enemies":"Gremlin Nob","floor":10.0,"turns":4.0},{"damage":13.0,"enemies":"Blue Slaver","floor":13.0,"turns":4.0},{"damage":27.0,"enemies":"Lagavulin","floor":14.0,"turns":8.0},{"damage":11,"enemies":"The Guardian","floor":16,"turns":14},{"damage":9,"enemies":"3 Byrds","floor":18,"turns":4},{"damage":21,"enemies":"Shell Parasite","floor":20,"turns":5},{"damage":33,"enemies":"Sentry and Sphere","floor":22,"turns":8},{"damage":13,"enemies":"Shelled Parasite and Fungi","floor":24,"turns":6},{"damage":0,"enemies":"3 Cultists","floor":29,"turns":4},{"damage":25,"enemies":"Gremlin Leader","floor":30,"turns":8},{"damage":80,"enemies":"Collector","floor":33,"turns":8}],"seed_played":"-7199280328991400292","potions_obtained":[{"floor":1.0,"key":"SpeedPotion"},{"floor":7.0,"key":"EssenceOfSteel"},{"floor":13.0,"key":"Block Potion"},{"floor":14.0,"key":"Regen Potion"},{"floor":18,"key":"Block Potion"},{"floor":22,"key":"SpeedPotion"},{"floor":29,"key":"SteroidPotion"}],"is_trial":false,"path_per_floor":["M","?","M","M","?","E","M","M","T","E","$","R","M","E","R","B",null,"M","?","M","$","M","R","M","R","T","R","?","M","E","?","R","B"],"character_chosen":"IRONCLAD","items_purchased":["Ghostly Armor","Evolve","Disarm","Shrug It Off"],"campfire_rested":2,"item_purchase_floors":[11,21,21,21],"current_hp_per_floor":[74,48,53,47,72,60,55,61,61,41,41,41,34,13,13,23,73,70,70,55,55,28,28,21,47,47,47,47,53,34,44,73,0],"gold":101,"neow_bonus":"THREE_RARE_CARDS","is_prod":false,"is_daily":false,"chose_seed":false,"campfire_upgraded":4,"win_rate":0,"timestamp":1568307297,"path_taken":["M","?","M","M","?","E","M","M","T","E","$","R","M","E","R","BOSS","M","?","M","$","?","R","M","R","T","R","?","M","E","?","R","BOSS"],"build_version":"2019-07-17","purchased_purges":1,"victory":false,"max_hp_per_floor":[75,75,75,75,75,89,89,89,89,89,89,89,89,89,89,89,89,89,89,89,89,89,89,89,89,89,89,89,89,89,99,99,99],"card_choices":[{"not_picked":["Exhume","Dark Embrace"],"picked":"Immolate","floor":0.0},{"not_picked":["Entrench","Blood for Blood","Clash"],"picked":"SKIP","floor":1.0},{"not_picked":["Twin Strike","Headbutt"],"picked":"Wild Strike","floor":3.0},{"not_picked":["Headbutt","Flex"],"picked":"Spot Weakness","floor":4.0},{"not_picked":["Warcry","Pommel Strike"],"picked":"Impervious","floor":6.0},{"not_picked":["True Grit","Flex"],"picked":"Reckless Charge","floor":7.0},{"not_picked":["Iron Wave","Combust"],"picked":"Ghostly Armor","floor":8.0},{"not_picked":["Headbutt","Clothesline"],"picked":"Metallicize","floor":10.0},{"not_picked":["Twin Strike","Blood for Blood"],"picked":"Body Slam","floor":13.0},{"not_picked":["Pommel Strike","Combust"],"picked":"Battle Trance","floor":14.0},{"not_picked":["Impervious","Brutality"],"picked":"Berserk","floor":16},{"not_picked":["Cleave","Feel No Pain"],"picked":"Body Slam+1","floor":18},{"not_picked":["Headbutt","Bloodletting","True Grit"],"picked":"SKIP","floor":20},{"not_picked":["True Grit","Blood for Blood+1"],"picked":"Disarm","floor":22},{"not_picked":["Fire Breathing","Entrench","Rampage"],"picked":"SKIP","floor":24},{"not_picked":["Clash","Havoc"],"picked":"Pummel","floor":29},{"not_picked":["Sever Soul","Seeing Red"],"picked":"Reckless Charge","floor":30}],"player_experience":698222,"relics_obtained":[{"floor":6.0,"key":"Mango"},{"floor":9.0,"key":"Mercury Hourglass"},{"floor":10.0,"key":"Ancient Tea Set"},{"floor":14.0,"key":"Thread and Needle"},{"floor":26,"key":"Calipers"},{"floor":30,"key":"Prayer Wheel"}],"event_choices":[{"damage_healed":0.0,"max_hp_gain":0.0,"max_hp_loss":0.0,"gold_gain":0.0,"event_name":"Golden Idol","player_choice":"Take Damage","floor":2.0,"gold_loss":0.0,"damage_taken":26.0,"relics_obtained":["Golden Idol"]},{"damage_healed":25.0,"max_hp_gain":0.0,"max_hp_loss":0.0,"gold_gain":0.0,"event_name":"Big Fish","player_choice":"Banana","floor":5.0,"gold_loss":0.0,"damage_taken":0.0},{"damage_healed":0,"gold_gain":0,"player_choice":"Gave Potion","damage_taken":0,"relics_obtained":["Vajra"],"max_hp_gain":0,"max_hp_loss":0,"event_name":"WeMeetAgain","floor":19,"gold_loss":0},{"damage_healed":0,"gold_gain":50,"player_choice":"Stole From Cult","damage_taken":0,"max_hp_gain":0,"max_hp_loss":0,"event_name":"Nest","floor":28,"gold_loss":0},{"damage_healed":0,"gold_gain":0,"player_choice":"Obtained Relic","damage_taken":0,"relics_obtained":["Pear"],"max_hp_gain":0,"max_hp_loss":0,"event_name":"Addict","floor":31,"gold_loss":85}],"is_beta":false,"boss_relics":[{"not_picked":["Runic Cube","Pandora\u0027s Box"],"picked":"Cursed Key"}],"items_purged_floors":[11],"is_endless":false,"potions_floor_spawned":[1,7,13,14,18,22,29],"killed_by":"Collector","ascension_level":20}