{"gold_per_floor":[115,40,40,58,68,68,83,83,83,108,3,3,28,28,28,129,129,143,143,143,154,154,180,180,199,199,199,199],"floor_reached":28,"playtime":1991,"items_purged":["Clumsy"],"score":388,"play_id":"8b0fc78d-31eb-4a7d-bd3f-c2a2efbdb45f","local_time":"20190108223753","is_ascension_mode":true,"campfire_choices":[{"data":"Infernal Blade","floor":6,"key":"SMITH"},{"data":"Anger","floor":8,"key":"SMITH"},{"data":"Spot Weakness","floor":12,"key":"SMITH"},{"data":"Bash","floor":15,"key":"SMITH"},{"data":"Demon Form","floor":27,"key":"SMITH"}],"neow_cost":"CURSE","seed_source_timestamp":427795937527755,"circlet_count":0,"master_deck":["AscendersBane","Defend_R","Defend_R+1","Defend_R+1","Bash+1","Pommel Strike","Sword Boomerang","Infernal Blade+1","Anger+1","Spot Weakness+1","Shrug It Off","Twin Strike","Berserk","Demon Form+1","Sword Boomerang+1","Bite","Bite","Bite","Bite","Bite","True Grit+1","Warcry","Shrug It Off"],"relics":["Burning Blood","StoneCalendar","Pantograph","Odd Mushroom","Thread and Needle","Sozu","Bag of Marbles","Kunai"],"potions_floor_usage":[16,25],"damage_taken":[{"damage":17,"enemies":"Small Slimes","floor":1,"turns":4},{"damage":8,"enemies":"Jaw Worm","floor":4,"turns":4},{"damage":0,"enemies":"2 Louse","floor":5,"turns":4},{"damage":5,"enemies":"Large Slime","floor":7,"turns":6},{"damage":16,"enemies":"The Mushroom Lair","floor":10,"turns":4},{"damage":11,"enemies":"Lagavulin","floor":13,"turns":6},{"damage":34,"enemies":"The Guardian","floor":16,"turns":10},{"damage":9,"enemies":"Chosen","floor":18,"turns":5},{"damage":43,"enemies":"Colosseum Slavers","floor":19,"turns":4},{"damage":7,"enemies":"Spheric Guardian","floor":21,"turns":3},{"damage":33,"enemies":"Gremlin Leader","floor":23,"turns":5},{"damage":6,"enemies":"Snecko","floor":25,"turns":4},{"damage":32,"enemies":"Snake Plant","floor":28,"turns":3}],"seed_played":"-2365378255044057391","potions_obtained":[{"floor":13,"key":"Block Potion"},{"floor":16,"key":"BloodPotion"}],"is_trial":false,"path_per_floor":["M","$","?","M","M","R","M","R","T","?","$","R","E","?","R","B",null,"M","?","?","M","?","E","?","M","T","R","M"],"character_chosen":"IRONCLAD","items_purchased":["Shrug It Off","Twin Strike"],"campfire_rested":0,"item_purchase_floors":[11,11],"current_hp_per_floor":[61,61,45,43,49,49,50,50,50,40,40,40,35,35,35,32,68,65,28,28,35,35,20,11,23,23,23,0],"gold":199,"neow_bonus":"ONE_RARE_RELIC","is_prod":false,"is_daily":false,"chose_seed":false,"campfire_upgraded":5,"win_rate":0,"timestamp":1547015873,"path_taken":["M","$","?","M","M","R","M","R","T","?","?","R","E","?","R","BOSS","M","?","?","M","?","E","?","?","T","R","M"],"build_version":"2019-01-03v4","purchased_purges":1,"victory":false,"max_hp_per_floor":[80,80,80,80,80,80,80,80,80,80,80,80,80,80,80,80,80,80,80,56,56,56,56,61,61,61,61,61],"card_choices":[{"not_picked":["Sentinel","Flex"],"picked":"Pommel Strike","floor":1},{"not_picked":["Havoc","Clash"],"picked":"Sword Boomerang","floor":4},{"not_picked":["Evolve","Thunderclap"],"picked":"Infernal Blade","floor":5},{"not_picked":["Combust","Headbutt"],"picked":"Anger","floor":7},{"not_picked":["Flex","Blood for Blood"],"picked":"Spot Weakness","floor":10},{"not_picked":["Fiend Fire","Rampage"],"picked":"Berserk","floor":13},{"not_picked":["Berserk","Offering"],"picked":"Demon Form","floor":16},{"not_picked":["Searing Blow","Wild Strike+1"],"picked":"Sword Boomerang+1","floor":18},{"not_picked":["Rupture","Feel No Pain"],"picked":"True Grit+1","floor":21},{"not_picked":["Clash","True Grit"],"picked":"Warcry","floor":23},{"not_picked":["Dual Wield+1","Intimidate+1"],"picked":"Shrug It Off","floor":25}],"player_experience":406606,"relics_obtained":[{"floor":9,"key":"Pantograph"},{"floor":10,"key":"Odd Mushroom"},{"floor":13,"key":"Thread and Needle"},{"floor":23,"key":"Bag of Marbles"},{"floor":26,"key":"Kunai"}],"event_choices":[{"damage_healed":0,"gold_gain":0,"player_choice":"Entered Light","damage_taken":16,"max_hp_gain":0,"max_hp_loss":0,"event_name":"Shining Light","floor":3,"gold_loss":0,"cards_upgraded":["Defend_R","Defend_R"]},{"damage_healed":0,"gold_gain":0,"player_choice":"Fought Mushrooms","damage_taken":0,"max_hp_gain":0,"max_hp_loss":0,"event_name":"Mushrooms","floor":10,"gold_loss":0},{"damage_healed":0,"gold_gain":0,"player_choice":"Fled","damage_taken":0,"max_hp_gain":0,"max_hp_loss":0,"event_name":"Scrap Ooze","floor":14,"gold_loss":0},{"damage_healed":0,"gold_gain":0,"player_choice":"Fight","damage_taken":0,"max_hp_gain":0,"max_hp_loss":0,"event_name":"Colosseum","floor":19,"gold_loss":0},{"damage_healed":0,"gold_gain":0,"player_choice":"Fled From Nobs","damage_taken":0,"max_hp_gain":0,"max_hp_loss":0,"event_name":"Colosseum","floor":19,"gold_loss":0},{"damage_healed":0,"gold_gain":0,"player_choice":"Became a vampire","damage_taken":0,"max_hp_gain":0,"max_hp_loss":24,"event_name":"Vampires","floor":20,"gold_loss":0,"cards_obtained":["Bite","Bite","Bite","Bite","Bite"]},{"cards_removed":["Defend_R"],"damage_healed":0,"gold_gain":0,"player_choice":"Elegance","damage_taken":0,"max_hp_gain":0,"max_hp_loss":0,"event_name":"Back to Basics","floor":22,"gold_loss":0},{"damage_healed":0,"gold_gain":0,"player_choice":"Shed Blood","damage_taken":14,"max_hp_gain":5,"max_hp_loss":0,"event_name":"Forgotten Altar","floor":24,"gold_loss":0}],"is_beta":false,"boss_relics":[{"not_picked":["Velvet Choker","Calling Bell"],"picked":"Sozu"}],"items_purged_floors":[2],"is_endless":false,"potions_floor_spawned":[13,16,18,19,21],"killed_by":"Snake Plant","ascension_level":11}