{"gold_per_floor":[110,110,133,133,156,191,205,205,230,255,298,56,56,77,77,198,198,223,214,214,227,152,152,191,191,217,260,260,294,11,11,11,140,140,159,178,193,208,233,233,308,308,308,308,139,180,35,69,69,69],"floor_reached":51,"playtime":5346,"items_purged":["Writhe"],"score":991,"play_id":"7c9c662d-118d-4756-9ce4-40e63e2c2265","local_time":"20181210214322","is_ascension_mode":true,"campfire_choices":[{"data":"Loop","floor":8,"key":"SMITH"},{"data":"Mayhem","floor":13,"key":"SMITH"},{"floor":15,"key":"REST"},{"data":"Turbo","floor":23,"key":"SMITH"},{"data":"Defragment","floor":25,"key":"SMITH"},{"data":"Double Energy","floor":32,"key":"SMITH"},{"data":"Buffer","floor":40,"key":"SMITH"},{"floor":42,"key":"REST"},{"data":"Reinforced Body","floor":44,"key":"SMITH"},{"data":"Double Energy","floor":49,"key":"SMITH"}],"neow_cost":"NONE","seed_source_timestamp":0,"circlet_count":0,"master_deck":["Zap","Dualcast+1","Aggregate+1","Self Repair","Barrage+1","Stack","Undo","Steam Power","Ball Lightning+1","Double Energy+1","Glacier","Loop+1","Leap+1","Hello World","Capacitor","Coolheaded","Turbo+1","Mayhem+1","Aggregate","Conserve Battery","Multi-Cast","Hologram+1","Defragment+1","Go for the Eyes+1","Doom and Gloom+1","Double Energy+1","Darkness+1","Skim","Buffer+1","Turbo","Rebound+1","Double Energy+1","Reinforced Body+1","Leap+1","Turbo","Steam","Reprogram+1"],"special_seed":0,"relics":["Pandora\u0027s Box","Golden Idol","Whetstone","Orichalcum","Bronze Scales","Runic Pyramid","Ancient Tea Set","Centennial Puzzle","Regal Pillow","War Paint","MutagenicStrength","DataDisk","Symbiotic Virus","Philosopher\u0027s Stone","Blood Vial","Oddly Smooth Stone","Anchor","Bag of Preparation","Boot"],"potions_floor_usage":[6,7,11,11,19,21,27,38,39,46,46,46],"damage_taken":[{"damage":0,"enemies":"Jaw Worm","floor":1,"turns":3},{"damage":3,"enemies":"Small Slimes","floor":3,"turns":3},{"damage":0,"enemies":"2 Louse","floor":5,"turns":3},{"damage":32,"enemies":"Gremlin Nob","floor":6,"turns":5},{"damage":11,"enemies":"Blue Slaver","floor":7,"turns":5},{"damage":11,"enemies":"Lots of Slimes","floor":10,"turns":7},{"damage":7,"enemies":"3 Sentries","floor":11,"turns":6},{"damage":2,"enemies":"Gremlin Gang","floor":14,"turns":7},{"damage":28,"enemies":"Hexaghost","floor":16,"turns":8},{"damage":0,"enemies":"Spheric Guardian","floor":18,"turns":4},{"damage":9,"enemies":"2 Thieves","floor":19,"turns":4},{"damage":0,"enemies":"Shelled Parasite and Fungi","floor":21,"turns":5},{"damage":0,"enemies":"Book of Stabbing","floor":24,"turns":6},{"damage":21,"enemies":"Slavers","floor":27,"turns":4},{"damage":8,"enemies":"Book of Stabbing","floor":29,"turns":3},{"damage":7,"enemies":"Automaton","floor":33,"turns":7},{"damage":2,"enemies":"3 Darklings","floor":35,"turns":2},{"damage":8,"enemies":"3 Shapes","floor":36,"turns":2},{"damage":0,"enemies":"Sphere and 2 Shapes","floor":37,"turns":6},{"damage":3,"enemies":"Transient","floor":38,"turns":5},{"damage":38,"enemies":"Writhing Mass","floor":39,"turns":4},{"damage":2,"enemies":"Giant Head","floor":46,"turns":2},{"damage":7,"enemies":"Reptomancer","floor":48,"turns":3},{"damage":26,"enemies":"Awakened One","floor":50,"turns":9}],"seed_played":"-2730232012240255284","potions_obtained":[{"floor":1,"key":"Dexterity Potion"},{"floor":3,"key":"Regen Potion"},{"floor":5,"key":"Block Potion"},{"floor":6,"key":"Energy Potion"},{"floor":18,"key":"SkillPotion"},{"floor":19,"key":"Swift Potion"},{"floor":21,"key":"Energy Potion"},{"floor":36,"key":"PowerPotion"},{"floor":37,"key":"Block Potion"},{"floor":39,"key":"EntropicBrew"}],"is_trial":false,"path_per_floor":["M","?","M","?","M","E","M","R","T","M","E","$","R","M","R","B",null,"M","M","?","M","$","R","E","R","T","E","?","E","$","?","R","B",null,"M","M","M","M","M","R","?","R","T","R","$","E","$","E","R","B",null],"character_chosen":"DEFECT","items_purchased":["Mayhem","Aggregate","Symbiotic Virus","Skim","Oddly Smooth Stone","Turbo","Bag of Preparation"],"campfire_rested":2,"item_purchase_floors":[12,12,30,30,45,45,47],"current_hp_per_floor":[75,57,61,46,53,28,38,38,38,34,34,34,34,39,61,40,66,73,71,71,75,75,75,75,75,75,61,61,53,53,53,53,53,70,68,67,74,75,44,44,37,74,74,74,74,73,73,75,75,56],"gold":69,"neow_bonus":"BOSS_RELIC","is_prod":false,"is_daily":false,"chose_seed":false,"campfire_upgraded":8,"win_rate":0,"timestamp":1544507002,"path_taken":["M","?","M","?","M","E","M","R","T","M","E","$","R","M","R","BOSS","M","M","?","M","$","R","E","R","T","E","?","E","$","?","R","BOSS","M","?","M","?","M","R","?","R","T","R","?","E","$","E","R","BOSS"],"build_version":"2018-12-06","purchased_purges":1,"victory":true,"max_hp_per_floor":[75,75,75,75,75,75,75,75,75,75,75,75,75,75,75,75,75,75,75,75,75,75,75,75,75,75,75,75,75,75,75,75,75,75,75,75,75,75,75,75,75,75,75,75,75,75,75,75,75,75],"card_choices":[{"not_picked":["Reinforced Body","Fusion"],"picked":"Glacier","floor":1},{"not_picked":["BootSequence","Rip and Tear"],"picked":"Loop","floor":3},{"not_picked":["Steam","Ball Lightning"],"picked":"Leap","floor":5},{"not_picked":["FTL","Beam Cell"],"picked":"Hello World","floor":6},{"not_picked":["Undo","Recycle"],"picked":"Capacitor","floor":7},{"not_picked":["Cold Snap","Chaos"],"picked":"Coolheaded","floor":10},{"not_picked":["Rebound","Compile Driver"],"picked":"Turbo","floor":11},{"not_picked":["Ball Lightning","Doom and Gloom"],"picked":"Conserve Battery","floor":14},{"not_picked":["Biased Cognition","Hyperbeam"],"picked":"Multi-Cast","floor":16},{"not_picked":["Stack","Go for the Eyes"],"picked":"Hologram","floor":18},{"not_picked":["Sunder","Ball Lightning"],"picked":"Defragment","floor":19},{"not_picked":["Cold Snap","Storm"],"picked":"Go for the Eyes+1","floor":21},{"not_picked":["Lockon","Seek"],"picked":"Doom and Gloom+1","floor":24},{"not_picked":["Turbo+1","Steam"],"picked":"Double Energy+1","floor":27},{"not_picked":["Glacier","Skim"],"picked":"Darkness+1","floor":29},{"not_picked":["Creative AI","Biased Cognition"],"picked":"Buffer","floor":33},{"not_picked":["Gash","Stack"],"picked":"Turbo","floor":35},{"not_picked":["Chill+1","Sunder"],"picked":"Rebound+1","floor":36},{"not_picked":["Lockon","Gash"],"picked":"Double Energy","floor":37},{"not_picked":["Glacier","Gash"],"picked":"Reinforced Body","floor":38},{"not_picked":["Double Energy","Ball Lightning"],"picked":"Leap+1","floor":39},{"not_picked":["Turbo","Barrage"],"picked":"Steam","floor":46},{"not_picked":["Coolheaded+1","Auto Shields+1"],"picked":"Reprogram+1","floor":48}],"player_experience":210397,"relics_obtained":[{"floor":6,"key":"Whetstone"},{"floor":9,"key":"Orichalcum"},{"floor":11,"key":"Bronze Scales"},{"floor":24,"key":"Centennial Puzzle"},{"floor":26,"key":"Regal Pillow"},{"floor":27,"key":"War Paint"},{"floor":29,"key":"DataDisk"},{"floor":43,"key":"Blood Vial"},{"floor":46,"key":"Anchor"},{"floor":48,"key":"Boot"}],"event_choices":[{"damage_healed":0,"gold_gain":0,"player_choice":"Take Damage","damage_taken":18,"relics_obtained":["Golden Idol"],"max_hp_gain":0,"max_hp_loss":0,"event_name":"Golden Idol","floor":2,"gold_loss":0},{"damage_healed":0,"gold_gain":0,"player_choice":"Entered Light","damage_taken":15,"max_hp_gain":0,"max_hp_loss":0,"event_name":"Shining Light","floor":4,"gold_loss":0,"cards_upgraded":["Dualcast","Ball Lightning"]},{"damage_healed":0,"gold_gain":0,"player_choice":"Opened","damage_taken":0,"relics_obtained":["Ancient Tea Set"],"max_hp_gain":0,"max_hp_loss":0,"event_name":"The Mausoleum","floor":20,"gold_loss":0,"cards_obtained":["Writhe"]},{"damage_healed":0,"gold_gain":0,"player_choice":"Inject Mutagens","damage_taken":0,"relics_obtained":["MutagenicStrength"],"max_hp_gain":0,"max_hp_loss":0,"event_name":"Drug Dealer","floor":28,"gold_loss":0},{"damage_healed":0,"gold_gain":0,"player_choice":"Forge","damage_taken":0,"max_hp_gain":0,"max_hp_loss":0,"event_name":"Accursed Blacksmith","floor":31,"gold_loss":0,"cards_upgraded":["Aggregate"]},{"damage_healed":0,"gold_gain":75,"player_choice":"Touch","damage_taken":7,"max_hp_gain":0,"max_hp_loss":0,"event_name":"FaceTrader","floor":41,"gold_loss":0}],"is_beta":false,"boss_relics":[{"not_picked":["Tiny House","Velvet Choker"],"picked":"Runic Pyramid"},{"not_picked":["Fusion Hammer","Busted Crown"],"picked":"Philosopher\u0027s Stone"}],"items_purged_floors":[22],"is_endless":false,"potions_floor_spawned":[1,3,5,6,18,19,21,36,37,39],"ascension_level":5}