{"gold_per_floor":[118,132,132,57,72,105,115,135,135,135,162,162,162,180,180,280,280,290,300,60,60,79,106,126,146,146,146,46,78,78,90,90,190,190,207,207,207,219,94,119,119,137,137,137,153,153,185,35,35,35],"floor_reached":50,"playtime":3733,"items_purged":["Strike_R","Strike_R","Strike_R","Defend_R"],"score":998,"play_id":"a05c2001-72cb-46fd-b134-b1989f178173","local_time":"20190109234528","is_ascension_mode":true,"campfire_choices":[{"data":"Feed","floor":10.0,"key":"SMITH"},{"data":"Anger","floor":15.0,"key":"SMITH"},{"floor":27.0,"key":"REST"},{"data":"Flash of Steel","floor":30.0,"key":"SMITH"},{"floor":32.0,"key":"REST"},{"data":"Bash","floor":41,"key":"SMITH"},{"floor":49,"key":"REST"}],"neow_cost":"TEN_PERCENT_HP_LOSS","seed_source_timestamp":0,"circlet_count":0,"master_deck":["AscendersBane","Defend_R","Defend_R","Bash+1","Anger+1","Shrug It Off","Feed+1","Demon Form+1","Flash of Steel+1","Dropkick"],"special_seed":0,"relics":["Burning Blood","PreservedInsect","Frozen Egg 2","Sundial","Sozu","Oddly Smooth Stone","Paper Frog","Toxic Egg 2","Du-Vu Doll","Philosopher\u0027s Stone","Bag of Marbles","Bronze Scales","Nunchaku"],"potions_floor_usage":[],"damage_taken":[{"damage":9.0,"enemies":"Small Slimes","floor":1.0,"turns":5.0},{"damage":0.0,"enemies":"Cultist","floor":2.0,"turns":2.0},{"damage":2.0,"enemies":"Jaw Worm","floor":5.0,"turns":3.0},{"damage":18.0,"enemies":"Gremlin Nob","floor":6.0,"turns":4.0},{"damage":2.0,"enemies":"Exordium Wildlife","floor":7.0,"turns":5.0},{"damage":8.0,"enemies":"Looter","floor":8.0,"turns":4.0},{"damage":7.0,"enemies":"3 Sentries","floor":11.0,"turns":8.0},{"damage":21.0,"enemies":"Exordium Thugs","floor":14.0,"turns":5.0},{"damage":52.0,"enemies":"The Guardian","floor":16.0,"turns":9.0},{"damage":22.0,"enemies":"2 Thieves","floor":18.0,"turns":4.0},{"damage":24.0,"enemies":"Spheric Guardian","floor":19.0,"turns":5.0},{"damage":15.0,"enemies":"Chosen and Byrds","floor":22.0,"turns":5.0},{"damage":5.0,"enemies":"Gremlin Leader","floor":23.0,"turns":4.0},{"damage":11.0,"enemies":"Centurion and Healer","floor":24.0,"turns":5.0},{"damage":6.0,"enemies":"3 Cultists","floor":25.0,"turns":4.0},{"damage":32.0,"enemies":"Book of Stabbing","floor":29.0,"turns":4.0},{"damage":30.0,"enemies":"Snake Plant","floor":31.0,"turns":4.0},{"damage":18.0,"enemies":"Collector","floor":33.0,"turns":6.0},{"damage":16,"enemies":"Orb Walker","floor":35,"turns":4},{"damage":25,"enemies":"3 Darklings","floor":38,"turns":4},{"damage":0,"enemies":"Giant Head","floor":40,"turns":5},{"damage":20,"enemies":"Sphere and 2 Shapes","floor":42,"turns":6},{"damage":13,"enemies":"Transient","floor":45,"turns":5},{"damage":42,"enemies":"Reptomancer","floor":47,"turns":4},{"damage":56,"enemies":"Awakened One","floor":50,"turns":3}],"seed_played":"-1571060196102383480","potions_obtained":[{"floor":2.0,"key":"GamblersBrew"},{"floor":5.0,"key":"SpeedPotion"},{"floor":7.0,"key":"Block Potion"}],"is_trial":false,"path_per_floor":["M","M","?","$","M","E","M","M","T","R","E","?","?","M","R","B",null,"M","M","$","?","M","E","M","M","T","R","$","E","R","M","R","B",null,"M","?","?","M","$","E","R","M","T","$","M","?","E","$","R","B"],"character_chosen":"IRONCLAD","items_purchased":["Oddly Smooth Stone","Flash of Steel"],"campfire_rested":3,"item_purchase_floors":[20,20],"current_hp_per_floor":[69,72,72,72,72,60,67,68,68,68,71,71,71,56,56,10,64,52,38,38,38,29,34,29,33,33,62,62,40,40,20,51,39,89,83,83,83,68,68,74,74,64,64,64,57,57,21,21,56,0],"gold":35,"neow_bonus":"REMOVE_TWO","is_prod":false,"is_daily":false,"chose_seed":false,"campfire_upgraded":4,"win_rate":0,"timestamp":1547106328,"path_taken":["M","M","?","?","?","E","M","M","T","R","E","?","?","?","R","BOSS","M","?","$","?","?","E","M","M","T","R","?","E","R","M","R","BOSS","M","?","?","M","?","E","R","?","T","$","M","?","E","$","R","BOSS"],"build_version":"2019-01-03v4","purchased_purges":4,"victory":false,"max_hp_per_floor":[72,72,72,72,72,72,75,78,78,78,82,82,82,82,82,82,82,86,90,90,90,90,94,94,98,98,98,98,102,102,106,106,106,106,110,110,110,114,114,114,114,118,118,118,118,118,118,118,118,118],"card_choices":[{"not_picked":["Warcry","Headbutt"],"picked":"Anger","floor":1.0},{"not_picked":["Carnage","Iron Wave"],"picked":"Shrug It Off","floor":2.0},{"not_picked":["Reckless Charge","Armaments","Clash"],"picked":"SKIP","floor":5.0},{"not_picked":["Headbutt","Anger","Heavy Blade"],"picked":"SKIP","floor":6.0},{"not_picked":["Intimidate","Exhume","Shrug It Off"],"picked":"SKIP","floor":7.0},{"not_picked":["Corruption","Shrug It Off","Heavy Blade"],"picked":"SKIP","floor":8.0},{"not_picked":["Sword Boomerang","Disarm"],"picked":"Demon Form+1","floor":11.0},{"not_picked":["Shrug It Off","Body Slam","Headbutt"],"picked":"SKIP","floor":14.0},{"not_picked":["Havoc","Dual Wield","Battle Trance"],"picked":"SKIP","floor":18.0},{"not_picked":["Havoc","Clothesline","Pommel Strike"],"picked":"SKIP","floor":19.0},{"not_picked":["Thunderclap","Iron Wave","Cleave+1"],"picked":"SKIP","floor":22.0},{"not_picked":["Heavy Blade","Headbutt+1"],"picked":"Dropkick","floor":23.0},{"not_picked":["Clothesline+1","Body Slam","Sentinel"],"picked":"SKIP","floor":24.0},{"not_picked":["Reckless Charge","Cleave","Double Tap"],"picked":"SKIP","floor":25.0},{"not_picked":["Sword Boomerang","Thunderclap","Shrug It Off+1"],"picked":"SKIP","floor":29.0},{"not_picked":["Perfected Strike","Thunderclap","Blood for Blood"],"picked":"SKIP","floor":31.0},{"not_picked":["Thunderclap+1","Flex+1","Second Wind+1"],"picked":"SKIP","floor":35},{"not_picked":["Headbutt+1","True Grit+1","Clash"],"picked":"SKIP","floor":38},{"not_picked":["Headbutt+1","True Grit+1","Clash"],"picked":"SKIP","floor":38},{"not_picked":["Power Through+1","Cleave","Impervious+1"],"picked":"SKIP","floor":40},{"not_picked":["Rampage","Body Slam+1","Burning Pact+1"],"picked":"SKIP","floor":42},{"not_picked":["Twin Strike","Uppercut","Flex+1"],"picked":"SKIP","floor":45},{"not_picked":["Wild Strike","Clash","Heavy Blade+1"],"picked":"SKIP","floor":47}],"player_experience":415012,"relics_obtained":[{"floor":6.0,"key":"PreservedInsect"},{"floor":9.0,"key":"Frozen Egg 2"},{"floor":11.0,"key":"Sundial"},{"floor":23.0,"key":"Paper Frog"},{"floor":26.0,"key":"Toxic Egg 2"},{"floor":29.0,"key":"Du-Vu Doll"},{"floor":40,"key":"Bag of Marbles"},{"floor":43,"key":"Bronze Scales"},{"floor":47,"key":"Nunchaku"}],"event_choices":[{"damage_healed":0.0,"max_hp_gain":0.0,"max_hp_loss":0.0,"gold_gain":0.0,"event_name":"Match and Keep!","player_choice":"1 cards matched","floor":3.0,"gold_loss":0.0,"damage_taken":0.0,"cards_obtained":["Feed"]},{"damage_healed":0.0,"max_hp_gain":0.0,"max_hp_loss":0.0,"gold_gain":0.0,"event_name":"Shining Light","player_choice":"Ignored","floor":12.0,"gold_loss":0.0,"damage_taken":0.0},{"cards_removed":["Strike_R"],"damage_healed":0.0,"max_hp_gain":0.0,"max_hp_loss":0.0,"gold_gain":0.0,"event_name":"Purifier","player_choice":"Purged","floor":13.0,"gold_loss":0.0,"damage_taken":0.0},{"damage_healed":0.0,"max_hp_gain":0.0,"max_hp_loss":0.0,"gold_gain":0.0,"event_name":"Duplicator","player_choice":"Ignored","floor":21.0,"gold_loss":0.0,"damage_taken":0.0},{"damage_healed":0,"gold_gain":0,"player_choice":"Ignored","damage_taken":0,"max_hp_gain":0,"max_hp_loss":0,"event_name":"Mysterious Sphere","floor":36,"gold_loss":0},{"damage_healed":0,"gold_gain":0,"player_choice":"Memory 1","damage_taken":0,"max_hp_gain":0,"max_hp_loss":0,"event_name":"SensoryStone","floor":37,"gold_loss":0},{"damage_healed":0,"gold_gain":0,"player_choice":"Ignored","damage_taken":0,"max_hp_gain":0,"max_hp_loss":0,"event_name":"The Moai Head","floor":46,"gold_loss":0}],"is_beta":false,"boss_relics":[{"not_picked":["Coffee Dripper","Black Blood"],"picked":"Sozu"},{"not_picked":["Orrery","Tiny House"],"picked":"Philosopher\u0027s Stone"}],"items_purged_floors":[4,28,39,48],"is_endless":false,"potions_floor_spawned":[2,5,7,18,23,29,42,47],"killed_by":"Awakened One","ascension_level":12}