{"gold_per_floor":[118,193,44,57,57,57,83,101,128,155,29,29,44,44,44,145,145,159,171,48,48],"floor_reached":21,"playtime":2320,"items_purged":["Regret","Normality"],"score":206,"play_id":"7421715e-771a-48ca-8e7f-ebaf5ff54fb2","local_time":"20190810193608","is_ascension_mode":true,"campfire_choices":[{"data":"Armaments","floor":6,"key":"SMITH"},{"floor":12,"key":"REST"},{"floor":15,"key":"REST"}],"neow_cost":"NONE","seed_source_timestamp":93413784869828,"circlet_count":0,"master_deck":["Strike_R","Strike_R","Strike_R","Strike_R","Strike_R","Defend_R","Defend_R+1","Defend_R","Defend_R+1","Bash","Armaments+1","Dual Wield","Barricade","Cleave","Feed","Injury","Pain","Flex","Thunderclap","Flex"],"relics":["Burning Blood","Oddly Smooth Stone","Vajra","War Paint","Sundial","Bronze Scales","Red Skull","Calling Bell","Ancient Tea Set","Kunai","Ice Cream"],"potions_floor_usage":[7,16,16,19],"damage_taken":[{"damage":8,"enemies":"Jaw Worm","floor":1,"turns":4},{"damage":7,"enemies":"2 Louse","floor":4,"turns":3},{"damage":31,"enemies":"Gremlin Nob","floor":7,"turns":4},{"damage":2,"enemies":"Small Slimes","floor":8,"turns":3},{"damage":40,"enemies":"Lagavulin","floor":10,"turns":8},{"damage":0,"enemies":"Red Slaver","floor":13,"turns":3},{"damage":45,"enemies":"Slime Boss","floor":16,"turns":12},{"damage":33,"enemies":"3 Byrds","floor":18,"turns":4},{"damage":48,"enemies":"Shell Parasite","floor":19,"turns":6},{"damage":15,"enemies":"Snake Plant","floor":21,"turns":1}],"seed_played":"-2052838574938529223","potions_obtained":[{"floor":4,"key":"PowerPotion"},{"floor":13,"key":"Weak Potion"},{"floor":16,"key":"Strength Potion"},{"floor":18,"key":"SneckoOil"}],"is_trial":false,"path_per_floor":["M","?","$","M","?","R","E","M","T","E","$","R","M","$","R","B",null,"M","M","$","M"],"character_chosen":"IRONCLAD","items_purchased":["Vajra","Swift Potion","Flex"],"campfire_rested":2,"item_purchase_floors":[3,11,20],"current_hp_per_floor":[78,67,67,66,66,66,41,45,45,11,11,35,41,41,65,26,80,53,15,15,0],"gold":48,"neow_bonus":"RANDOM_COMMON_RELIC","is_prod":false,"is_daily":false,"chose_seed":false,"campfire_upgraded":1,"win_rate":0,"timestamp":1565480168,"path_taken":["M","?","$","M","?","R","E","M","T","E","$","R","M","?","R","BOSS","M","M","$","M"],"build_version":"2019-07-17","purchased_purges":2,"victory":false,"max_hp_per_floor":[80,80,80,80,80,80,80,80,80,80,80,80,80,80,80,80,80,80,84,84,84],"card_choices":[{"not_picked":["True Grit","Anger","Reckless Charge"],"picked":"SKIP","floor":1},{"not_picked":["Heavy Blade","Havoc"],"picked":"Armaments","floor":4},{"not_picked":["Shrug It Off","Pummel"],"picked":"Dual Wield","floor":7},{"not_picked":["Searing Blow","Havoc","Flame Barrier"],"picked":"SKIP","floor":8},{"not_picked":["Thunderclap","Dual Wield"],"picked":"Barricade","floor":10},{"not_picked":["Flex","Perfected Strike"],"picked":"Cleave","floor":13},{"not_picked":["Brutality","Double Tap"],"picked":"Feed","floor":16},{"not_picked":["Hemokinesis","Clothesline"],"picked":"Flex","floor":18},{"not_picked":["Heavy Blade","Clothesline+1"],"picked":"Thunderclap","floor":19}],"player_experience":161510,"relics_obtained":[{"floor":7,"key":"Sundial"},{"floor":9,"key":"Bronze Scales"},{"floor":10,"key":"Red Skull"},{"floor":17,"key":"Ancient Tea Set"},{"floor":17,"key":"Kunai"},{"floor":17,"key":"Ice Cream"}],"event_choices":[{"damage_healed":0,"gold_gain":75,"player_choice":"Gather Gold","damage_taken":11,"max_hp_gain":0,"max_hp_loss":0,"event_name":"World of Goop","floor":2,"gold_loss":0},{"damage_healed":0,"gold_gain":0,"player_choice":"Box","damage_taken":0,"relics_obtained":["War Paint"],"max_hp_gain":0,"max_hp_loss":0,"event_name":"Big Fish","floor":5,"gold_loss":0,"cards_obtained":["Regret"]}],"is_beta":false,"boss_relics":[{"not_picked":["Velvet Choker","Empty Cage"],"picked":"Calling Bell"}],"items_purged_floors":[11,20],"is_endless":false,"potions_floor_spawned":[4,13,16,18],"killed_by":"Snake Plant","ascension_level":2}