{"gold_per_floor":[361,85,102,114,127,127,147,147,172,188,201,236,236,256,256,334,334,351,362,362,94,94,119,137,137,191,205,205,223,38,48,48,121,121,132,232,232,32,50,50,76,76,101,101,0,0,16,35,35,35],"floor_reached":51,"playtime":3601,"items_purged":["Shame","Strike_R"],"score":1251,"play_id":"0b11081d-a753-43b4-9439-f1ebc5b777b5","local_time":"20190211211317","is_ascension_mode":true,"campfire_choices":[{"data":"Bash","floor":6,"key":"SMITH"},{"data":"Anger","floor":8,"key":"SMITH"},{"data":"Infernal Blade","floor":13,"key":"SMITH"},{"data":"Infernal Blade","floor":15,"key":"SMITH"},{"data":"Fiend Fire","floor":25,"key":"SMITH"},{"floor":28,"key":"REST"},{"data":"Armaments","floor":32,"key":"SMITH"},{"data":"Bloodletting","floor":40,"key":"SMITH"},{"data":"Inflame","floor":42,"key":"SMITH"},{"data":"Metallicize","floor":44,"key":"SMITH"},{"data":"Flex","floor":46,"key":"SMITH"},{"data":"Shockwave","floor":49,"key":"SMITH"}],"neow_cost":"CURSE","seed_source_timestamp":445613485468678,"circlet_count":0,"master_deck":["AscendersBane","Strike_R","Strike_R","Strike_R","Defend_R","Defend_R","Defend_R","Defend_R","Bash+1","Dropkick","Immolate","Thunderclap","True Grit","Immolate","Anger+1","Ghostly Armor","Infernal Blade+1","Infernal Blade+1","Fiend Fire+1","Feel No Pain+1","Iron Wave+1","Flex+1","Metallicize+1","True Grit","Carnage","Bludgeon","Clothesline","Inflame+1","Shockwave+1","Armaments+1","Reaper","Madness","Madness","Bloodletting+1"],"relics":["Burning Blood","Happy Flower","Oddly Smooth Stone","Runic Pyramid","Bag of Marbles","Pen Nib","Busted Crown","Mango","Vajra","Champion Belt","Bag of Preparation","Red Mask"],"potions_floor_usage":[12,16,16,18,23,23,27,33,33,41,47,50],"damage_taken":[{"damage":9,"enemies":"Cultist","floor":1,"turns":4},{"damage":7,"enemies":"Jaw Worm","floor":3,"turns":3},{"damage":0,"enemies":"2 Louse","floor":4,"turns":1},{"damage":0,"enemies":"Lots of Slimes","floor":5,"turns":1},{"damage":1,"enemies":"Exordium Wildlife","floor":7,"turns":2},{"damage":0,"enemies":"3 Louse","floor":10,"turns":1},{"damage":1,"enemies":"Looter","floor":11,"turns":2},{"damage":20,"enemies":"3 Sentries","floor":12,"turns":6},{"damage":0,"enemies":"Blue Slaver","floor":14,"turns":2},{"damage":16,"enemies":"Slime Boss","floor":16,"turns":7},{"damage":23,"enemies":"Shell Parasite","floor":18,"turns":4},{"damage":0,"enemies":"Chosen","floor":19,"turns":3},{"damage":39,"enemies":"Slavers","floor":23,"turns":5},{"damage":15,"enemies":"Sentry and Sphere","floor":24,"turns":7},{"damage":15,"enemies":"Centurion and Healer","floor":27,"turns":2},{"damage":1,"enemies":"Chosen and Byrds","floor":29,"turns":3},{"damage":0,"enemies":"3 Cultists","floor":31,"turns":1},{"damage":9,"enemies":"Collector","floor":33,"turns":8},{"damage":0,"enemies":"Orb Walker","floor":35,"turns":2},{"damage":1,"enemies":"Mind Bloom Boss Battle","floor":36,"turns":4},{"damage":19,"enemies":"3 Darklings","floor":39,"turns":3},{"damage":27,"enemies":"Reptomancer","floor":41,"turns":4},{"damage":7,"enemies":"Jaw Worm Horde","floor":47,"turns":4},{"damage":0,"enemies":"Sphere and 2 Shapes","floor":48,"turns":1},{"damage":47,"enemies":"Donu and Deca","floor":50,"turns":5}],"seed_played":"7099156475624928830","potions_obtained":[{"floor":3,"key":"Fire Potion"},{"floor":4,"key":"Block Potion"},{"floor":12,"key":"Fire Potion"},{"floor":16,"key":"SkillPotion"},{"floor":18,"key":"SteroidPotion"},{"floor":19,"key":"GamblersBrew"},{"floor":23,"key":"PowerPotion"},{"floor":31,"key":"Block Potion"},{"floor":36,"key":"Block Potion"},{"floor":39,"key":"Weak Potion"},{"floor":48,"key":"Energy Potion"}],"is_trial":false,"path_per_floor":["M","$","M","M","M","R","M","R","T","M","M","E","R","M","R","B",null,"M","M","?","$","?","E","M","R","T","M","R","M","$","M","R","B",null,"M","?","?","$","M","R","E","R","T","R","?","R","M","M","R","B",null],"character_chosen":"IRONCLAD","items_purchased":["Immolate","Thunderclap","Flex","Metallicize","True Grit","Carnage","Regen Potion","Vajra","Bloodletting"],"campfire_rested":1,"item_purchase_floors":[2,2,21,21,21,21,30,38,38],"current_hp_per_floor":[65,65,64,70,75,75,75,75,75,75,75,61,61,67,67,57,71,54,60,60,60,60,27,18,18,18,9,31,36,36,42,42,54,70,75,89,73,73,60,60,54,54,54,54,54,54,63,69,69,64],"gold":35,"neow_bonus":"TWO_FIFTY_GOLD","is_prod":false,"is_daily":false,"chose_seed":false,"campfire_upgraded":11,"win_rate":0,"timestamp":1549948397,"path_taken":["M","$","?","M","M","R","?","R","T","M","M","E","R","M","R","BOSS","M","M","?","$","?","E","M","R","T","M","R","?","$","M","R","BOSS","M","?","?","$","M","R","E","R","T","R","?","R","?","M","R","BOSS"],"build_version":"2019-01-23","purchased_purges":2,"victory":true,"max_hp_per_floor":[75,75,75,75,75,75,75,75,75,75,75,75,75,75,75,75,75,75,75,75,75,75,75,75,75,75,75,75,75,75,75,75,75,75,75,89,89,89,89,89,89,89,89,89,89,89,89,89,89,89],"card_choices":[{"not_picked":["True Grit","Rupture"],"picked":"Dropkick","floor":1},{"not_picked":["Body Slam","Burning Pact"],"picked":"True Grit","floor":3},{"not_picked":["Flex","Blood for Blood","Second Wind"],"picked":"SKIP","floor":4},{"not_picked":["Armaments","Evolve"],"picked":"Immolate","floor":5},{"not_picked":["Intimidate","True Grit"],"picked":"Anger","floor":7},{"not_picked":["Corruption","Flex"],"picked":"Ghostly Armor","floor":10},{"not_picked":["Rage","Pommel Strike"],"picked":"Infernal Blade","floor":11},{"not_picked":["Thunderclap","Evolve"],"picked":"Infernal Blade","floor":12},{"not_picked":["Sword Boomerang","Flex","Hemokinesis"],"picked":"SKIP","floor":14},{"not_picked":["Immolate","Dark Embrace"],"picked":"Fiend Fire","floor":16},{"not_picked":["Blood for Blood","Disarm"],"picked":"Feel No Pain+1","floor":18},{"not_picked":["Twin Strike","Uppercut"],"picked":"Iron Wave+1","floor":19},{"not_picked":["Reckless Charge","Infernal Blade"],"picked":"Clothesline","floor":23},{"not_picked":["True Grit+1","Intimidate"],"picked":"Inflame","floor":24},{"not_picked":["Perfected Strike","Uppercut"],"picked":"Shockwave","floor":27},{"not_picked":["Combust","Clash","Evolve"],"picked":"SKIP","floor":29},{"not_picked":["Wild Strike","Bloodletting"],"picked":"Armaments","floor":31},{"not_picked":["Berserk","Limit Break"],"picked":"Reaper","floor":33},{"not_picked":["Iron Wave"],"picked":"SKIP","floor":35},{"not_picked":["Headbutt+1"],"picked":"SKIP","floor":39},{"not_picked":["True Grit"],"picked":"SKIP","floor":41},{"not_picked":["Body Slam"],"picked":"SKIP","floor":47},{"not_picked":["Sword Boomerang"],"picked":"SKIP","floor":48}],"player_experience":590085,"relics_obtained":[{"floor":9,"key":"Happy Flower"},{"floor":12,"key":"Oddly Smooth Stone"},{"floor":23,"key":"Bag of Marbles"},{"floor":26,"key":"Pen Nib"},{"floor":36,"key":"Mango"},{"floor":41,"key":"Champion Belt"},{"floor":43,"key":"Bag of Preparation"}],"event_choices":[{"damage_healed":0,"gold_gain":0,"player_choice":"Ignored","damage_taken":0,"max_hp_gain":0,"max_hp_loss":0,"event_name":"Beggar","floor":20,"gold_loss":0},{"damage_healed":0,"gold_gain":0,"cards_transformed":["Strike_R"],"player_choice":"Transformed","damage_taken":0,"max_hp_gain":0,"max_hp_loss":0,"event_name":"Transmorgrifier","floor":22,"gold_loss":0,"cards_obtained":["Bludgeon"]},{"damage_healed":0,"gold_gain":0,"player_choice":"Fight","damage_taken":0,"max_hp_gain":0,"max_hp_loss":0,"event_name":"MindBloom","floor":36,"gold_loss":0},{"damage_healed":0,"gold_gain":0,"player_choice":"Embrace Madness","damage_taken":16,"max_hp_gain":0,"max_hp_loss":0,"event_name":"Winding Halls","floor":37,"gold_loss":0,"cards_obtained":["Madness","Madness"]},{"damage_healed":0,"gold_gain":0,"player_choice":"Paid","damage_taken":0,"relics_obtained":["Red Mask"],"max_hp_gain":0,"max_hp_loss":0,"event_name":"Tomb of Lord Red Mask","floor":45,"gold_loss":101}],"is_beta":false,"boss_relics":[{"not_picked":["Black Star","White Beast Statue"],"picked":"Runic Pyramid"},{"not_picked":["Fusion Hammer","Empty Cage"],"picked":"Busted Crown"}],"items_purged_floors":[2,30],"is_endless":false,"potions_floor_spawned":[3,4,10,12,14,16,18,19,23,31,36,39,48],"ascension_level":17}