{"gold_per_floor":[15,15,36,51,76,137,137,180,203,217,217,232,255,12,12,137,137,150,62,75,75,75,75,94,94,120,70,70,106,130,143,143,264,264,282,302,14,32,50,50,85,85,110,153,177,177,177,196,196,196],"floor_reached":50,"playtime":8199,"items_purged":["Strike_R","Strike_R","Strike_R"],"score":636,"play_id":"12fd47b1-c5c2-41a7-a6f8-88d2d61dd12e","local_time":"20190811011351","is_ascension_mode":false,"campfire_choices":[{"data":"Combust","floor":7,"key":"SMITH"},{"floor":15,"key":"REST"},{"data":"Ghostly","floor":23,"key":"SMITH"},{"data":"Ghostly","floor":25,"key":"SMITH"},{"data":"Ghostly","floor":28,"key":"SMITH"},{"data":"Ghostly","floor":32,"key":"SMITH"},{"data":"Limit Break","floor":40,"key":"SMITH"},{"data":"Armaments","floor":42,"key":"SMITH"},{"data":"Limit Break","floor":46,"key":"SMITH"},{"data":"Carnage","floor":49,"key":"SMITH"}],"neow_cost":"NO_GOLD","seed_source_timestamp":159204855226724,"circlet_count":0,"master_deck":["Defend_R","Defend_R","Defend_R","Bash","Iron Wave","Combust+1","Sword Boomerang","Thunderclap","Rage","Armaments+1","Armaments","Battle Trance","Pommel Strike","Ghostly Armor","Shrug It Off","Reaper","Carnage+1","Intimidate","Spot Weakness","Ghostly+1","Ghostly","Ghostly+1","Ghostly+1","Ghostly+1","Flex","Double Tap","Shrug It Off+1","Headbutt+1","Limit Break+1","Cleave+1","Inflame+1","Infernal Blade+1","Flex","Limit Break+1","Thunderclap+1","Armaments+1"],"relics":["Burning Blood","Golden Idol","Tiny Chest","Smiling Mask","Happy Flower","Red Skull","Coffee Dripper","Regal Pillow","Strawberry","Anchor","Runic Cube","Charon\u0027s Ashes","Lantern","Juzu Bracelet","Molten Egg 2"],"potions_floor_usage":[6,16,16,24,24,35,41,50],"damage_taken":[{"damage":1,"enemies":"Jaw Worm","floor":1,"turns":5},{"damage":2,"enemies":"2 Louse","floor":3,"turns":4},{"damage":6,"enemies":"Cultist","floor":4,"turns":5},{"damage":3,"enemies":"3 Louse","floor":5,"turns":4},{"damage":33,"enemies":"Lagavulin","floor":6,"turns":8},{"damage":31,"enemies":"Gremlin Nob","floor":8,"turns":4},{"damage":7,"enemies":"Large Slime","floor":10,"turns":5},{"damage":4,"enemies":"2 Fungi Beasts","floor":12,"turns":3},{"damage":2,"enemies":"Gremlin Gang","floor":13,"turns":3},{"damage":14,"enemies":"Slime Boss","floor":16,"turns":8},{"damage":20,"enemies":"Spheric Guardian","floor":18,"turns":6},{"damage":7,"enemies":"Chosen","floor":20,"turns":5},{"damage":15,"enemies":"Snake Plant","floor":24,"turns":7},{"damage":4,"enemies":"Slavers","floor":29,"turns":6},{"damage":5,"enemies":"Centurion and Healer","floor":30,"turns":6},{"damage":4,"enemies":"3 Cultists","floor":31,"turns":6},{"damage":51,"enemies":"Collector","floor":33,"turns":11},{"damage":16,"enemies":"3 Darklings","floor":35,"turns":6},{"damage":9,"enemies":"3 Shapes","floor":36,"turns":4},{"damage":5,"enemies":"Sphere and 2 Shapes","floor":38,"turns":8},{"damage":30,"enemies":"Maw","floor":39,"turns":8},{"damage":7,"enemies":"Nemesis","floor":41,"turns":7},{"damage":4,"enemies":"Reptomancer","floor":44,"turns":5},{"damage":2,"enemies":"Transient","floor":45,"turns":5},{"damage":2,"enemies":"Spire Growth","floor":48,"turns":4},{"damage":81,"enemies":"Time Eater","floor":50,"turns":9}],"seed_played":"-5828370292889434465","potions_obtained":[{"floor":5,"key":"Explosive Potion"},{"floor":6,"key":"SpeedPotion"},{"floor":10,"key":"Weak Potion"},{"floor":13,"key":"SpeedPotion"},{"floor":20,"key":"Swift Potion"},{"floor":29,"key":"SkillPotion"},{"floor":33,"key":"Dexterity Potion"},{"floor":35,"key":"EssenceOfSteel"},{"floor":39,"key":"PowerPotion"},{"floor":44,"key":"Dexterity Potion"},{"floor":45,"key":"SneckoOil"},{"floor":48,"key":"Strength Potion"}],"is_trial":false,"path_per_floor":["M","?","M","M","M","E","R","E","T","M","?","M","M","$","R","B",null,"M","$","M","T","?","R","M","R","T","$","R","E","M","M","R","B",null,"M","M","$","M","M","R","E","R","T","E","M","R","?","M","R","B"],"character_chosen":"IRONCLAD","items_purchased":["Red Skull","Shrug It Off","Intimidate","Charon\u0027s Ashes"],"campfire_rested":1,"item_purchase_floors":[14,14,19,37],"current_hp_per_floor":[80,60,64,64,67,40,40,15,15,14,14,16,20,20,44,36,80,66,66,65,65,40,40,33,33,40,40,40,42,47,47,47,17,47,37,34,34,35,23,23,32,32,32,34,46,46,46,47,47,0],"gold":196,"neow_bonus":"REMOVE_TWO","is_prod":false,"is_daily":false,"chose_seed":false,"campfire_upgraded":9,"win_rate":0,"timestamp":1565500431,"path_taken":["M","?","M","M","M","E","R","E","T","M","?","M","M","$","R","BOSS","M","$","M","?","?","R","M","R","T","$","R","E","M","M","R","BOSS","M","M","$","M","M","R","E","R","T","E","M","R","?","M","R","BOSS"],"build_version":"2019-07-17","purchased_purges":3,"victory":false,"max_hp_per_floor":[80,80,80,80,80,80,80,80,80,80,80,80,80,80,80,80,80,80,80,80,80,40,40,40,40,47,47,47,47,47,47,47,47,47,47,47,47,47,47,47,47,47,47,47,47,47,47,47,47,47],"card_choices":[{"not_picked":["Heavy Blade","Pommel Strike"],"picked":"Iron Wave","floor":1},{"not_picked":["Flex","Shrug It Off"],"picked":"Combust","floor":3},{"not_picked":["Dropkick","True Grit"],"picked":"Sword Boomerang","floor":4},{"not_picked":["Warcry","Clothesline"],"picked":"Thunderclap","floor":5},{"not_picked":["Fiend Fire","Clash","Evolve"],"picked":"SKIP","floor":6},{"not_picked":["Second Wind","Shockwave"],"picked":"Rage","floor":8},{"not_picked":["Entrench","Anger"],"picked":"Armaments","floor":10},{"not_picked":["True Grit","Heavy Blade"],"picked":"Pommel Strike","floor":12},{"not_picked":["Burning Pact","Searing Blow"],"picked":"Ghostly Armor","floor":13},{"not_picked":["Barricade","Impervious"],"picked":"Reaper","floor":16},{"not_picked":["Perfected Strike","Iron Wave"],"picked":"Carnage","floor":18},{"not_picked":["Warcry","Flex"],"picked":"Spot Weakness","floor":20},{"not_picked":["Shrug It Off","Heavy Blade"],"picked":"Flex","floor":24},{"not_picked":["Spot Weakness+1","Burning Pact"],"picked":"Double Tap","floor":29},{"not_picked":["Clash","Clothesline"],"picked":"Shrug It Off+1","floor":30},{"not_picked":["Clothesline+1","Fire Breathing"],"picked":"Headbutt+1","floor":31},{"not_picked":["Barricade","Brutality"],"picked":"Limit Break","floor":33},{"not_picked":["Clash+1","Wild Strike+1"],"picked":"Cleave+1","floor":35},{"not_picked":["Burning Pact+1","Clash+1","Thunderclap"],"picked":"SKIP","floor":36},{"not_picked":["Body Slam+1","Perfected Strike+1"],"picked":"Inflame+1","floor":38},{"not_picked":["Warcry+1","Shrug It Off+1"],"picked":"Infernal Blade+1","floor":39},{"not_picked":["Twin Strike","Rage"],"picked":"Flex","floor":41},{"not_picked":["Searing Blow","Armaments"],"picked":"Limit Break","floor":44},{"not_picked":["Sever Soul+1","Clothesline+1"],"picked":"Thunderclap+1","floor":45},{"not_picked":["Iron Wave+1","Second Wind"],"picked":"Armaments+1","floor":48}],"player_experience":57197,"relics_obtained":[{"floor":6,"key":"Tiny Chest"},{"floor":8,"key":"Smiling Mask"},{"floor":9,"key":"Happy Flower"},{"floor":21,"key":"Regal Pillow"},{"floor":26,"key":"Strawberry"},{"floor":29,"key":"Anchor"},{"floor":41,"key":"Lantern"},{"floor":43,"key":"Juzu Bracelet"},{"floor":44,"key":"Molten Egg 2"}],"event_choices":[{"damage_healed":0,"gold_gain":0,"player_choice":"Take Damage","damage_taken":20,"relics_obtained":["Golden Idol"],"max_hp_gain":0,"max_hp_loss":0,"event_name":"Golden Idol","floor":2,"gold_loss":0},{"damage_healed":0,"gold_gain":0,"player_choice":"2 cards matched","damage_taken":0,"max_hp_gain":0,"max_hp_loss":0,"event_name":"Match and Keep!","floor":11,"gold_loss":0,"cards_obtained":["Armaments","Battle Trance"]},{"damage_healed":0,"gold_gain":0,"player_choice":"Became a Ghost","damage_taken":0,"max_hp_gain":0,"max_hp_loss":40,"event_name":"Ghosts","floor":22,"gold_loss":0,"cards_obtained":["Ghostly","Ghostly","Ghostly","Ghostly","Ghostly"]},{"cards_removed":["Defend_R"],"damage_healed":0,"gold_gain":0,"player_choice":"Removed Skill","damage_taken":0,"max_hp_gain":0,"max_hp_loss":0,"event_name":"Falling","floor":47,"gold_loss":0}],"is_beta":false,"boss_relics":[{"not_picked":["Tiny House","Mark of Pain"],"picked":"Coffee Dripper"},{"not_picked":["Fusion Hammer","Cursed Key"],"picked":"Runic Cube"}],"items_purged_floors":[14,19,27],"is_endless":false,"potions_floor_spawned":[5,6,10,13,20,29,33,35,39,44,45,48],"killed_by":"Time Eater","ascension_level":0}