{"gold_per_floor":[112,10,22,22,36,36,49,49,49,49,60,87,87,110,110,209,209,228,249,264,264,63,63,63,63,88,88,108,149,149,5,5,5],"floor_reached":33,"playtime":1859,"items_purged":[],"score":473,"play_id":"41369a9c-385f-42c9-a7ac-ff093751b1c6","local_time":"20190124181241","is_ascension_mode":true,"campfire_choices":[{"data":"Bash","floor":6,"key":"SMITH"},{"data":"Perfected Strike","floor":8,"key":"SMITH"},{"data":"Flame Barrier","floor":10,"key":"SMITH"},{"data":"Flame Barrier","floor":15,"key":"SMITH"},{"data":"Uppercut","floor":23,"key":"SMITH"},{"data":"Carnage","floor":25,"key":"SMITH"},{"floor":27,"key":"REST"},{"data":"Uppercut","floor":30,"key":"SMITH"},{"data":"Enlightenment","floor":32,"key":"SMITH"}],"neow_cost":"NONE","seed_source_timestamp":340010134053405,"circlet_count":0,"master_deck":["AscendersBane","Strike_R","Strike_R","Strike_R","Strike_R","Strike_R","Defend_R","Defend_R+1","Defend_R","Defend_R+1","Bash+1","Perfected Strike+1","Enlightenment+1","Flame Barrier+1","Flame Barrier+1","Cleave","Carnage+1","Impervious","Shockwave+1","Uppercut+1","Pommel Strike","Panacea","Uppercut+1","Iron Wave","Enlightenment+1","Shrug It Off"],"relics":["Burning Blood","NeowsBlessing","Paper Frog","Charon\u0027s Ashes","Golden Idol","War Paint","Philosopher\u0027s Stone","MutagenicStrength","Pen Nib","Magic Flower"],"potions_floor_usage":[12,12,19,20,29],"damage_taken":[{"damage":0,"enemies":"2 Louse","floor":1,"turns":1},{"damage":0,"enemies":"Cultist","floor":3,"turns":1},{"damage":0,"enemies":"Jaw Worm","floor":5,"turns":1},{"damage":11,"enemies":"Exordium Wildlife","floor":7,"turns":5},{"damage":28,"enemies":"Gremlin Gang","floor":11,"turns":6},{"damage":13,"enemies":"3 Sentries","floor":12,"turns":6},{"damage":19,"enemies":"Hexaghost","floor":16,"turns":8},{"damage":26,"enemies":"Chosen","floor":18,"turns":5},{"damage":12,"enemies":"Spheric Guardian","floor":19,"turns":3},{"damage":11,"enemies":"Centurion and Healer","floor":20,"turns":6},{"damage":14,"enemies":"Shelled Parasite and Fungi","floor":28,"turns":5},{"damage":1,"enemies":"Slavers","floor":29,"turns":4},{"damage":56,"enemies":"Automaton","floor":33,"turns":6}],"seed_played":"5628867507119512585","potions_obtained":[{"floor":1,"key":"LiquidBronze"},{"floor":3,"key":"Dexterity Potion"},{"floor":11,"key":"PowerPotion"},{"floor":16,"key":"Energy Potion"},{"floor":19,"key":"SteroidPotion"},{"floor":28,"key":"PowerPotion"}],"is_trial":false,"path_per_floor":["M","$","M","?","M","R","M","R","T","R","M","E","?","T","R","B",null,"M","M","M","?","$","R","?","R","T","R","M","E","R","$","R","B"],"character_chosen":"IRONCLAD","items_purchased":["Enlightenment","Uppercut","Pommel Strike","Panacea","Enlightenment","Shrug It Off"],"campfire_rested":1,"item_purchase_floors":[2,22,22,22,31,31],"current_hp_per_floor":[74,74,75,75,75,75,70,70,70,70,48,41,41,41,41,28,58,38,32,27,27,27,27,27,27,27,47,39,44,44,44,44,0],"gold":5,"neow_bonus":"THREE_ENEMY_KILL","is_prod":false,"is_daily":false,"chose_seed":false,"campfire_upgraded":8,"win_rate":0,"timestamp":1548382361,"path_taken":["M","$","M","?","?","R","M","R","T","R","M","E","?","?","R","BOSS","M","?","M","?","$","R","?","R","T","R","M","E","R","?","R","BOSS"],"build_version":"2019-01-17v2","purchased_purges":0,"victory":false,"max_hp_per_floor":[75,75,75,75,75,75,75,75,75,75,75,75,68,68,68,68,68,68,68,68,68,68,68,68,68,68,68,68,68,68,68,68,68],"card_choices":[{"not_picked":["Fire Breathing","Burning Pact"],"picked":"Perfected Strike","floor":1},{"not_picked":["Ghostly Armor","Twin Strike"],"picked":"Flame Barrier","floor":3},{"not_picked":["Havoc","Flex"],"picked":"Flame Barrier","floor":5},{"not_picked":["Burning Pact","Feel No Pain","Sever Soul"],"picked":"SKIP","floor":7},{"not_picked":["Flex","Headbutt"],"picked":"Cleave","floor":11},{"not_picked":["Blood for Blood","Armaments"],"picked":"Carnage","floor":12},{"not_picked":["Berserk","Brutality"],"picked":"Impervious","floor":16},{"not_picked":["Entrench","Spot Weakness","Bloodletting"],"picked":"SKIP","floor":18},{"not_picked":["Headbutt","Rampage","Whirlwind"],"picked":"SKIP","floor":19},{"not_picked":["Cleave","Rage"],"picked":"Shockwave+1","floor":20},{"not_picked":["Clash","Headbutt"],"picked":"Uppercut","floor":28},{"not_picked":["Heavy Blade","Whirlwind"],"picked":"Iron Wave","floor":29}],"player_experience":516370,"relics_obtained":[{"floor":9,"key":"Paper Frog"},{"floor":12,"key":"Charon\u0027s Ashes"},{"floor":14,"key":"War Paint"},{"floor":26,"key":"Pen Nib"},{"floor":29,"key":"Magic Flower"}],"event_choices":[{"damage_healed":0,"gold_gain":0,"player_choice":"Upgraded","damage_taken":0,"max_hp_gain":0,"max_hp_loss":0,"event_name":"Upgrade Shrine","floor":4,"gold_loss":0,"cards_upgraded":["Enlightenment"]},{"damage_healed":0,"gold_gain":0,"player_choice":"Lose Max HP","damage_taken":0,"relics_obtained":["Golden Idol"],"max_hp_gain":0,"max_hp_loss":7,"event_name":"Golden Idol","floor":13,"gold_loss":0},{"damage_healed":0,"gold_gain":0,"player_choice":"Inject Mutagens","damage_taken":0,"relics_obtained":["MutagenicStrength"],"max_hp_gain":0,"max_hp_loss":0,"event_name":"Drug Dealer","floor":21,"gold_loss":0},{"damage_healed":0,"gold_gain":0,"player_choice":"Ignored","damage_taken":0,"max_hp_gain":0,"max_hp_loss":0,"event_name":"The Mausoleum","floor":24,"gold_loss":0}],"is_beta":false,"boss_relics":[{"not_picked":["Fusion Hammer","Ectoplasm"],"picked":"Philosopher\u0027s Stone"}],"items_purged_floors":[],"is_endless":false,"potions_floor_spawned":[1,3,7,11,16,19,28],"killed_by":"Automaton","ascension_level":16}