{"gold_per_floor":[114,114,64,64,87,87,87,87,87,87,101,137,137,156,156,284,284,298,322,322,43,43,43,79,95,168,186,186,38,38,51,51,175,175,194,527,527,77,90,90,123,123],"floor_reached":42,"playtime":3423,"items_purged":["Normality","Regret","Shame"],"score":533,"play_id":"895b6e85-711a-496e-9a45-909b088686e3","local_time":"20190319181543","is_ascension_mode":true,"campfire_choices":[{"data":"Neutralize","floor":6,"key":"SMITH"},{"data":"Survivor","floor":8,"key":"SMITH"},{"floor":10,"key":"REST"},{"data":"Heel Hook","floor":15,"key":"SMITH"},{"data":"Noxious Fumes","floor":23,"key":"SMITH"},{"floor":28,"key":"REST"},{"floor":32,"key":"REST"},{"floor":40,"key":"REST"}],"neow_cost":"NONE","seed_source_timestamp":299608072717639,"circlet_count":0,"master_deck":["Defend_G","Defend_G","Defend_G","Defend_G","Survivor+1","Neutralize+1","Noxious Fumes+1","Dash+1","Heel Hook+1","Bullet Time","Poisoned Stab","Dagger Throw","Panache","Outmaneuver","Heel Hook+1","Leg Sweep+1","Bane","Bite","Bite","Bite","Bite","Bite","A Thousand Cuts","Deadly Poison","Thinking Ahead","Leg Sweep+1"],"relics":["Ring of the Snake","Gambling Chip","Blue Candle","Art of War","Calling Bell","Omamori","Letter Opener","Pocketwatch","Pen Nib","Ornamental Fan","Velvet Choker","Boot","Ninja Scroll"],"potions_floor_usage":[12,16,19,19,25,25,27,41,41],"damage_taken":[{"damage":0,"enemies":"Cultist","floor":1,"turns":4},{"damage":6,"enemies":"Jaw Worm","floor":5,"turns":4},{"damage":0,"enemies":"2 Louse","floor":11,"turns":3},{"damage":25,"enemies":"Gremlin Nob","floor":12,"turns":5},{"damage":11,"enemies":"2 Fungi Beasts","floor":14,"turns":3},{"damage":16,"enemies":"The Guardian","floor":16,"turns":13},{"damage":4,"enemies":"Shell Parasite","floor":18,"turns":7},{"damage":42,"enemies":"Spheric Guardian","floor":19,"turns":6},{"damage":29,"enemies":"Book of Stabbing","floor":24,"turns":6},{"damage":12,"enemies":"Snake Plant","floor":25,"turns":3},{"damage":1,"enemies":"Shelled Parasite and Fungi","floor":27,"turns":4},{"damage":9,"enemies":"Centurion and Healer","floor":31,"turns":6},{"damage":59,"enemies":"Automaton","floor":33,"turns":10},{"damage":40,"enemies":"3 Darklings","floor":35,"turns":5},{"damage":11,"enemies":"Orb Walker","floor":39,"turns":3},{"damage":30,"enemies":"Reptomancer","floor":41,"turns":7},{"damage":28,"enemies":"Spire Growth","floor":42,"turns":2}],"seed_played":"8563767579758761970","potions_obtained":[{"floor":1,"key":"Swift Potion"},{"floor":12,"key":"SteroidPotion"},{"floor":14,"key":"Energy Potion"},{"floor":16,"key":"PowerPotion"},{"floor":18,"key":"Regen Potion"},{"floor":19,"key":"AttackPotion"},{"floor":25,"key":"SkillPotion"},{"floor":27,"key":"SteroidPotion"},{"floor":35,"key":"GhostInAJar"}],"is_trial":false,"path_per_floor":["M","?","?","?","M","R","?","R","T","R","M","E","?","M","R","B",null,"M","M","?","$","?","R","E","M","T","M","R","$","?","M","R","B",null,"M","?","?","$","M","R","E","M"],"character_chosen":"THE_SILENT","items_purchased":["Panache","Outmaneuver","Bane","Boot","Thinking Ahead"],"campfire_rested":4,"item_purchase_floors":[21,21,29,38,38],"current_hp_per_floor":[77,70,70,51,45,45,45,45,45,68,68,43,43,32,32,16,77,73,46,46,46,46,46,17,5,5,4,27,27,27,34,49,12,53,19,19,19,19,14,29,17,0],"gold":123,"neow_bonus":"TEN_PERCENT_HP_BONUS","is_prod":false,"is_daily":false,"chose_seed":false,"campfire_upgraded":4,"win_rate":0,"timestamp":1553033743,"path_taken":["M","?","?","?","M","R","?","R","T","R","M","E","?","?","R","BOSS","M","M","?","$","?","R","E","?","T","M","R","$","?","M","R","BOSS","M","?","?","$","M","R","E","M"],"build_version":"2019-01-23","purchased_purges":3,"victory":false,"max_hp_per_floor":[77,77,77,77,77,77,77,77,77,77,77,77,77,77,77,77,77,77,77,77,77,77,77,77,77,77,77,77,77,53,53,53,53,53,53,53,53,53,53,53,53,53],"card_choices":[{"not_picked":["Setup","Catalyst","Flechettes"],"picked":"SKIP","floor":1},{"not_picked":["Finisher","Dodge and Roll","Outmaneuver"],"picked":"SKIP","floor":5},{"not_picked":["Cloak And Dagger","Setup"],"picked":"Noxious Fumes","floor":11},{"not_picked":["Setup","Finisher"],"picked":"Dash","floor":12},{"not_picked":["Backflip","Deflect"],"picked":"Heel Hook","floor":14},{"not_picked":["Night Terror","Doppelganger"],"picked":"Bullet Time","floor":16},{"not_picked":["Sucker Punch","Masterful Stab"],"picked":"Poisoned Stab","floor":18},{"not_picked":["Dodge and Roll","Cloak And Dagger"],"picked":"Dagger Throw","floor":19},{"not_picked":["Terror+1","Sucker Punch"],"picked":"Leg Sweep+1","floor":24},{"not_picked":["Slice","Doppelganger","All Out Attack"],"picked":"SKIP","floor":25},{"not_picked":["Leg Sweep","Sucker Punch","PiercingWail"],"picked":"SKIP","floor":27},{"not_picked":["Quick Slash","Outmaneuver","Eviscerate"],"picked":"SKIP","floor":31},{"not_picked":["Doppelganger","Phantasmal Killer"],"picked":"A Thousand Cuts","floor":33},{"not_picked":["Well Laid Plans","Slice","Dagger Throw+1"],"picked":"SKIP","floor":35},{"not_picked":["Dagger Spray","Expertise+1"],"picked":"Leg Sweep+1","floor":39},{"not_picked":["PiercingWail+1","All Out Attack","Slice"],"picked":"SKIP","floor":41}],"player_experience":129637,"relics_obtained":[{"floor":9,"key":"Blue Candle"},{"floor":12,"key":"Art of War"},{"floor":17,"key":"Omamori"},{"floor":17,"key":"Letter Opener"},{"floor":17,"key":"Pocketwatch"},{"floor":24,"key":"Pen Nib"},{"floor":26,"key":"Ornamental Fan"},{"floor":41,"key":"Ninja Scroll"}],"event_choices":[{"cards_removed":["Strike_G"],"damage_healed":0,"gold_gain":0,"player_choice":"Card Removal","damage_taken":7,"max_hp_gain":0,"max_hp_loss":0,"event_name":"Golden Wing","floor":2,"gold_loss":0},{"cards_removed":["Defend_G"],"damage_healed":0,"gold_gain":0,"player_choice":"Card Removal","damage_taken":0,"max_hp_gain":0,"max_hp_loss":0,"event_name":"The Cleric","floor":3,"gold_loss":50},{"damage_healed":0,"gold_gain":0,"player_choice":"Take Damage","damage_taken":19,"relics_obtained":["Golden Idol"],"max_hp_gain":0,"max_hp_loss":0,"event_name":"Golden Idol","floor":4,"gold_loss":0},{"damage_healed":0,"gold_gain":0,"player_choice":"Box","damage_taken":0,"relics_obtained":["Gambling Chip"],"max_hp_gain":0,"max_hp_loss":0,"event_name":"Big Fish","floor":7,"gold_loss":0,"cards_obtained":["Regret"]},{"damage_healed":0,"gold_gain":0,"player_choice":"Grow","damage_taken":0,"max_hp_gain":0,"max_hp_loss":0,"event_name":"Living Wall","floor":13,"gold_loss":0,"cards_upgraded":["Dash"]},{"cards_removed":["Pain"],"damage_healed":0,"gold_gain":0,"player_choice":"Elegance","damage_taken":0,"max_hp_gain":0,"max_hp_loss":0,"event_name":"Back to Basics","floor":20,"gold_loss":0},{"damage_healed":0,"gold_gain":0,"player_choice":"Copied","damage_taken":0,"max_hp_gain":0,"max_hp_loss":0,"event_name":"Duplicator","floor":22,"gold_loss":0,"cards_obtained":["Heel Hook"]},{"damage_healed":0,"gold_gain":0,"player_choice":"Became a vampire","damage_taken":0,"max_hp_gain":0,"max_hp_loss":24,"event_name":"Vampires","floor":30,"gold_loss":0,"cards_obtained":["Bite","Bite","Bite","Bite","Bite"]},{"damage_healed":0,"gold_gain":333,"player_choice":"Gave Idol","damage_taken":0,"max_hp_gain":0,"max_hp_loss":0,"event_name":"The Moai Head","floor":36,"relics_lost":["Golden Idol"],"gold_loss":0},{"damage_healed":0,"gold_gain":0,"player_choice":"2 cards matched","damage_taken":0,"max_hp_gain":0,"max_hp_loss":0,"event_name":"Match and Keep!","floor":37,"gold_loss":0,"cards_obtained":["Deadly Poison","Doubt"]}],"is_beta":false,"boss_relics":[{"not_picked":["Eternal Feather","Lizard Tail"],"picked":"Calling Bell"},{"not_picked":["Pandora\u0027s Box","Astrolabe"],"picked":"Velvet Choker"}],"items_purged_floors":[21,29,38],"is_endless":false,"potions_floor_spawned":[1,12,14,16,18,19,25,27,35],"killed_by":"Spire Growth","ascension_level":3}