{"gold_per_floor":[113,113,126,188,9,9,40,59,136,311,311,326,346,364,364,466,466,485,485,485,500,519,519,539,148,197,197,197,45,45,62,62,165,165,175,185,285,297,297,329,329,349,375,375,394,394,90,108,108,108],"floor_reached":50,"playtime":10059,"items_purged":["Doubt","Pain"],"score":524,"play_id":"922ab248-9965-436d-9272-cf860779bfc7","local_time":"20190712225200","is_ascension_mode":false,"campfire_choices":[{"data":"Chaos","floor":6.0,"key":"SMITH"},{"floor":11.0,"key":"REST"},{"data":"Bandage Up","floor":15.0,"key":"SMITH"},{"floor":23,"key":"REST"},{"floor":27,"key":"REST"},{"floor":30,"key":"REST"},{"floor":32,"key":"REST"},{"data":"Barrage","floor":41,"key":"SMITH"},{"floor":44,"key":"REST"},{"floor":49,"key":"REST"}],"neow_cost":"NONE","seed_source_timestamp":0,"circlet_count":0,"master_deck":["Strike_B+1","Strike_B+1","Strike_B+1","Defend_B+1","Defend_B+1","Defend_B+1","Zap","Dualcast+1","Ball Lightning+1","Chaos+1","Bandage Up+1","Capacitor","Electrodynamics","Lockon","White Noise","Coolheaded","Compile Driver+1","Loop+1","Cold Snap+1","Streamline+1","Barrage+1","Conserve Battery","Steam","Rainbow+1","White Noise+1","Seek+1","White Noise+1","Tempest","Streamline+1","Auto Shields+1","Ball Lightning+1","Barrage+1","Doom and Gloom","FTL+1","Biased Cognition"],"special_seed":0,"relics":["Cracked Core","Boot","Bottled Lightning","Inserter","Pantograph","Orichalcum","Happy Flower","Dream Catcher","Astrolabe","Thread and Needle","Nunchaku","War Paint","WarpedTongs","Toolbox"],"potions_floor_usage":[22,24,31,40,50],"damage_taken":[{"damage":3.0,"enemies":"Small Slimes","floor":1.0,"turns":4.0},{"damage":1.0,"enemies":"Jaw Worm","floor":3.0,"turns":2.0},{"damage":27.0,"enemies":"Lagavulin","floor":7.0,"turns":6.0},{"damage":0.0,"enemies":"2 Louse","floor":8.0,"turns":2.0},{"damage":0.0,"enemies":"Large Slime","floor":12.0,"turns":3.0},{"damage":0.0,"enemies":"2 Fungi Beasts","floor":13.0,"turns":2.0},{"damage":5.0,"enemies":"Blue Slaver","floor":14.0,"turns":4.0},{"damage":40.0,"enemies":"Hexaghost","floor":16.0,"turns":11.0},{"damage":35,"enemies":"Spheric Guardian","floor":18,"turns":6},{"damage":16,"enemies":"2 Thieves","floor":21,"turns":3},{"damage":19,"enemies":"Centurion and Healer","floor":22,"turns":7},{"damage":27,"enemies":"Sentry and Sphere","floor":24,"turns":5},{"damage":13,"enemies":"Snake Plant","floor":31,"turns":4},{"damage":18,"enemies":"Champ","floor":33,"turns":9},{"damage":10,"enemies":"Orb Walker","floor":35,"turns":4},{"damage":27,"enemies":"3 Shapes","floor":36,"turns":3},{"damage":22,"enemies":"Mind Bloom Boss Battle","floor":37,"turns":7},{"damage":5,"enemies":"Maw","floor":38,"turns":6},{"damage":20,"enemies":"Nemesis","floor":40,"turns":7},{"damage":53,"enemies":"Sphere and 2 Shapes","floor":42,"turns":5},{"damage":36,"enemies":"4 Shapes","floor":45,"turns":3},{"damage":18,"enemies":"Spire Growth","floor":48,"turns":5},{"damage":76,"enemies":"Donu and Deca","floor":50,"turns":5}],"seed_played":"-991771397508545949","potions_obtained":[{"floor":7.0,"key":"AttackPotion"},{"floor":12.0,"key":"Poison Potion"},{"floor":16.0,"key":"Dexterity Potion"},{"floor":18,"key":"Dexterity Potion"},{"floor":22,"key":"Weak Potion"},{"floor":35,"key":"Block Potion"},{"floor":48,"key":"Fire Potion"}],"is_trial":false,"path_per_floor":["M","?","M","?","$","R","E","M","T","?","R","M","M","M","R","B",null,"M","?","?","M","M","R","M","$","T","R","?","$","R","M","R","B",null,"M","M","?","M","?","E","R","M","T","R","M","?","$","M","R","B"],"character_chosen":"DEFECT","items_purchased":["Bandage Up","Capacitor","Orichalcum","Dramatic Entrance","Ancient Potion","Dream Catcher","Toolbox"],"campfire_rested":7,"item_purchase_floors":[5,5,25,25,25,29,47],"current_hp_per_floor":[79,63,62,62,62,62,39,43,43,43,67,71,75,74,74,40,82,53,53,53,37,24,48,27,27,27,51,35,35,61,48,74,75,87,77,56,65,66,87,73,73,26,26,52,22,22,22,10,36,0],"gold":108,"neow_bonus":"TEN_PERCENT_HP_BONUS","is_prod":false,"is_daily":false,"chose_seed":false,"campfire_upgraded":3,"win_rate":0.0,"timestamp":1562986320,"path_taken":["M","?","M","?","$","R","E","M","T","?","R","M","M","M","R","BOSS","M","?","?","M","M","R","M","$","T","R","?","$","R","M","R","BOSS","M","M","?","M","?","E","R","M","T","R","?","?","$","?","R","BOSS"],"build_version":"2019-07-05","purchased_purges":2,"victory":false,"max_hp_per_floor":[82,82,82,82,82,82,82,82,82,82,82,82,82,82,82,82,82,82,82,82,82,82,82,82,82,82,82,87,87,87,87,87,87,87,87,87,87,87,87,87,87,87,87,87,87,87,87,87,87,87],"card_choices":[{"not_picked":["Compile Driver","Redo"],"picked":"Ball Lightning","floor":1.0},{"not_picked":["Compile Driver","Force Field"],"picked":"Chaos","floor":3.0},{"not_picked":["Steam Power","Compile Driver"],"picked":"Electrodynamics","floor":7.0},{"not_picked":["Steam","Chaos"],"picked":"Lockon","floor":8.0},{"not_picked":["Sweeping Beam","Rip and Tear","Melter"],"picked":"SKIP","floor":12.0},{"not_picked":["Steam","Amplify"],"picked":"White Noise","floor":13.0},{"not_picked":["Ball Lightning","Streamline"],"picked":"Coolheaded","floor":14.0},{"not_picked":["Fission","Buffer"],"picked":"Creative AI","floor":16.0},{"not_picked":["Streamline","Beam Cell"],"picked":"Compile Driver+1","floor":18},{"not_picked":["White Noise","Double Energy"],"picked":"Loop+1","floor":21},{"not_picked":["Consume","Electrodynamics"],"picked":"Cold Snap+1","floor":22},{"not_picked":["Tempest","Hologram+1"],"picked":"Streamline+1","floor":24},{"not_picked":["Scrape","White Noise"],"picked":"Barrage","floor":30},{"not_picked":["Go for the Eyes","Compile Driver+1"],"picked":"Conserve Battery","floor":31},{"not_picked":["Redo","Cold Snap"],"picked":"Steam","floor":32},{"not_picked":["Seek","Machine Learning"],"picked":"Rainbow","floor":33},{"not_picked":["Hologram+1","Stack+1"],"picked":"Tempest","floor":35},{"not_picked":["Consume+1","Static Discharge+1"],"picked":"Streamline+1","floor":36},{"not_picked":["Go for the Eyes+1","Stack+1"],"picked":"Auto Shields","floor":37},{"not_picked":["Beam Cell+1","Compile Driver"],"picked":"Ball Lightning+1","floor":38},{"not_picked":["Stack+1","Blizzard+1"],"picked":"Barrage+1","floor":40},{"not_picked":["Storm","Compile Driver"],"picked":"Doom and Gloom","floor":42},{"not_picked":["Amplify","Barrage+1"],"picked":"FTL+1","floor":44},{"not_picked":["Go for the Eyes+1","Tempest","Reprogram"],"picked":"SKIP","floor":45},{"not_picked":["BootSequence+1","Beam Cell","Conserve Battery+1"],"picked":"SKIP","floor":48},{"not_picked":["Leap+1","Coolheaded+1"],"picked":"Biased Cognition","floor":49}],"player_experience":53833,"relics_obtained":[{"floor":7.0,"key":"Boot"},{"floor":9.0,"key":"Bottled Lightning"},{"floor":26,"key":"Happy Flower"},{"floor":37,"key":"Thread and Needle"},{"floor":40,"key":"Nunchaku"},{"floor":43,"key":"War Paint"}],"event_choices":[{"damage_healed":0.0,"max_hp_gain":0.0,"max_hp_loss":0.0,"gold_gain":0.0,"event_name":"Shining Light","player_choice":"Entered Light","floor":2.0,"gold_loss":0.0,"damage_taken":16.0,"cards_upgraded":["Ball Lightning","Dualcast"]},{"damage_healed":0.0,"max_hp_gain":0.0,"max_hp_loss":0.0,"gold_gain":62.0,"event_name":"Golden Wing","player_choice":"Gained Gold","floor":4.0,"gold_loss":0.0,"damage_taken":0.0},{"damage_healed":0.0,"max_hp_gain":0.0,"max_hp_loss":0.0,"gold_gain":175.0,"event_name":"Liars Game","player_choice":"AGREE","floor":10.0,"gold_loss":0.0,"damage_taken":0.0,"cards_obtained":["Doubt"]},{"damage_healed":0,"gold_gain":0,"player_choice":"Simplicity","damage_taken":0,"max_hp_gain":0,"max_hp_loss":0,"event_name":"Back to Basics","floor":19,"gold_loss":0,"cards_upgraded":["Strike_B","Strike_B","Strike_B","Strike_B","Defend_B","Defend_B","Defend_B","Defend_B"]},{"damage_healed":0,"gold_gain":0,"player_choice":"Opened","damage_taken":0,"relics_obtained":["Pantograph"],"max_hp_gain":0,"max_hp_loss":0,"event_name":"The Mausoleum","floor":20,"gold_loss":0},{"damage_healed":0,"gold_gain":0,"player_choice":"Shed Blood","damage_taken":21,"max_hp_gain":5,"max_hp_loss":0,"event_name":"Forgotten Altar","floor":28,"gold_loss":0},{"damage_healed":0,"gold_gain":0,"player_choice":"Fight","damage_taken":0,"max_hp_gain":0,"max_hp_loss":0,"event_name":"MindBloom","floor":37,"gold_loss":0},{"cards_removed":["Dramatic Entrance"],"damage_healed":21,"gold_gain":0,"player_choice":"Offered Uncommon","damage_taken":0,"max_hp_gain":0,"max_hp_loss":0,"event_name":"Bonfire Elementals","floor":39,"gold_loss":0},{"damage_healed":0,"gold_gain":0,"player_choice":"Rummage","damage_taken":0,"relics_obtained":["WarpedTongs"],"max_hp_gain":0,"max_hp_loss":0,"event_name":"Accursed Blacksmith","floor":46,"gold_loss":0,"cards_obtained":["Pain"]}],"is_beta":false,"boss_relics":[{"not_picked":["Ectoplasm","Lizard Tail"],"picked":"Inserter"},{"not_picked":["Sozu","Coffee Dripper"],"picked":"Astrolabe"}],"items_purged_floors":[25,47],"is_endless":false,"potions_floor_spawned":[7,12,16,18,22,35,36,48],"killed_by":"Donu and Deca","ascension_level":0}