{"gold_per_floor":[110,110,121,146,146,146,1,1,54,67,67,91,122,138,138,263,263,287,167,167,182,97,97,97,146,169,184,184,40,40,55,55,179,179,199,217,231,231,9,9,43,43],"floor_reached":42,"playtime":4626,"items_purged":["Defend_B"],"score":424,"play_id":"efb56d28-5fed-41f1-a710-92e497279772","local_time":"20190912185232","is_ascension_mode":false,"campfire_choices":[{"data":"Ball Lightning","floor":6.0,"key":"SMITH"},{"data":"Capacitor","floor":11.0,"key":"SMITH"},{"floor":15.0,"key":"REST"},{"data":"Go for the Eyes","floor":23.0,"key":"SMITH"},{"floor":28,"key":"REST"},{"data":"Fusion","floor":30,"key":"SMITH"},{"data":"Melter","floor":32,"key":"SMITH"},{"floor":40,"key":"REST"}],"neow_cost":"NONE","seed_source_timestamp":0,"circlet_count":0,"master_deck":["Strike_B","Strike_B","Strike_B","Defend_B","Defend_B","Defend_B+1","Zap+1","Dualcast","Coolheaded","Ball Lightning+1","Capacitor+1","Lockon","Fusion+1","Double Energy+1","Electrodynamics","Leap","Go for the Eyes+1","Leap","Gash+1","Melter+1","Conserve Battery+1","Conserve Battery+1","Streamline+1","Master of Strategy+1","Redo+1"],"special_seed":0,"relics":["Cracked Core","Centennial Puzzle","Golden Idol","Vajra","Bottled Flame","White Beast Statue","Regal Pillow","MutagenicStrength","Anchor","Bag of Marbles","War Paint","Lizard Tail","Toxic Egg 2","Bag of Preparation"],"potions_floor_usage":[33,33,33,35,37,41,42],"damage_taken":[{"damage":5.0,"enemies":"Small Slimes","floor":1.0,"turns":3.0},{"damage":6.0,"enemies":"Jaw Worm","floor":3.0,"turns":4.0},{"damage":0.0,"enemies":"2 Louse","floor":10.0,"turns":3.0},{"damage":5.0,"enemies":"Blue Slaver","floor":12.0,"turns":5.0},{"damage":36.0,"enemies":"Gremlin Nob","floor":13.0,"turns":4.0},{"damage":0.0,"enemies":"3 Louse","floor":14.0,"turns":2.0},{"damage":8.0,"enemies":"Hexaghost","floor":16.0,"turns":11.0},{"damage":5.0,"enemies":"Chosen","floor":18.0,"turns":4.0},{"damage":13.0,"enemies":"2 Thieves","floor":21.0,"turns":4.0},{"damage":15.0,"enemies":"Centurion and Healer","floor":27.0,"turns":7.0},{"damage":2,"enemies":"Shelled Parasite and Fungi","floor":31,"turns":5},{"damage":80,"enemies":"Automaton","floor":33,"turns":12},{"damage":25,"enemies":"3 Darklings","floor":35,"turns":4},{"damage":0,"enemies":"Orb Walker","floor":36,"turns":3},{"damage":0,"enemies":"Sphere and 2 Shapes","floor":37,"turns":3},{"damage":108,"enemies":"Giant Head","floor":41,"turns":12},{"damage":14,"enemies":"Transient","floor":42,"turns":5}],"seed_played":"-5122410743990125197","potions_obtained":[{"floor":1.0,"key":"AttackPotion"},{"floor":10.0,"key":"LiquidBronze"},{"floor":12.0,"key":"PowerPotion"},{"floor":18.0,"key":"PowerPotion"},{"floor":21.0,"key":"Explosive Potion"},{"floor":27.0,"key":"Regen Potion"},{"floor":31,"key":"Regen Potion"},{"floor":33,"key":"FocusPotion"},{"floor":35,"key":"SpeedPotion"},{"floor":36,"key":"Ancient Potion"},{"floor":37,"key":"GamblersBrew"},{"floor":41,"key":"SteroidPotion"}],"is_trial":false,"path_per_floor":["M","?","M","T","?","R","$","?","T","M","R","M","E","M","R","B",null,"M","$","?","M","?","R","?","T","T","M","R","$","R","M","R","B",null,"M","M","M","?","$","R","E","M"],"character_chosen":"DEFECT","items_purchased":["Capacitor","Lockon","Leap","War Paint","Master of Strategy+1","Weak Potion"],"campfire_rested":3,"item_purchase_floors":[7,7,19,29,39,39],"current_hp_per_floor":[77,77,71,71,64,64,64,64,64,64,64,59,23,23,45,37,76,71,71,71,58,58,58,58,58,58,43,76,76,76,74,74,33,76,51,51,51,51,51,76,9,0],"gold":43,"neow_bonus":"TEN_PERCENT_HP_BONUS","is_prod":false,"is_daily":false,"chose_seed":false,"campfire_upgraded":5,"win_rate":0.0,"timestamp":1568339552,"path_taken":["M","?","M","?","?","R","$","?","T","?","R","M","E","M","R","BOSS","M","$","?","M","?","R","?","?","T","M","R","?","R","M","R","BOSS","M","M","?","?","$","R","E","?"],"build_version":"2019-07-17","purchased_purges":1,"victory":false,"max_hp_per_floor":[82,82,82,82,82,82,82,76,76,76,76,76,76,76,76,76,76,76,76,76,76,76,76,76,76,76,76,76,76,76,76,76,76,76,76,76,76,76,76,76,76,76],"card_choices":[{"not_picked":["Reinforced Body","Streamline"],"picked":"Coolheaded","floor":1.0},{"not_picked":["Steam","Gash"],"picked":"Ball Lightning","floor":3.0},{"not_picked":["Go for the Eyes","Barrage"],"picked":"Fusion","floor":10.0},{"not_picked":["Steam","Coolheaded"],"picked":"Double Energy","floor":12.0},{"not_picked":["Chill","Double Energy"],"picked":"Electrodynamics","floor":13.0},{"not_picked":["Stack","Ball Lightning"],"picked":"Leap","floor":14.0},{"not_picked":["Hologram","Stack"],"picked":"Go for the Eyes","floor":18.0},{"not_picked":["Beam Cell","Reprogram","Fusion"],"picked":"SKIP","floor":21.0},{"not_picked":["Sweeping Beam","FTL"],"picked":"Gash+1","floor":27.0},{"not_picked":["Redo","Compile Driver"],"picked":"Melter","floor":31},{"not_picked":["Static Discharge+1","Double Energy+1"],"picked":"Conserve Battery+1","floor":35},{"not_picked":["Chaos+1","Cold Snap+1"],"picked":"Conserve Battery+1","floor":36},{"not_picked":["Conserve Battery+1","Electrodynamics"],"picked":"Streamline+1","floor":37},{"not_picked":["Barrage+1","Coolheaded+1"],"picked":"Redo+1","floor":41}],"player_experience":7001,"relics_obtained":[{"floor":4.0,"key":"Centennial Puzzle"},{"floor":9.0,"key":"Vajra"},{"floor":13.0,"key":"Bottled Flame"},{"floor":25.0,"key":"Anchor"},{"floor":26.0,"key":"Bag of Marbles"},{"floor":41,"key":"Bag of Preparation"}],"event_choices":[{"damage_healed":0.0,"max_hp_gain":0.0,"max_hp_loss":0.0,"gold_gain":0.0,"event_name":"Living Wall","player_choice":"Grow","floor":2.0,"gold_loss":0.0,"damage_taken":0.0,"cards_upgraded":["Defend_B"]},{"cards_removed":["Strike_B"],"damage_healed":0.0,"max_hp_gain":0.0,"max_hp_loss":0.0,"gold_gain":0.0,"event_name":"Golden Wing","player_choice":"Card Removal","floor":5.0,"gold_loss":0.0,"damage_taken":7.0},{"damage_healed":0.0,"max_hp_gain":0.0,"max_hp_loss":6.0,"gold_gain":0.0,"event_name":"Golden Idol","player_choice":"Lose Max HP","floor":8.0,"gold_loss":0.0,"damage_taken":0.0,"relics_obtained":["Golden Idol"]},{"damage_healed":0.0,"max_hp_gain":0.0,"max_hp_loss":0.0,"gold_gain":0.0,"event_name":"Ghosts","player_choice":"Ignored","floor":20.0,"gold_loss":0.0,"damage_taken":0.0},{"damage_healed":0.0,"max_hp_gain":0.0,"max_hp_loss":0.0,"gold_gain":0.0,"event_name":"Addict","player_choice":"Obtained Relic","floor":22.0,"gold_loss":85.0,"damage_taken":0.0,"relics_obtained":["Regal Pillow"]},{"damage_healed":0.0,"max_hp_gain":0.0,"max_hp_loss":0.0,"gold_gain":0.0,"event_name":"Drug Dealer","player_choice":"Inject Mutagens","floor":24.0,"gold_loss":0.0,"damage_taken":0.0,"relics_obtained":["MutagenicStrength"]},{"damage_healed":0,"gold_gain":0,"player_choice":"Gave Potion","damage_taken":0,"relics_obtained":["Toxic Egg 2"],"max_hp_gain":0,"max_hp_loss":0,"event_name":"WeMeetAgain","floor":38,"gold_loss":0}],"is_beta":false,"boss_relics":[{"not_picked":["FrozenCore","Sozu"],"picked":"White Beast Statue"},{"not_picked":["Eternal Feather","Coffee Dripper"],"picked":"Lizard Tail"}],"items_purged_floors":[19],"is_endless":false,"potions_floor_spawned":[1,10,12,18,21,27,31,33,35,36,37,41],"killed_by":"Transient","ascension_level":0}