{"gold_per_floor":[117,117,132,152,164,164,183,183,183,183,183,40,50,83,83,184,184,200,216,216,12,22,22,22,35,35,35,35,69,69,87,87,87],"floor_reached":33,"playtime":4090,"items_purged":["Strike_R"],"score":267,"play_id":"51e89d15-8c74-40e7-a401-6145e28c7cf2","local_time":"20190914213917","is_ascension_mode":false,"campfire_choices":[{"data":"Combust","floor":6,"key":"SMITH"},{"data":"Flex","floor":8,"key":"SMITH"},{"data":"Bash","floor":11,"key":"SMITH"},{"data":"Shrug It Off","floor":15,"key":"SMITH"},{"data":"Hemokinesis","floor":24,"key":"SMITH"},{"data":"Berserk","floor":28,"key":"SMITH"},{"data":"Ghostly Armor","floor":32,"key":"SMITH"}],"neow_cost":"PERCENT_DAMAGE","seed_source_timestamp":777711379285036,"circlet_count":0,"master_deck":["Strike_R","Strike_R","Strike_R","Strike_R","Defend_R","Defend_R","Defend_R","Defend_R","Bash+1","Flex+1","Reaper","Combust+1","Shrug It Off+1","Headbutt","Ghostly Armor+1","Berserk+1","Hemokinesis+1","Iron Wave+1","Rupture","Thunderclap","Body Slam+1","Rage","Infernal Blade+1","Juggernaut"],"relics":["Burning Blood","Gambling Chip","Blood Vial","Dream Catcher","PreservedInsect","Pantograph","Mark of Pain","Strawberry","Pen Nib"],"potions_floor_usage":[16,22,29,29,29,33],"damage_taken":[{"damage":2,"enemies":"2 Louse","floor":1,"turns":4},{"damage":1,"enemies":"Cultist","floor":3,"turns":3},{"damage":7,"enemies":"Small Slimes","floor":4,"turns":5},{"damage":14,"enemies":"Blue Slaver","floor":5,"turns":6},{"damage":6,"enemies":"Lots of Slimes","floor":7,"turns":2},{"damage":6,"enemies":"3 Louse","floor":13,"turns":2},{"damage":15,"enemies":"Lagavulin","floor":14,"turns":5},{"damage":10,"enemies":"Slime Boss","floor":16,"turns":10},{"damage":13,"enemies":"Shell Parasite","floor":18,"turns":6},{"damage":14,"enemies":"Chosen","floor":19,"turns":5},{"damage":33,"enemies":"Shelled Parasite and Fungi","floor":22,"turns":5},{"damage":31,"enemies":"Centurion and Healer","floor":25,"turns":5},{"damage":22,"enemies":"Gremlin Leader","floor":29,"turns":4},{"damage":30,"enemies":"Snake Plant","floor":31,"turns":4},{"damage":72,"enemies":"Collector","floor":33,"turns":6}],"seed_played":"-4437998433991408127","potions_obtained":[{"floor":5,"key":"BloodPotion"},{"floor":7,"key":"Swift Potion"},{"floor":13,"key":"Block Potion"},{"floor":18,"key":"Strength Potion"},{"floor":25,"key":"LiquidBronze"},{"floor":29,"key":"Ancient Potion"}],"is_trial":false,"path_per_floor":["M","?","M","M","M","R","M","R","T","?","R","$","M","E","R","B",null,"M","M","?","$","M","$","R","M","T","$","R","E","?","M","R","B"],"character_chosen":"IRONCLAD","items_purchased":["PreservedInsect","Rupture","Thunderclap"],"campfire_rested":0,"item_purchase_floors":[12,21,21],"current_hp_per_floor":[60,60,65,68,64,64,79,79,79,72,72,72,74,71,71,76,80,80,72,72,72,79,79,79,57,64,64,64,57,57,35,35,0],"gold":87,"neow_bonus":"ONE_RARE_RELIC","is_prod":false,"is_daily":false,"chose_seed":false,"campfire_upgraded":7,"win_rate":0,"timestamp":1568511557,"path_taken":["M","?","M","?","M","R","M","R","T","?","R","$","M","E","R","BOSS","M","M","?","$","M","$","R","?","T","$","R","E","?","M","R","BOSS"],"build_version":"2019-07-17","purchased_purges":1,"victory":false,"max_hp_per_floor":[80,80,80,80,80,80,80,80,80,80,80,80,80,80,80,80,80,80,80,80,80,80,80,80,80,87,87,87,87,87,87,87,87],"card_choices":[{"not_picked":["Twin Strike","Rupture"],"picked":"Flex","floor":1},{"not_picked":["Flex","Cleave"],"picked":"Shrug It Off","floor":3},{"not_picked":["Dual Wield","Sentinel","Pommel Strike"],"picked":"SKIP","floor":4},{"not_picked":["Dual Wield","Bloodletting","Cleave"],"picked":"SKIP","floor":5},{"not_picked":["Wild Strike","Anger","Body Slam"],"picked":"SKIP","floor":7},{"not_picked":["Brutality","Shrug It Off"],"picked":"Headbutt","floor":13},{"not_picked":["Iron Wave","Reckless Charge"],"picked":"Ghostly Armor","floor":14},{"not_picked":["Offering","Dark Embrace"],"picked":"Berserk","floor":16},{"not_picked":["Fire Breathing+1","Cleave"],"picked":"Hemokinesis","floor":18},{"not_picked":["Infernal Blade","Burning Pact"],"picked":"Iron Wave+1","floor":19},{"not_picked":["Ghostly Armor","Cleave"],"picked":"Body Slam+1","floor":22},{"not_picked":["True Grit","Warcry"],"picked":"Rage","floor":25},{"not_picked":["Second Wind","Sentinel"],"picked":"Infernal Blade+1","floor":29},{"not_picked":["Clothesline","Wild Strike+1"],"picked":"Juggernaut","floor":31}],"player_experience":303882,"relics_obtained":[{"floor":9,"key":"Blood Vial"},{"floor":14,"key":"Pantograph"},{"floor":26,"key":"Strawberry"},{"floor":29,"key":"Pen Nib"}],"event_choices":[{"damage_healed":0,"gold_gain":0,"player_choice":"2 cards matched","damage_taken":0,"max_hp_gain":0,"max_hp_loss":0,"event_name":"Match and Keep!","floor":2,"gold_loss":0,"cards_obtained":["Reaper","Combust"]},{"damage_healed":0,"gold_gain":0,"player_choice":"Success","damage_taken":7,"relics_obtained":["Dream Catcher"],"max_hp_gain":0,"max_hp_loss":0,"event_name":"Scrap Ooze","floor":10,"gold_loss":0},{"damage_healed":0,"gold_gain":0,"player_choice":"Ignored","damage_taken":0,"max_hp_gain":0,"max_hp_loss":0,"event_name":"N\u0027loth","floor":20,"gold_loss":0},{"damage_healed":0,"gold_gain":0,"player_choice":"Ignored","damage_taken":0,"max_hp_gain":0,"max_hp_loss":0,"event_name":"The Mausoleum","floor":30,"gold_loss":0}],"is_beta":false,"boss_relics":[{"not_picked":["Orrery","Runic Cube"],"picked":"Mark of Pain"}],"items_purged_floors":[21],"is_endless":false,"potions_floor_spawned":[5,7,13,14,18,19,25,29],"killed_by":"Collector","ascension_level":0}