{"gold_per_floor":[115,190,190,50,62,89,89,108,133,133,146,146,171,186,186,258,258,276,291,69,89,89,89,189,189,189,189],"floor_reached":27,"playtime":2339,"items_purged":[],"score":431,"play_id":"e3025622-57b2-4bb5-9413-75daf9cac0b1","local_time":"20190120173924","is_ascension_mode":true,"campfire_choices":[{"floor":7,"key":"REST"},{"data":"Fiend Fire","floor":15,"key":"SMITH"},{"data":"Feel No Pain","floor":23,"key":"SMITH"}],"neow_cost":"NONE","seed_source_timestamp":0,"circlet_count":0,"master_deck":["AscendersBane","Strike_R","Strike_R","Strike_R","Strike_R","Strike_R","Defend_R","Defend_R","Defend_R","Defend_R","Bash","Juggernaut","True Grit","Shrug It Off","Evolve","Cleave","Havoc","Fiend Fire+1","Clothesline","Sentinel","Feel No Pain+1","Shrug It Off","Reaper","Flame Barrier","Sever Soul","Secret Weapon","Flex","Corruption+1","Fiend Fire+1"],"special_seed":0,"relics":["Burning Blood","Lantern","Anchor","Dodecahedron","Calipers","Runic Pyramid","MutagenicStrength","Mango","Frozen Egg 2","Dream Catcher"],"potions_floor_usage":[6,11,13,13,24,24],"damage_taken":[{"damage":0,"enemies":"Cultist","floor":1,"turns":4},{"damage":1,"enemies":"2 Louse","floor":5,"turns":3},{"damage":64,"enemies":"Gremlin Nob","floor":6,"turns":6},{"damage":18,"enemies":"Jaw Worm","floor":8,"turns":4},{"damage":3,"enemies":"2 Fungi Beasts","floor":11,"turns":3},{"damage":0,"enemies":"Lagavulin","floor":13,"turns":5},{"damage":0,"enemies":"Red Slaver","floor":14,"turns":3},{"damage":39,"enemies":"Slime Boss","floor":16,"turns":13},{"damage":2,"enemies":"3 Byrds","floor":18,"turns":4},{"damage":0,"enemies":"Chosen","floor":19,"turns":3},{"damage":14,"enemies":"Shelled Parasite and Fungi","floor":21,"turns":4},{"damage":15,"enemies":"Colosseum Slavers","floor":24,"turns":5},{"damage":11,"enemies":"Colosseum Nobs","floor":24,"turns":6},{"damage":115,"enemies":"Gremlin Leader","floor":27,"turns":13}],"seed_played":"5590459811778595039","potions_obtained":[{"floor":5,"key":"SpeedPotion"},{"floor":8,"key":"EntropicBrew"},{"floor":11,"key":"EssenceOfSteel"},{"floor":18,"key":"Strength Potion"},{"floor":21,"key":"Fire Potion"}],"is_trial":false,"path_per_floor":["M","?","?","$","M","E","R","M","T","T","M","?","E","M","R","B",null,"M","M","$","M","?","R","?","?","T","E"],"character_chosen":"IRONCLAD","items_purchased":["Shrug It Off","Evolve","Cleave","Sever Soul","Secret Weapon"],"campfire_rested":1,"item_purchase_floors":[4,4,4,20,20],"current_hp_per_floor":[74,63,63,63,68,10,32,20,20,20,23,75,75,75,75,42,67,71,75,75,67,67,67,83,83,83,0],"gold":189,"neow_bonus":"ONE_RANDOM_RARE_CARD","is_prod":false,"is_daily":false,"chose_seed":false,"campfire_upgraded":2,"win_rate":0,"timestamp":1548034764,"path_taken":["M","?","?","$","M","E","R","M","T","?","M","?","E","?","R","BOSS","M","M","$","M","?","R","?","?","T","E"],"build_version":"2019-01-17v2","purchased_purges":0,"victory":false,"max_hp_per_floor":[75,75,75,75,75,75,75,75,75,75,75,75,75,75,75,75,75,75,75,75,75,75,75,89,89,89,89],"card_choices":[{"not_picked":["Reckless Charge","Dropkick"],"picked":"True Grit","floor":1},{"not_picked":["True Grit","Twin Strike"],"picked":"Havoc","floor":5},{"not_picked":["Sword Boomerang","Warcry"],"picked":"Fiend Fire","floor":6},{"not_picked":["Dual Wield","Iron Wave"],"picked":"Clothesline","floor":8},{"not_picked":["Blood for Blood","Anger"],"picked":"Sentinel","floor":11},{"not_picked":["Intimidate","Infernal Blade"],"picked":"Feel No Pain","floor":13},{"not_picked":["Rampage","Pommel Strike"],"picked":"Shrug It Off","floor":14},{"not_picked":["Impervious","Exhume"],"picked":"Reaper","floor":16},{"not_picked":["Havoc","Ghostly Armor"],"picked":"Flame Barrier","floor":18},{"not_picked":["Headbutt","Bloodletting","Carnage"],"picked":"SKIP","floor":19},{"not_picked":["Pommel Strike+1","Anger"],"picked":"Flex","floor":21},{"not_picked":["Armaments","Shrug It Off"],"picked":"Corruption","floor":24}],"player_experience":494794,"relics_obtained":[{"floor":6,"key":"Lantern"},{"floor":9,"key":"Anchor"},{"floor":10,"key":"Dodecahedron"},{"floor":13,"key":"Calipers"},{"floor":24,"key":"Mango"},{"floor":24,"key":"Frozen Egg 2"},{"floor":26,"key":"Dream Catcher"}],"event_choices":[{"damage_healed":0,"gold_gain":75,"player_choice":"Gather Gold","damage_taken":11,"max_hp_gain":0,"max_hp_loss":0,"event_name":"World of Goop","floor":2,"gold_loss":0},{"damage_healed":0,"gold_gain":0,"player_choice":"Leave","damage_taken":0,"max_hp_gain":0,"max_hp_loss":0,"event_name":"The Cleric","floor":3,"gold_loss":0},{"damage_healed":52,"gold_gain":0,"player_choice":"Full Heal","damage_taken":0,"max_hp_gain":0,"max_hp_loss":0,"event_name":"Wheel of Change","floor":12,"gold_loss":0},{"damage_healed":0,"gold_gain":0,"player_choice":"Inject Mutagens","damage_taken":0,"relics_obtained":["MutagenicStrength"],"max_hp_gain":0,"max_hp_loss":0,"event_name":"Drug Dealer","floor":22,"gold_loss":0},{"damage_healed":0,"gold_gain":0,"player_choice":"Fight","damage_taken":0,"max_hp_gain":0,"max_hp_loss":0,"event_name":"Colosseum","floor":24,"gold_loss":0},{"damage_healed":0,"gold_gain":0,"player_choice":"Fought Nobs","damage_taken":0,"max_hp_gain":0,"max_hp_loss":0,"event_name":"Colosseum","floor":24,"gold_loss":0},{"damage_healed":0,"gold_gain":0,"player_choice":"Copied","damage_taken":0,"max_hp_gain":0,"max_hp_loss":0,"event_name":"Duplicator","floor":25,"gold_loss":0,"cards_obtained":["Fiend Fire"]}],"is_beta":false,"boss_relics":[{"not_picked":["Velvet Choker","Calling Bell"],"picked":"Runic Pyramid"}],"items_purged_floors":[],"is_endless":false,"potions_floor_spawned":[5,8,11,18,21],"killed_by":"Gremlin Leader","ascension_level":15}