{"gold_per_floor":[17,17,87,102,116,116,144,144,144,144,215,254,306,326,326,419,419,440,122,122,80,99,99,142,142,220,255,255,48,48,81,81,179,179,203,203,41,57,182,182,182,182,182,182],"floor_reached":44,"playtime":2361,"items_purged":["Injury"],"score":1057,"play_id":"121c9c32-2d6b-4fcd-b769-d1dbcdcacc52","local_time":"20190911183138","is_ascension_mode":true,"campfire_choices":[{"data":"Armaments","floor":6.0,"key":"SMITH"},{"floor":8.0,"key":"REST"},{"floor":15.0,"key":"REST"},{"data":"PanicButton","floor":23.0,"key":"SMITH"},{"data":"Offering","floor":25.0,"key":"SMITH"},{"floor":32.0,"key":"REST"},{"data":"Disarm","floor":40.0,"key":"SMITH"},{"data":"Entrench","floor":42.0,"key":"SMITH"}],"neow_cost":"NO_GOLD","seed_source_timestamp":180551438383600,"circlet_count":0,"master_deck":["AscendersBane","Defend_R+1","Defend_R+1","Defend_R+1","Defend_R+1","Bash+1","Offering+1","Seeing Red","Armaments+1","Iron Wave","Immolate","Shrug It Off","Metallicize+1","Barricade+1","Entrench+1","PanicButton+1","Bite","Bite","Bite","Bite","Bite","Feel No Pain+1","Havoc+1","Combust+1","J.A.X.","Thinking Ahead","Exhume","Combust+1","Madness","Madness","Rupture+1","Disarm+1","Body Slam+1","Discovery"],"special_seed":0,"relics":["Burning Blood","Matryoshka","Frozen Egg 2","Bag of Marbles","Golden Idol","Self Forming Clay","Strawberry","Lantern","Smiling Mask","Sozu","Oddly Smooth Stone","Juzu Bracelet","Shuriken","Omamori","Darkstone Periapt","Black Star","Bird Faced Urn","Pantograph"],"potions_floor_usage":[],"damage_taken":[{"damage":1.0,"enemies":"Small Slimes","floor":1.0,"turns":4.0},{"damage":8.0,"enemies":"2 Louse","floor":4.0,"turns":4.0},{"damage":12.0,"enemies":"Cultist","floor":5.0,"turns":5.0},{"damage":61.0,"enemies":"3 Sentries","floor":7.0,"turns":18.0},{"damage":6.0,"enemies":"Gremlin Nob","floor":11.0,"turns":3.0},{"damage":11.0,"enemies":"Gremlin Nob","floor":12.0,"turns":3.0},{"damage":14.0,"enemies":"Exordium Thugs","floor":14.0,"turns":3.0},{"damage":44.0,"enemies":"Slime Boss","floor":16.0,"turns":14.0},{"damage":23.0,"enemies":"Shell Parasite","floor":18.0,"turns":5.0},{"damage":17.0,"enemies":"3 Byrds","floor":22.0,"turns":9.0},{"damage":14.0,"enemies":"Slavers","floor":24.0,"turns":11.0},{"damage":24.0,"enemies":"Book of Stabbing","floor":27.0,"turns":6.0},{"damage":60.0,"enemies":"Slavers","floor":31.0,"turns":7.0},{"damage":34.0,"enemies":"Collector","floor":33.0,"turns":18.0},{"damage":29.0,"enemies":"3 Darklings","floor":35.0,"turns":12.0},{"damage":16.0,"enemies":"Orb Walker","floor":38.0,"turns":5.0},{"damage":22.0,"enemies":"Mind Bloom Boss Battle","floor":39.0,"turns":9.0},{"damage":62,"enemies":"Reptomancer","floor":44,"turns":2}],"seed_played":"2881938482014628305","potions_obtained":[{"floor":4.0,"key":"Ancient Potion"},{"floor":12.0,"key":"Weak Potion"},{"floor":14.0,"key":"Strength Potion"},{"floor":16.0,"key":"Fire Potion"}],"is_trial":false,"path_per_floor":["M","?","?","M","M","R","E","R","T","?","?","E","T","M","R","B",null,"M","$","?","$","M","R","E","R","T","E","?","$","?","E","R","B",null,"M","?","$","M","?","R","?","R","T","E"],"character_chosen":"IRONCLAD","items_purchased":["Oddly Smooth Stone","PanicButton","Feel No Pain+1","Thinking Ahead","Rupture+1","Disarm"],"campfire_rested":3,"item_purchase_floors":[19,19,21,29,37,37],"current_hp_per_floor":[73,73,73,71,65,65,10,32,32,32,32,34,34,26,50,12,65,48,48,48,48,57,57,57,57,57,52,52,52,52,12,29,57,57,57,47,47,46,52,52,52,52,52,0],"gold":182,"neow_bonus":"THREE_RARE_CARDS","is_prod":false,"is_daily":false,"chose_seed":false,"campfire_upgraded":5,"win_rate":0,"timestamp":1568251898,"path_taken":["M","?","?","M","M","R","E","R","T","?","?","E","?","M","R","BOSS","M","$","?","$","M","R","E","R","T","E","?","$","?","E","R","BOSS","M","?","$","M","?","R","?","R","T","E"],"build_version":"2019-07-17","purchased_purges":1,"victory":false,"max_hp_per_floor":[75,75,75,75,75,75,75,75,75,75,75,82,82,82,82,82,82,82,82,57,57,57,57,57,57,57,57,57,57,57,57,57,57,57,57,57,57,57,57,57,57,57,57,57],"card_choices":[{"not_picked":["Brutality","Fiend Fire"],"picked":"Offering","floor":0.0},{"not_picked":["Warcry","Havoc"],"picked":"Seeing Red","floor":1.0},{"not_picked":["Clash","Headbutt"],"picked":"Armaments","floor":4.0},{"not_picked":["Sword Boomerang","Entrench"],"picked":"Iron Wave","floor":5.0},{"not_picked":["Clash","Combust"],"picked":"Immolate","floor":7.0},{"not_picked":["Pummel","Armaments"],"picked":"Shrug It Off","floor":11.0},{"not_picked":["Clash","Headbutt"],"picked":"Metallicize+1","floor":12.0},{"not_picked":["True Grit","Rampage","Perfected Strike"],"picked":"SKIP","floor":14.0},{"not_picked":["Limit Break","Double Tap"],"picked":"Barricade+1","floor":16.0},{"not_picked":["Sword Boomerang","Reckless Charge"],"picked":"Entrench","floor":18.0},{"not_picked":["Clash","Burning Pact"],"picked":"Havoc+1","floor":22.0},{"not_picked":["Immolate","Evolve+1"],"picked":"Combust+1","floor":24.0},{"not_picked":["Intimidate","Armaments","Anger+1"],"picked":"SKIP","floor":27.0},{"not_picked":["Armaments","Sever Soul","Uppercut"],"picked":"SKIP","floor":31.0},{"not_picked":["Immolate","Demon Form+1"],"picked":"Exhume","floor":33.0},{"not_picked":["Anger","Iron Wave"],"picked":"Combust+1","floor":35.0},{"not_picked":["Heavy Blade","Fire Breathing+1"],"picked":"Body Slam+1","floor":38.0},{"not_picked":["Swift Strike","Purity"],"picked":"Discovery","floor":41.0}],"player_experience":671493,"relics_obtained":[{"floor":7.0,"key":"Matryoshka"},{"floor":9.0,"key":"Frozen Egg 2"},{"floor":9.0,"key":"Bag of Marbles"},{"floor":12.0,"key":"Strawberry"},{"floor":13.0,"key":"Lantern"},{"floor":13.0,"key":"Smiling Mask"},{"floor":24.0,"key":"Juzu Bracelet"},{"floor":26.0,"key":"Shuriken"},{"floor":27.0,"key":"Omamori"},{"floor":31.0,"key":"Darkstone Periapt"},{"floor":39.0,"key":"Bird Faced Urn"},{"floor":43.0,"key":"Pantograph"}],"event_choices":[{"damage_healed":0.0,"max_hp_gain":0.0,"max_hp_loss":0.0,"gold_gain":0.0,"event_name":"Living Wall","player_choice":"Grow","floor":2.0,"gold_loss":0.0,"damage_taken":0.0,"cards_upgraded":["Bash"]},{"damage_healed":0.0,"max_hp_gain":0.0,"max_hp_loss":0.0,"gold_gain":70.0,"event_name":"Golden Wing","player_choice":"Gained Gold","floor":3.0,"gold_loss":0.0,"damage_taken":0.0},{"damage_healed":0.0,"max_hp_gain":0.0,"max_hp_loss":0.0,"gold_gain":0.0,"event_name":"Golden Idol","player_choice":"Take Wound","floor":10.0,"gold_loss":0.0,"damage_taken":0.0,"relics_obtained":["Golden Idol"],"cards_obtained":["Injury"]},{"damage_healed":0.0,"max_hp_gain":0.0,"max_hp_loss":0.0,"gold_gain":0.0,"event_name":"Dead Adventurer","player_choice":"Searched \u00273\u0027 times","floor":11.0,"gold_loss":0.0,"damage_taken":0.0,"relics_obtained":["Self Forming Clay"]},{"damage_healed":0.0,"max_hp_gain":0.0,"max_hp_loss":25.0,"gold_gain":0.0,"event_name":"Vampires","player_choice":"Became a vampire","floor":20.0,"gold_loss":0.0,"damage_taken":0.0,"cards_obtained":["Bite","Bite","Bite","Bite","Bite"]},{"damage_healed":0.0,"max_hp_gain":0.0,"max_hp_loss":0.0,"gold_gain":0.0,"event_name":"Drug Dealer","player_choice":"Obtain J.A.X.","floor":28.0,"gold_loss":0.0,"damage_taken":0.0,"cards_obtained":["J.A.X."]},{"damage_healed":0.0,"max_hp_gain":0.0,"max_hp_loss":0.0,"gold_gain":0.0,"event_name":"Back to Basics","player_choice":"Simplicity","floor":30.0,"gold_loss":0.0,"damage_taken":0.0,"cards_upgraded":["Defend_R","Defend_R","Defend_R","Defend_R"]},{"damage_healed":0.0,"max_hp_gain":0.0,"max_hp_loss":0.0,"gold_gain":0.0,"event_name":"Winding Halls","player_choice":"Embrace Madness","floor":36.0,"gold_loss":0.0,"damage_taken":10.0,"cards_obtained":["Madness","Madness"]},{"damage_healed":0.0,"max_hp_gain":0.0,"max_hp_loss":0.0,"gold_gain":0.0,"event_name":"MindBloom","player_choice":"Fight","floor":39.0,"gold_loss":0.0,"damage_taken":0.0},{"damage_healed":0.0,"max_hp_gain":0.0,"max_hp_loss":0.0,"gold_gain":0.0,"event_name":"SensoryStone","player_choice":"Memory 1","floor":41.0,"gold_loss":0.0,"damage_taken":0.0}],"is_beta":false,"boss_relics":[{"not_picked":["Orrery","Astrolabe"],"picked":"Sozu"},{"not_picked":["Pandora\u0027s Box","Runic Pyramid"],"picked":"Black Star"}],"items_purged_floors":[19],"is_endless":false,"potions_floor_spawned":[4,12,14,16,18,22,27,31,38],"killed_by":"Reptomancer","ascension_level":20}