{"gold_per_floor":[109,129,129,147,157,192,192,202,254,179,179,199,199,37,37,133,133,151,168,37,49,69,69],"floor_reached":23,"playtime":3567,"items_purged":["Defend_B"],"score":215,"play_id":"68074671-2e5a-4ea2-8666-f77dabb152c7","local_time":"20190817194504","is_ascension_mode":true,"campfire_choices":[{"data":"Buffer","floor":7,"key":"SMITH"},{"floor":15,"key":"REST"}],"neow_cost":"NONE","seed_source_timestamp":0,"circlet_count":0,"master_deck":["Strike_B+1","Strike_B+1","Defend_B","Defend_B","Zap","Dualcast","Buffer+1","Fusion","Genetic Algorithm","Stack","Static Discharge","Cold Snap","Genetic Algorithm","Barrage","Self Repair","Conserve Battery","Sweeping Beam","Storm","Self Repair","Buffer","Hologram","Streamline+1","The Bomb","Consume+1","Turbo"],"special_seed":0,"relics":["Cracked Core","Whetstone","Lantern","The Courier","Sozu"],"potions_floor_usage":[6,8,12],"damage_taken":[{"damage":9.0,"enemies":"2 Louse","floor":1.0,"turns":3.0},{"damage":0.0,"enemies":"Cultist","floor":2.0,"turns":4.0},{"damage":2.0,"enemies":"Jaw Worm","floor":4.0,"turns":5.0},{"damage":6.0,"enemies":"Red Slaver","floor":5.0,"turns":4.0},{"damage":26,"enemies":"Gremlin Nob","floor":6,"turns":5},{"damage":10,"enemies":"Large Slime","floor":8,"turns":8},{"damage":11,"enemies":"Exordium Thugs","floor":12,"turns":6},{"damage":27,"enemies":"The Guardian","floor":16,"turns":15},{"damage":44,"enemies":"3 Byrds","floor":18,"turns":5},{"damage":4,"enemies":"Shell Parasite","floor":19,"turns":5},{"damage":10,"enemies":"3 Cultists","floor":21,"turns":5},{"damage":32,"enemies":"Centurion and Healer","floor":22,"turns":6},{"damage":24,"enemies":"Gremlin Leader","floor":23,"turns":5}],"seed_played":"-8574921054194981154","potions_obtained":[{"floor":2.0,"key":"Poison Potion"},{"floor":5.0,"key":"Regen Potion"},{"floor":6,"key":"GamblersBrew"},{"floor":8,"key":"SteroidPotion"}],"is_trial":false,"path_per_floor":["M","M","?","M","M","E","R","M","T","$","T","M","?","$","R","B",null,"M","M","$","M","M","E"],"character_chosen":"DEFECT","items_purchased":["Conserve Battery","Sweeping Beam","Storm","Self Repair","The Bomb"],"campfire_rested":1,"item_purchase_floors":[14,14,14,14,20],"current_hp_per_floor":[66,66,66,64,58,46,46,36,36,36,36,25,25,25,47,34,75,45,55,55,45,20,0],"gold":69,"neow_bonus":"TRANSFORM_CARD","is_prod":false,"is_daily":false,"chose_seed":false,"campfire_upgraded":1,"win_rate":0,"timestamp":1566085504,"path_taken":["M","M","?","M","M","E","R","M","T","$","?","M","?","$","R","BOSS","M","M","$","?","M","E"],"build_version":"2019-07-17","purchased_purges":1,"victory":false,"max_hp_per_floor":[75,75,75,75,75,75,75,75,75,75,75,75,75,75,75,75,75,75,75,75,75,75,75],"card_choices":[{"not_picked":["Stack","Go for the Eyes"],"picked":"Fusion","floor":1.0},{"not_picked":["Self Repair","Scrape"],"picked":"Genetic Algorithm","floor":2.0},{"not_picked":["Compile Driver","Steam"],"picked":"Static Discharge","floor":4.0},{"not_picked":["Blizzard","Auto Shields"],"picked":"Cold Snap","floor":5.0},{"not_picked":["Sunder","Leap"],"picked":"Genetic Algorithm","floor":6},{"not_picked":["Fusion","Steam Power"],"picked":"Barrage","floor":8},{"not_picked":["Chaos","Glacier"],"picked":"Self Repair","floor":12},{"not_picked":["Meteor Strike","Reboot"],"picked":"Buffer","floor":16},{"not_picked":["Chill","Aggregate+1"],"picked":"Hologram","floor":18},{"not_picked":["Sweeping Beam","Auto Shields"],"picked":"Streamline+1","floor":19},{"not_picked":["Chill","Blizzard+1"],"picked":"Consume+1","floor":21},{"not_picked":["Lockon","Stack"],"picked":"Turbo","floor":22}],"player_experience":125784,"relics_obtained":[{"floor":6,"key":"Whetstone"},{"floor":9,"key":"Lantern"},{"floor":11,"key":"The Courier"}],"event_choices":[{"damage_healed":0.0,"max_hp_gain":0.0,"max_hp_loss":0.0,"gold_gain":0.0,"cards_transformed":["Strike_B"],"event_name":"Transmorgrifier","player_choice":"Transformed","floor":3.0,"gold_loss":0.0,"damage_taken":0.0,"cards_obtained":["Stack"]},{"cards_removed":["Defend_B"],"damage_healed":0,"gold_gain":0,"player_choice":"Purged","damage_taken":0,"max_hp_gain":0,"max_hp_loss":0,"event_name":"Purifier","floor":13,"gold_loss":0}],"is_beta":false,"boss_relics":[{"not_picked":["Ectoplasm","Empty Cage"],"picked":"Sozu"}],"items_purged_floors":[10],"is_endless":false,"potions_floor_spawned":[2,5,6,8,18,19],"killed_by":"Gremlin Leader","ascension_level":2}