{"gold_per_floor":[115,145,157,157,204,204,235,235,235,235,235,249,249,261,261,261],"floor_reached":16,"playtime":822,"items_purged":[],"score":191,"play_id":"08338b99-69c3-4667-b71e-032a36261159","local_time":"20190406214450","is_ascension_mode":true,"campfire_choices":[{"data":"Cold Snap","floor":6,"key":"SMITH"},{"data":"Ball Lightning","floor":8,"key":"SMITH"},{"data":"Zap","floor":10,"key":"SMITH"},{"data":"Redo","floor":13,"key":"SMITH"},{"data":"Auto Shields","floor":15,"key":"SMITH"}],"neow_cost":"NONE","seed_source_timestamp":345044978276181,"circlet_count":0,"master_deck":["AscendersBane","Strike_B","Strike_B","Strike_B","Strike_B","Defend_B","Defend_B","Defend_B","Defend_B","Zap+1","Dualcast+1","Cold Snap+1","Ball Lightning+1","Redo+1","Auto Shields+1"],"relics":["Velvet Choker","Tiny Chest","Mercury Hourglass","Ancient Tea Set","Lantern","Frozen Egg 2"],"potions_floor_usage":[7,14],"damage_taken":[{"damage":2,"enemies":"Jaw Worm","floor":1,"turns":4},{"damage":1,"enemies":"Cultist","floor":3,"turns":4},{"damage":19,"enemies":"Gremlin Nob","floor":7,"turns":4},{"damage":0,"enemies":"Small Slimes","floor":12,"turns":3},{"damage":0,"enemies":"Gremlin Gang","floor":14,"turns":3},{"damage":42,"enemies":"Slime Boss","floor":16,"turns":11}],"seed_played":"2941899994036654046","potions_obtained":[{"floor":3,"key":"Ancient Potion"},{"floor":7,"key":"Swift Potion"}],"is_trial":false,"path_per_floor":["M","?","M","T","T","R","E","R","T","R","?","M","R","M","R","B"],"character_chosen":"DEFECT","items_purchased":[],"campfire_rested":0,"item_purchase_floors":[],"current_hp_per_floor":[62,62,61,61,61,61,42,42,42,42,42,42,42,42,42,0],"gold":261,"neow_bonus":"BOSS_RELIC","is_prod":false,"is_daily":false,"chose_seed":false,"campfire_upgraded":5,"win_rate":0,"timestamp":1554601490,"path_taken":["M","?","?","?","?","R","E","R","T","R","?","M","R","M","R","BOSS"],"build_version":"2019-01-23","purchased_purges":0,"victory":false,"max_hp_per_floor":[71,71,71,71,71,71,71,71,71,71,71,71,71,71,71,71],"card_choices":[{"not_picked":["Barrage","Sweeping Beam"],"picked":"Cold Snap","floor":1},{"not_picked":["Rebound","Chill"],"picked":"Cold Snap","floor":3},{"not_picked":["Gash","Barrage"],"picked":"Ball Lightning","floor":7},{"not_picked":["Beam Cell","Turbo"],"picked":"Redo","floor":12},{"not_picked":["Chill","Recycle"],"picked":"Auto Shields","floor":14}],"player_experience":836520,"relics_obtained":[{"floor":4,"key":"Mercury Hourglass"},{"floor":5,"key":"Ancient Tea Set"},{"floor":7,"key":"Lantern"},{"floor":9,"key":"Frozen Egg 2"}],"event_choices":[{"cards_removed":["Cold Snap"],"damage_healed":0,"gold_gain":0,"player_choice":"Gave Card","damage_taken":0,"relics_obtained":["Tiny Chest"],"max_hp_gain":0,"max_hp_loss":0,"event_name":"WeMeetAgain","floor":2,"gold_loss":0},{"damage_healed":0,"gold_gain":0,"player_choice":"Upgraded","damage_taken":0,"max_hp_gain":0,"max_hp_loss":0,"event_name":"Upgrade Shrine","floor":11,"gold_loss":0,"cards_upgraded":["Dualcast"]}],"is_beta":false,"boss_relics":[],"items_purged_floors":[],"is_endless":false,"potions_floor_spawned":[3,7],"killed_by":"Slime Boss","ascension_level":19}