{"gold_per_floor":[115,115,94,106,117,117,145,145,227,227,242,242,259,272,272,368,368,379,379,294,309,20,20,20,20,20,20,51,62,62,62,62,165,165,177,277,294,294,309,309,339,351,374,374,2,29,29,42,42,42],"floor_reached":51,"playtime":4275,"items_purged":["Strike_B"],"score":1022,"play_id":"f02072db-481d-480a-bd16-fea42308467e","local_time":"20190212234425","is_ascension_mode":true,"campfire_choices":[{"data":"FTL","floor":6,"key":"SMITH"},{"data":"Go for the Eyes","floor":8,"key":"SMITH"},{"data":"Melter","floor":10,"key":"SMITH"},{"data":"Rip and Tear","floor":12,"key":"SMITH"},{"floor":15,"key":"REST"},{"data":"Streamline","floor":24,"key":"SMITH"},{"data":"Ghostly","floor":30,"key":"SMITH"},{"data":"Ghostly","floor":32,"key":"SMITH"},{"data":"Echo Form","floor":40,"key":"SMITH"},{"data":"Ghostly","floor":47,"key":"SMITH"},{"floor":49,"key":"REST"}],"neow_cost":"NONE","seed_source_timestamp":26795406280372,"circlet_count":0,"master_deck":["AscendersBane","Defend_B","Defend_B","Defend_B","Zap","Dualcast","Recycle+1","Sweeping Beam+1","Go for the Eyes+1","Melter+1","FTL+1","Go for the Eyes+1","Rip and Tear+1","Conserve Battery","Streamline+1","Core Surge","Hologram+1","Auto Shields","Impatience","Ghostly+1","Ghostly+1","Ghostly+1","Ghostly","Ghostly","Gash+1","Streamline+1","Echo Form+1","Rebound+1","Steam+1","Ghostly+1","White Noise+1","Secret Weapon+1","Sweeping Beam+1"],"relics":["Astrolabe","Pen Nib","Question Card","Busted Crown","Juzu Bracelet","Regal Pillow","Tiny Chest","Anchor","Molten Egg 2","MutagenicStrength","Runic Pyramid","Ice Cream","Toxic Egg 2","Omamori","Strawberry","Boot"],"potions_floor_usage":[7,16,33,33,41,50],"damage_taken":[{"damage":0,"enemies":"Small Slimes","floor":1,"turns":3},{"damage":0,"enemies":"2 Louse","floor":4,"turns":2},{"damage":4,"enemies":"Jaw Worm","floor":5,"turns":2},{"damage":21,"enemies":"Gremlin Nob","floor":7,"turns":4},{"damage":0,"enemies":"Exordium Wildlife","floor":11,"turns":2},{"damage":3,"enemies":"Large Slime","floor":13,"turns":3},{"damage":2,"enemies":"3 Louse","floor":14,"turns":3},{"damage":32,"enemies":"The Guardian","floor":16,"turns":9},{"damage":0,"enemies":"Spheric Guardian","floor":18,"turns":1},{"damage":9,"enemies":"Shell Parasite","floor":21,"turns":3},{"damage":1,"enemies":"Book of Stabbing","floor":28,"turns":7},{"damage":0,"enemies":"Snake Plant","floor":29,"turns":6},{"damage":24,"enemies":"Collector","floor":33,"turns":10},{"damage":0,"enemies":"Orb Walker","floor":35,"turns":3},{"damage":0,"enemies":"Mind Bloom Boss Battle","floor":36,"turns":4},{"damage":0,"enemies":"3 Shapes","floor":37,"turns":3},{"damage":1,"enemies":"Transient","floor":39,"turns":5},{"damage":1,"enemies":"Giant Head","floor":41,"turns":10},{"damage":5,"enemies":"3 Darklings","floor":42,"turns":6},{"damage":2,"enemies":"Maw","floor":48,"turns":7},{"damage":18,"enemies":"Donu and Deca","floor":50,"turns":11}],"seed_played":"-4934029777624707048","potions_obtained":[{"floor":5,"key":"SpeedPotion"},{"floor":14,"key":"SpeedPotion"},{"floor":28,"key":"Dexterity Potion"},{"floor":29,"key":"SteroidPotion"},{"floor":37,"key":"AttackPotion"},{"floor":42,"key":"SkillPotion"}],"is_trial":false,"path_per_floor":["M","?","?","M","M","R","E","R","T","R","M","R","M","M","R","B",null,"M","?","?","M","$","?","R","?","T","?","E","M","R","?","R","B",null,"M","?","M","?","M","R","E","M","T","?","$","T","R","M","R","B",null],"character_chosen":"DEFECT","items_purchased":["Tiny Chest","Impatience","Strawberry","Secret Weapon+1","Sweeping Beam+1"],"campfire_rested":2,"item_purchase_floors":[22,22,45,45,45],"current_hp_per_floor":[68,61,61,61,57,57,36,36,36,36,36,36,33,31,53,21,62,62,62,62,53,53,53,53,53,53,37,36,36,36,36,36,12,31,31,31,31,31,30,30,29,24,24,24,31,31,31,29,44,26],"gold":42,"neow_bonus":"BOSS_RELIC","is_prod":false,"is_daily":false,"chose_seed":false,"campfire_upgraded":9,"win_rate":0,"timestamp":1550043865,"path_taken":["M","?","?","M","M","R","E","R","T","R","M","R","M","M","R","BOSS","M","?","?","M","$","?","R","?","T","?","E","M","R","?","R","BOSS","M","?","M","?","M","R","E","M","T","?","$","?","R","M","R","BOSS"],"build_version":"2019-01-23","purchased_purges":1,"victory":true,"max_hp_per_floor":[75,75,75,75,75,75,75,75,75,75,75,75,75,75,75,75,75,75,75,75,75,75,75,75,75,75,37,37,37,37,37,37,37,37,37,37,37,37,37,37,37,37,37,37,44,44,44,44,44,44],"card_choices":[{"not_picked":["Conserve Battery","Go for the Eyes"],"picked":"Melter","floor":1},{"not_picked":["Hologram","Stack"],"picked":"FTL","floor":4},{"not_picked":["Redo","Turbo","Multi-Cast"],"picked":"SKIP","floor":5},{"not_picked":["Capacitor","Cold Snap"],"picked":"Go for the Eyes","floor":7},{"not_picked":["Compile Driver","Turbo","Cold Snap"],"picked":"Rip and Tear","floor":11},{"not_picked":["Coolheaded","Redo","Rebound"],"picked":"Conserve Battery","floor":13},{"not_picked":["Double Energy","FTL","Fusion"],"picked":"Streamline","floor":14},{"not_picked":["Machine Learning","Biased Cognition","Fission"],"picked":"Core Surge","floor":16},{"not_picked":["Steam"],"picked":"Hologram+1","floor":18},{"not_picked":["Stack"],"picked":"Auto Shields","floor":21},{"not_picked":["Coolheaded+1"],"picked":"Gash","floor":28},{"not_picked":["Auto Shields"],"picked":"Streamline+1","floor":29},{"not_picked":["Reboot"],"picked":"Echo Form","floor":33},{"not_picked":["Streamline+1","Stack"],"picked":"SKIP","floor":35},{"not_picked":["Storm+1"],"picked":"Rebound+1","floor":36},{"not_picked":["Leap+1"],"picked":"Steam+1","floor":37},{"not_picked":["Coolheaded+1","Sweeping Beam+1"],"picked":"SKIP","floor":39},{"not_picked":["Loop+1","Conserve Battery"],"picked":"SKIP","floor":41},{"not_picked":["Redo+1"],"picked":"White Noise+1","floor":42},{"not_picked":["Sweeping Beam+1","Storm+1"],"picked":"SKIP","floor":48}],"player_experience":607673,"relics_obtained":[{"floor":7,"key":"Pen Nib"},{"floor":9,"key":"Question Card"},{"floor":26,"key":"Anchor"},{"floor":28,"key":"Molten Egg 2"},{"floor":36,"key":"Ice Cream"},{"floor":41,"key":"Toxic Egg 2"},{"floor":43,"key":"Omamori"},{"floor":46,"key":"Boot"}],"event_choices":[{"cards_removed":["Strike_B"],"damage_healed":0,"gold_gain":0,"player_choice":"Card Removal","damage_taken":7,"max_hp_gain":0,"max_hp_loss":0,"event_name":"Golden Wing","floor":2,"gold_loss":0},{"damage_healed":0,"gold_gain":0,"player_choice":"Left Gold","damage_taken":0,"max_hp_gain":0,"max_hp_loss":0,"event_name":"World of Goop","floor":3,"gold_loss":21},{"damage_healed":0,"gold_gain":0,"player_choice":"Opened","damage_taken":0,"relics_obtained":["Juzu Bracelet"],"max_hp_gain":0,"max_hp_loss":0,"event_name":"The Mausoleum","floor":19,"gold_loss":0},{"damage_healed":0,"gold_gain":0,"player_choice":"Obtained Relic","damage_taken":0,"relics_obtained":["Regal Pillow"],"max_hp_gain":0,"max_hp_loss":0,"event_name":"Addict","floor":20,"gold_loss":85},{"damage_healed":0,"gold_gain":0,"player_choice":"Ignored","damage_taken":0,"max_hp_gain":0,"max_hp_loss":0,"event_name":"Cursed Tome","floor":23,"gold_loss":0},{"damage_healed":0,"gold_gain":0,"player_choice":"Ignored","damage_taken":0,"max_hp_gain":0,"max_hp_loss":0,"event_name":"Beggar","floor":25,"gold_loss":0},{"damage_healed":0,"gold_gain":0,"player_choice":"Became a Ghost","damage_taken":0,"max_hp_gain":0,"max_hp_loss":38,"event_name":"Ghosts","floor":27,"gold_loss":0,"cards_obtained":["Ghostly","Ghostly","Ghostly","Ghostly","Ghostly"]},{"damage_healed":0,"gold_gain":0,"player_choice":"Inject Mutagens","damage_taken":0,"relics_obtained":["MutagenicStrength"],"max_hp_gain":0,"max_hp_loss":0,"event_name":"Drug Dealer","floor":31,"gold_loss":0},{"damage_healed":0,"gold_gain":0,"player_choice":"Fight","damage_taken":0,"max_hp_gain":0,"max_hp_loss":0,"event_name":"MindBloom","floor":36,"gold_loss":0},{"damage_healed":0,"gold_gain":0,"player_choice":"Copied","damage_taken":0,"max_hp_gain":0,"max_hp_loss":0,"event_name":"Duplicator","floor":38,"gold_loss":0,"cards_obtained":["Ghostly"]},{"damage_healed":0,"gold_gain":0,"player_choice":"Ignored","damage_taken":0,"max_hp_gain":0,"max_hp_loss":0,"event_name":"SecretPortal","floor":44,"gold_loss":0}],"is_beta":false,"boss_relics":[{"not_picked":["Empty Cage","Coffee Dripper"],"picked":"Busted Crown"},{"not_picked":["Velvet Choker","Snecko Eye"],"picked":"Runic Pyramid"}],"items_purged_floors":[22],"is_endless":false,"potions_floor_spawned":[5,14,28,29,37,42],"ascension_level":11}