{"gold_per_floor":[115,130,130,130,149,183,204,204,234,251,269,294,294,247,247,350,400,410,410,424,435,4,4,24,51,51,70,70,70,95,106,106,206,206,218,235,306,306,35,63,73,73,100,100,100,100,115,134,134,134,134,134,8,33,33],"floor_reached":55,"playtime":5044,"items_purged":["Genetic Algorithm","Beam Cell"],"score":747,"play_id":"40742e44-e74e-485a-bae1-0d8436e76e6d","local_time":"20190114142943","is_ascension_mode":false,"campfire_choices":[{"floor":8,"key":"REST"},{"data":"Defragment","floor":13,"key":"SMITH"},{"floor":15,"key":"REST"},{"floor":23,"key":"REST"},{"data":"Self Repair","floor":28,"key":"SMITH"},{"floor":32,"key":"REST"},{"data":"Fission","floor":42,"key":"SMITH"},{"floor":46,"key":"RECALL"},{"data":"Defragment","floor":49,"key":"SMITH"},{"data":"Biased Cognition","floor":52,"key":"SMITH"}],"neow_cost":"NONE","seed_source_timestamp":573738762968833,"circlet_count":0,"master_deck":["Zap","Dualcast+1","Defragment+1","Compile Driver","Leap+1","White Noise","Leap","Rebound+1","Core Surge","Biased Cognition+1","Darkness","Cold Snap","Defragment+1","Ball Lightning+1","Self Repair+1","Bandage Up","Defragment+1","Redo+1","Chill+1","Redo","Amplify","Biased Cognition","Fission+1","Seek","Darkness","Machine Learning","Core Surge","Beam Cell","Cold Snap+1","Core Surge","Finesse","Darkness+1","Loop","Go for the Eyes"],"relics":["Cracked Core","NeowsBlessing","Darkstone Periapt","Odd Mushroom","Tiny Chest","Whetstone","Tiny House","Symbiotic Virus","Pen Nib","Girya","Pandora\u0027s Box","Cables","ClockworkSouvenir","Pear","Smiling Mask","Mummified Hand","Bag of Preparation"],"potions_floor_usage":[6,7,12,16,21,25,30,30,31,48,55,55],"damage_taken":[{"damage":0,"enemies":"Cultist","floor":1,"turns":1},{"damage":0,"enemies":"2 Louse","floor":2,"turns":1},{"damage":0,"enemies":"Small Slimes","floor":5,"turns":1},{"damage":17,"enemies":"Gremlin Nob","floor":6,"turns":4},{"damage":3,"enemies":"The Mushroom Lair","floor":7,"turns":4},{"damage":12,"enemies":"2 Fungi Beasts","floor":10,"turns":4},{"damage":6,"enemies":"Looter","floor":11,"turns":3},{"damage":10,"enemies":"3 Sentries","floor":12,"turns":5},{"damage":12,"enemies":"Hexaghost","floor":16,"turns":11},{"damage":14,"enemies":"Shell Parasite","floor":18,"turns":6},{"damage":19,"enemies":"Spheric Guardian","floor":20,"turns":5},{"damage":22,"enemies":"Centurion and Healer","floor":21,"turns":6},{"damage":3,"enemies":"Chosen and Byrds","floor":24,"turns":4},{"damage":22,"enemies":"Gremlin Leader","floor":25,"turns":7},{"damage":15,"enemies":"Shelled Parasite and Fungi","floor":27,"turns":5},{"damage":19,"enemies":"Slavers","floor":30,"turns":5},{"damage":13,"enemies":"Snecko","floor":31,"turns":6},{"damage":20,"enemies":"Champ","floor":33,"turns":7},{"damage":4,"enemies":"Orb Walker","floor":35,"turns":5},{"damage":37,"enemies":"3 Darklings","floor":36,"turns":4},{"damage":16,"enemies":"Reptomancer","floor":40,"turns":7},{"damage":1,"enemies":"Writhing Mass","floor":41,"turns":6},{"damage":6,"enemies":"Transient","floor":47,"turns":5},{"damage":16,"enemies":"3 Darklings","floor":48,"turns":4},{"damage":52,"enemies":"Awakened One","floor":50,"turns":8},{"damage":12,"enemies":"Shield and Spear","floor":54,"turns":7},{"damage":93,"enemies":"The Heart","floor":55,"turns":6}],"seed_played":"-8360813974093979510","potions_obtained":[{"floor":2,"key":"SteroidPotion"},{"floor":5,"key":"Block Potion"},{"floor":6,"key":"FocusPotion"},{"floor":10,"key":"Dexterity Potion"},{"floor":17,"key":"Strength Potion"},{"floor":18,"key":"Weak Potion"},{"floor":20,"key":"Swift Potion"},{"floor":27,"key":"LiquidBronze"},{"floor":30,"key":"GamblersBrew"},{"floor":36,"key":"GamblersBrew"},{"floor":40,"key":"Ancient Potion"},{"floor":54,"key":"Fire Potion"}],"is_trial":false,"path_per_floor":["M","M","?","?","M","E","?","R","T","M","M","E","R","?","R","B",null,"M","?","M","M","$","R","M","E","T","M","R","?","E","M","R","B",null,"M","M","T","?","$","E","M","R","T","?","T","R","M","M","R","B",null,"R","$","E","B"],"character_chosen":"DEFECT","items_purchased":["Self Repair","Symbiotic Virus","Bandage Up","ClockworkSouvenir","Go for the Eyes","Dexterity Potion"],"campfire_rested":4,"item_purchase_floors":[22,22,22,39,53,53],"current_hp_per_floor":[75,75,63,48,48,31,28,50,50,38,32,22,22,22,44,32,80,66,66,47,25,25,49,50,39,39,35,35,35,40,37,61,55,80,76,53,53,53,53,61,74,74,74,74,74,74,82,80,80,42,90,90,90,88,0],"gold":33,"neow_bonus":"THREE_ENEMY_KILL","is_prod":false,"is_daily":false,"chose_seed":false,"campfire_upgraded":5,"win_rate":0,"timestamp":1547504983,"path_taken":["M","?","?","?","M","E","?","R","T","M","M","E","R","?","R","BOSS","M","?","M","M","$","R","M","E","T","M","R","?","E","M","R","BOSS","M","M","?","?","$","E","M","R","T","?","?","R","M","M","R","BOSS","R","$","E","BOSS"],"build_version":"2019-01-10","purchased_purges":2,"victory":false,"max_hp_per_floor":[75,75,75,75,75,75,75,75,75,75,75,75,75,75,75,75,80,80,80,80,80,80,80,80,80,80,80,80,80,80,80,80,80,80,80,80,80,80,80,90,90,90,90,90,90,90,90,90,90,90,90,90,90,90,90],"card_choices":[{"not_picked":["Conserve Battery","Auto Shields"],"picked":"Defragment","floor":1},{"not_picked":["Streamline","Turbo"],"picked":"Compile Driver","floor":2},{"not_picked":["Aggregate","Melter"],"picked":"Leap","floor":5},{"not_picked":["Lockon","Conserve Battery"],"picked":"White Noise","floor":6},{"not_picked":["Reinforced Body","Go for the Eyes"],"picked":"Leap","floor":7},{"not_picked":["Reinforced Body","Steam","Skim"],"picked":"SKIP","floor":10},{"not_picked":["Double Energy","Hologram"],"picked":"Rebound","floor":11},{"not_picked":["Stack","Reboot"],"picked":"Core Surge","floor":12},{"not_picked":["Core Surge","Reboot"],"picked":"Biased Cognition","floor":16},{"not_picked":["Redo","FTL"],"picked":"Darkness","floor":17},{"not_picked":["White Noise","Steam Power"],"picked":"Cold Snap","floor":18},{"not_picked":["Go for the Eyes","Compile Driver","Conserve Battery"],"picked":"SKIP","floor":20},{"not_picked":["Lockon","Skim"],"picked":"Ball Lightning+1","floor":21},{"not_picked":["Cold Snap","Blizzard"],"picked":"Defragment+1","floor":24},{"not_picked":["Steam+1","Undo"],"picked":"Redo+1","floor":25},{"not_picked":["Tempest+1","Scrape"],"picked":"Chill+1","floor":27},{"not_picked":["Sweeping Beam","Melter"],"picked":"Redo","floor":30},{"not_picked":["Rebound","Turbo+1"],"picked":"Amplify","floor":31},{"not_picked":["All For One","Electrodynamics"],"picked":"Biased Cognition","floor":33},{"not_picked":["Turbo","Reprogram","Sweeping Beam"],"picked":"SKIP","floor":35},{"not_picked":["Steam+1","Conserve Battery"],"picked":"Cold Snap+1","floor":36},{"not_picked":["Fusion+1","BootSequence"],"picked":"Core Surge","floor":40},{"not_picked":["Barrage+1","Tempest+1","Conserve Battery+1"],"picked":"SKIP","floor":41},{"not_picked":["Forethought","Enlightenment"],"picked":"Finesse","floor":44},{"not_picked":["Ball Lightning+1","Rebound"],"picked":"Darkness+1","floor":47},{"not_picked":["Melter","Skim"],"picked":"Loop","floor":48},{"not_picked":["Double Energy+1","Aggregate","Ball Lightning"],"picked":"SKIP","floor":54}],"player_experience":441207,"relics_obtained":[{"floor":6,"key":"Darkstone Periapt"},{"floor":7,"key":"Odd Mushroom"},{"floor":9,"key":"Tiny Chest"},{"floor":12,"key":"Whetstone"},{"floor":25,"key":"Pen Nib"},{"floor":30,"key":"Girya"},{"floor":37,"key":"Cables"},{"floor":40,"key":"Pear"},{"floor":43,"key":"Smiling Mask"},{"floor":45,"key":"Mummified Hand"},{"floor":54,"key":"Bag of Preparation"}],"event_choices":[{"damage_healed":0,"gold_gain":0,"player_choice":"Fled","damage_taken":12,"max_hp_gain":0,"max_hp_loss":0,"event_name":"Scrap Ooze","floor":3,"gold_loss":0},{"damage_healed":0,"gold_gain":0,"player_choice":"Entered Light","damage_taken":15,"max_hp_gain":0,"max_hp_loss":0,"event_name":"Shining Light","floor":4,"gold_loss":0,"cards_upgraded":["Defend_B","Dualcast"]},{"damage_healed":0,"gold_gain":0,"player_choice":"Fought Mushrooms","damage_taken":0,"max_hp_gain":0,"max_hp_loss":0,"event_name":"Mushrooms","floor":7,"gold_loss":0},{"damage_healed":0,"gold_gain":0,"player_choice":"Left Gold","damage_taken":0,"max_hp_gain":0,"max_hp_loss":0,"event_name":"World of Goop","floor":14,"gold_loss":47},{"damage_healed":0,"gold_gain":0,"player_choice":"Read","damage_taken":0,"max_hp_gain":0,"max_hp_loss":0,"event_name":"The Library","floor":19,"gold_loss":0,"cards_obtained":["Defragment"]},{"damage_healed":0,"gold_gain":0,"player_choice":"Ignored","damage_taken":0,"max_hp_gain":0,"max_hp_loss":0,"event_name":"NoteForYourself","floor":29,"gold_loss":0},{"damage_healed":0,"gold_gain":0,"player_choice":"Ignored","damage_taken":0,"max_hp_gain":0,"max_hp_loss":0,"event_name":"Tomb of Lord Red Mask","floor":38,"gold_loss":0},{"damage_healed":0,"gold_gain":0,"player_choice":"Memory 1","damage_taken":0,"max_hp_gain":0,"max_hp_loss":0,"event_name":"SensoryStone","floor":44,"gold_loss":0}],"is_beta":false,"boss_relics":[{"not_picked":["Snecko Eye","Eternal Feather"],"picked":"Tiny House"},{"not_picked":["Calling Bell","Cursed Key"],"picked":"Pandora\u0027s Box"}],"items_purged_floors":[39,53],"is_endless":false,"potions_floor_spawned":[2,5,6,10,18,20,27,30,36,40,54],"killed_by":"The Heart","ascension_level":0}