{"gold_per_floor":[114,114,43,8,8,43,43,108,108,124,139,18,46,64,64,159,159,114,114,114,114,114,114,114,114,114,114,114,114,114,114,114,114,114,114,114,114,114,114,114,114,114,114,114,114,114,114,114,114,114],"floor_reached":50,"playtime":4966,"items_purged":[],"score":850,"play_id":"c753c3c8-36d8-428b-a885-51fdf28c76b4","local_time":"20190916004738","is_ascension_mode":false,"campfire_choices":[{"data":"Zap","floor":7.0,"key":"SMITH"},{"data":"Biased Cognition","floor":15.0,"key":"SMITH"},{"data":"White Noise","floor":32.0,"key":"SMITH"},{"data":"Creative AI","floor":49.0,"key":"SMITH"}],"neow_cost":"NONE","seed_source_timestamp":243336039525396,"circlet_count":0,"master_deck":["Strike_B","Strike_B","Strike_B","Strike_B","Defend_B","Defend_B","Defend_B+1","Defend_B","Zap+1","Dualcast","Melter+1","Biased Cognition+1","Reinforced Body","Reboot","White Noise+1","Conserve Battery","Ball Lightning","Doom and Gloom","Coolheaded","Chaos","Force Field","Creative AI+1","Compile Driver+1","Zap+1","Skim+1","Cold Snap","Machine Learning","Chill+1","Defragment","Electrodynamics","Hello World","Heatsinks+1","Redo+1","Reboot+1","Capacitor+1"],"special_seed":0,"relics":["Cracked Core","NeowsBlessing","Cables","Tiny Chest","Mummified Hand","Omamori","Ectoplasm","Toxic Egg 2","WingedGreaves","Meat on the Bone","CaptainsWheel","Blue Candle","Nuclear Battery","TungstenRod","Pear","Turnip","Ice Cream","Lizard Tail","White Beast Statue"],"potions_floor_usage":[],"damage_taken":[{"damage":0.0,"enemies":"2 Louse","floor":1.0,"turns":1.0},{"damage":0.0,"enemies":"Gremlin Nob","floor":6.0,"turns":1.0},{"damage":0.0,"enemies":"Lagavulin","floor":8.0,"turns":1.0},{"damage":0.0,"enemies":"Cultist","floor":10.0,"turns":2.0},{"damage":6.0,"enemies":"Jaw Worm","floor":11.0,"turns":2.0},{"damage":0.0,"enemies":"3 Sentries","floor":13.0,"turns":4.0},{"damage":10.0,"enemies":"Lots of Slimes","floor":14.0,"turns":2.0},{"damage":0.0,"enemies":"The Guardian","floor":16.0,"turns":7.0},{"damage":6.0,"enemies":"2 Thieves","floor":18.0,"turns":3.0},{"damage":8.0,"enemies":"3 Byrds","floor":20.0,"turns":3.0},{"damage":12.0,"enemies":"Centurion and Healer","floor":21.0,"turns":4.0},{"damage":0.0,"enemies":"Cultist and Chosen","floor":22.0,"turns":4.0},{"damage":11.0,"enemies":"Gremlin Leader","floor":23.0,"turns":6.0},{"damage":13.0,"enemies":"3 Cultists","floor":25.0,"turns":4.0},{"damage":5.0,"enemies":"Book of Stabbing","floor":27.0,"turns":4.0},{"damage":0.0,"enemies":"Sentry and Sphere","floor":28.0,"turns":3.0},{"damage":11.0,"enemies":"Shelled Parasite and Fungi","floor":29.0,"turns":5.0},{"damage":17.0,"enemies":"Gremlin Leader","floor":30.0,"turns":6.0},{"damage":14.0,"enemies":"Snake Plant","floor":31.0,"turns":3.0},{"damage":30.0,"enemies":"Champ","floor":33.0,"turns":8.0},{"damage":3.0,"enemies":"3 Darklings","floor":35.0,"turns":3.0},{"damage":1.0,"enemies":"Orb Walker","floor":36.0,"turns":3.0},{"damage":0.0,"enemies":"Writhing Mass","floor":37.0,"turns":6.0},{"damage":0.0,"enemies":"Sphere and 2 Shapes","floor":38.0,"turns":4.0},{"damage":18.0,"enemies":"Jaw Worm Horde","floor":39.0,"turns":4.0},{"damage":13.0,"enemies":"Maw","floor":40.0,"turns":6.0},{"damage":0.0,"enemies":"4 Shapes","floor":41.0,"turns":1.0},{"damage":18.0,"enemies":"Giant Head","floor":42.0,"turns":7.0},{"damage":12.0,"enemies":"Nemesis","floor":44.0,"turns":4.0},{"damage":0.0,"enemies":"Writhing Mass","floor":45.0,"turns":4.0},{"damage":4.0,"enemies":"Mind Bloom Boss Battle","floor":46.0,"turns":4.0},{"damage":1.0,"enemies":"Reptomancer","floor":47.0,"turns":5.0},{"damage":15.0,"enemies":"Giant Head","floor":48.0,"turns":8.0},{"damage":105,"enemies":"Awakened One","floor":50,"turns":10}],"seed_played":"-2813485431556004885","potions_obtained":[{"floor":1.0,"key":"Ancient Potion"},{"floor":10.0,"key":"EntropicBrew"},{"floor":13.0,"key":"Strength Potion"},{"floor":14.0,"key":"AttackPotion"},{"floor":21.0,"key":"Block Potion"},{"floor":23.0,"key":"Energy Potion"},{"floor":28.0,"key":"Explosive Potion"},{"floor":29.0,"key":"Fire Potion"},{"floor":35.0,"key":"AttackPotion"},{"floor":39.0,"key":"SteroidPotion"},{"floor":40.0,"key":"FearPotion"},{"floor":41.0,"key":"Swift Potion"}],"is_trial":false,"path_per_floor":["M","?","$","?","?","E","R","E","T","M","M","$","E","M","R","B",null,"M","?","M","M","M","E","?","M","T","E","M","M","E","M","R","B",null,"M","M","M","M","M","M","M","E","T","E","M","?","E","E","R","B"],"character_chosen":"DEFECT","items_purchased":["Biased Cognition","Coolheaded","Chaos"],"campfire_rested":0,"item_purchase_floors":[3,12,12],"current_hp_per_floor":[75,60,60,75,75,75,75,75,75,75,69,69,69,59,59,59,75,69,69,61,49,49,38,38,25,25,32,44,45,40,38,38,20,75,72,71,71,71,53,40,40,34,44,44,44,52,51,48,48,0],"gold":114,"neow_bonus":"THREE_ENEMY_KILL","is_prod":false,"is_daily":false,"chose_seed":false,"campfire_upgraded":4,"win_rate":0,"timestamp":1568609258,"path_taken":["M","?","$","?","?","E","R","E","T","M","M","$","E","?","R","BOSS","M","?","M","?","M","E","?","M","T","E","M","M","E","M","R","BOSS","M","M","M","M","M","M","M","E","T","E","M","?","E","E","R","BOSS"],"build_version":"2019-09-12","purchased_purges":0,"victory":false,"max_hp_per_floor":[75,75,75,75,75,75,75,75,75,75,75,75,75,75,75,75,75,75,75,75,75,75,75,75,75,75,75,75,75,75,75,75,75,75,75,75,75,75,75,75,75,75,85,85,85,85,85,85,85,85],"card_choices":[{"not_picked":["Redo","Barrage"],"picked":"Melter","floor":1.0},{"not_picked":["Rebound","Streamline"],"picked":"White Noise","floor":6.0},{"not_picked":["Compile Driver","Self Repair"],"picked":"Conserve Battery","floor":8.0},{"not_picked":["Leap","Hyperbeam"],"picked":"Ball Lightning","floor":10.0},{"not_picked":["Tempest","Lockon"],"picked":"Doom and Gloom","floor":11.0},{"not_picked":["Tempest","Skim"],"picked":"Force Field","floor":13.0},{"not_picked":["Static Discharge","Rebound","Streamline"],"picked":"SKIP","floor":14.0},{"not_picked":["Multi-Cast","Electrodynamics"],"picked":"Creative AI","floor":16.0},{"not_picked":["Double Energy","Melter"],"picked":"Compile Driver+1","floor":18.0},{"not_picked":["Streamline+1","Go for the Eyes"],"picked":"Skim+1","floor":20.0},{"not_picked":["Steam","Lockon","Force Field"],"picked":"SKIP","floor":21.0},{"not_picked":["Leap","Melter"],"picked":"Cold Snap","floor":22.0},{"not_picked":["Scrape","BootSequence+1","Glacier+1"],"picked":"SKIP","floor":23.0},{"not_picked":["Steam+1","Blizzard","Coolheaded+1"],"picked":"SKIP","floor":25.0},{"not_picked":["White Noise+1","Core Surge"],"picked":"Machine Learning","floor":27.0},{"not_picked":["Steam Power+1","Scrape","Blizzard+1"],"picked":"SKIP","floor":28.0},{"not_picked":["Scrape","Cold Snap"],"picked":"Chill+1","floor":29.0},{"not_picked":["Stack+1","Cold Snap+1","Doom and Gloom+1"],"picked":"SKIP","floor":30.0},{"not_picked":["Redo+1","Rebound"],"picked":"Defragment","floor":31.0},{"not_picked":["Echo Form","Rainbow+1"],"picked":"Electrodynamics","floor":33.0},{"not_picked":["Streamline+1","Beam Cell"],"picked":"Hello World","floor":35.0},{"not_picked":["Streamline+1","Cold Snap+1"],"picked":"Heatsinks+1","floor":36.0},{"not_picked":["Turbo+1","Darkness+1"],"picked":"Redo+1","floor":37.0},{"not_picked":["Scrape","Double Energy+1","Stack+1"],"picked":"SKIP","floor":38.0},{"not_picked":["Rebound+1","Sweeping Beam+1","Redo+1"],"picked":"SKIP","floor":39.0},{"not_picked":["Gash+1","Turbo+1","Barrage+1"],"picked":"SKIP","floor":40.0},{"not_picked":["FTL+1","Streamline"],"picked":"Reboot+1","floor":41.0},{"not_picked":["Consume+1","Compile Driver+1","Streamline+1"],"picked":"SKIP","floor":42.0},{"not_picked":["Multi-Cast+1","Hologram+1"],"picked":"Capacitor+1","floor":44.0},{"not_picked":["Auto Shields+1","Streamline","Tempest+1"],"picked":"SKIP","floor":45.0},{"not_picked":["Hello World+1","Steam+1","Self Repair"],"picked":"SKIP","floor":47.0},{"not_picked":["Blizzard","Compile Driver","Skim+1"],"picked":"SKIP","floor":48.0}],"player_experience":196385,"relics_obtained":[{"floor":6.0,"key":"Cables"},{"floor":8.0,"key":"Tiny Chest"},{"floor":9.0,"key":"Mummified Hand"},{"floor":13.0,"key":"Omamori"},{"floor":23.0,"key":"Toxic Egg 2"},{"floor":26.0,"key":"Meat on the Bone"},{"floor":27.0,"key":"CaptainsWheel"},{"floor":30.0,"key":"Blue Candle"},{"floor":42.0,"key":"TungstenRod"},{"floor":43.0,"key":"Pear"},{"floor":44.0,"key":"Turnip"},{"floor":46.0,"key":"Ice Cream"},{"floor":47.0,"key":"Lizard Tail"},{"floor":48.0,"key":"White Beast Statue"}],"event_choices":[{"damage_healed":0.0,"max_hp_gain":0.0,"max_hp_loss":0.0,"gold_gain":0.0,"event_name":"Shining Light","player_choice":"Entered Light","floor":2.0,"gold_loss":0.0,"damage_taken":15.0,"cards_upgraded":["Melter","Defend_B"]},{"damage_healed":18.0,"max_hp_gain":0.0,"max_hp_loss":0.0,"gold_gain":0.0,"event_name":"The Cleric","player_choice":"Healed","floor":4.0,"gold_loss":35.0,"damage_taken":0.0},{"damage_healed":0.0,"max_hp_gain":0.0,"max_hp_loss":0.0,"gold_gain":0.0,"event_name":"Match and Keep!","player_choice":"2 cards matched","floor":5.0,"gold_loss":0.0,"damage_taken":0.0,"cards_obtained":["Reinforced Body","Reboot"]},{"damage_healed":0.0,"max_hp_gain":0.0,"max_hp_loss":0.0,"gold_gain":0.0,"event_name":"Duplicator","player_choice":"Copied","floor":19.0,"gold_loss":0.0,"damage_taken":0.0,"cards_obtained":["Zap"]},{"damage_healed":0.0,"max_hp_gain":0.0,"max_hp_loss":0.0,"gold_gain":0.0,"event_name":"The Mausoleum","player_choice":"Opened","floor":24.0,"gold_loss":0.0,"damage_taken":0.0,"relics_obtained":["WingedGreaves"],"cards_obtained":["Writhe"]},{"damage_healed":0.0,"max_hp_gain":0.0,"max_hp_loss":0.0,"gold_gain":0.0,"event_name":"MindBloom","player_choice":"Fight","floor":46.0,"gold_loss":0.0,"damage_taken":0.0}],"is_beta":true,"boss_relics":[{"not_picked":["Astrolabe","Pandora\u0027s Box"],"picked":"Ectoplasm"},{"not_picked":["Coffee Dripper","Empty Cage"],"picked":"Nuclear Battery"}],"items_purged_floors":[],"is_endless":false,"potions_floor_spawned":[1,10,13,14,21,23,28,29,30,33,35,39,40,41,42,44],"killed_by":"Awakened One","ascension_level":0}