{"gold_per_floor":[114,264,2,13,28,28,28,28,28,46,73,73,90,109,109,185,185,205,205,205,205,205,205,205],"floor_reached":24,"playtime":1750,"items_purged":["Doubt"],"score":392,"play_id":"b37cc119-04b2-4131-bc53-6584a7d2228c","local_time":"20190407193916","is_ascension_mode":true,"campfire_choices":[{"data":"Chaos","floor":6,"key":"SMITH"},{"floor":8,"key":"REST"},{"floor":12,"key":"REST"},{"floor":15,"key":"REST"},{"data":"Biased Cognition","floor":23,"key":"SMITH"}],"neow_cost":"PERCENT_DAMAGE","seed_source_timestamp":376709718412782,"circlet_count":0,"master_deck":["AscendersBane","Strike_B","Strike_B","Strike_B","Strike_B","Defend_B","Defend_B","Defend_B","Defend_B","Zap","Dualcast","Core Surge","Steam","Ball Lightning","Chaos+1","Steam","Conserve Battery","Leap","Redo+1","Coolheaded+1","Seek+1","Biased Cognition+1","Genetic Algorithm+1"],"relics":["Cracked Core","Happy Flower","Toxic Egg 2","Runic Pyramid","Nloth\u0027s Gift"],"potions_floor_usage":[16,16,20,24],"damage_taken":[{"damage":10,"enemies":"Small Slimes","floor":1,"turns":3},{"damage":7,"enemies":"Jaw Worm","floor":4,"turns":3},{"damage":0,"enemies":"Cultist","floor":5,"turns":3},{"damage":29,"enemies":"Exordium Thugs","floor":10,"turns":4},{"damage":11,"enemies":"3 Sentries","floor":11,"turns":8},{"damage":16,"enemies":"2 Fungi Beasts","floor":13,"turns":3},{"damage":0,"enemies":"3 Louse","floor":14,"turns":4},{"damage":16,"enemies":"Slime Boss","floor":16,"turns":10},{"damage":0,"enemies":"Chosen","floor":18,"turns":2},{"damage":0,"enemies":"Shell Parasite","floor":20,"turns":1},{"damage":72,"enemies":"Gremlin Leader","floor":24,"turns":8}],"seed_played":"-720307193163639417","potions_obtained":[{"floor":11,"key":"Energy Potion"},{"floor":13,"key":"SteroidPotion"},{"floor":16,"key":"SmokeBomb"},{"floor":18,"key":"Energy Potion"}],"is_trial":false,"path_per_floor":["M","?","$","M","M","R","?","R","T","M","E","R","M","M","R","B",null,"M","?","M","?","?","R","E"],"character_chosen":"DEFECT","items_purchased":["Ball Lightning","Chaos","Steam"],"campfire_rested":3,"item_purchase_floors":[3,3,3],"current_hp_per_floor":[36,36,36,29,29,29,29,50,50,21,10,31,15,15,36,20,58,58,58,58,58,58,58,0],"gold":205,"neow_bonus":"THREE_RARE_CARDS","is_prod":false,"is_daily":false,"chose_seed":false,"campfire_upgraded":2,"win_rate":0,"timestamp":1554691156,"path_taken":["M","?","$","M","M","R","?","R","T","?","E","R","M","M","R","BOSS","M","?","M","?","?","R","E"],"build_version":"2019-01-23","purchased_purges":1,"victory":false,"max_hp_per_floor":[71,71,71,71,71,71,71,71,71,71,71,71,71,71,71,71,71,71,71,71,71,71,71,71],"card_choices":[{"not_picked":["Meteor Strike","Fission"],"picked":"Core Surge","floor":0},{"not_picked":["Hologram","Sweeping Beam"],"picked":"Steam","floor":1},{"not_picked":["Force Field","Go for the Eyes","Streamline"],"picked":"SKIP","floor":4},{"not_picked":["Stack","Double Energy"],"picked":"Conserve Battery","floor":5},{"not_picked":["Steam","Conserve Battery"],"picked":"Leap","floor":10},{"not_picked":["Beam Cell","Barrage"],"picked":"Redo","floor":11},{"not_picked":["Hologram+1","Compile Driver"],"picked":"Coolheaded+1","floor":13},{"not_picked":["Capacitor","BootSequence+1"],"picked":"Seek+1","floor":14},{"not_picked":["All For One","Machine Learning"],"picked":"Biased Cognition","floor":16},{"not_picked":["Conserve Battery+1","Tempest+1"],"picked":"Genetic Algorithm+1","floor":18}],"player_experience":847323,"relics_obtained":[{"floor":9,"key":"Happy Flower"},{"floor":11,"key":"Toxic Egg 2"}],"event_choices":[{"damage_healed":0,"gold_gain":150,"player_choice":"AGREE","damage_taken":0,"max_hp_gain":0,"max_hp_loss":0,"event_name":"Liars Game","floor":2,"gold_loss":0,"cards_obtained":["Doubt"]},{"damage_healed":0,"gold_gain":0,"player_choice":"Trade","damage_taken":0,"relics_obtained":["CultistMask"],"max_hp_gain":0,"max_hp_loss":0,"event_name":"FaceTrader","floor":7,"gold_loss":0},{"damage_healed":0,"gold_gain":0,"player_choice":"Ignored","damage_taken":0,"max_hp_gain":0,"max_hp_loss":0,"event_name":"Vampires","floor":19,"gold_loss":0},{"damage_healed":0,"gold_gain":0,"player_choice":"Ignored","damage_taken":0,"max_hp_gain":0,"max_hp_loss":0,"event_name":"The Mausoleum","floor":21,"gold_loss":0},{"damage_healed":0,"gold_gain":0,"player_choice":"Traded Relic","damage_taken":0,"relics_obtained":["Nloth\u0027s Gift"],"max_hp_gain":0,"max_hp_loss":0,"event_name":"N\u0027loth","floor":22,"relics_lost":["CultistMask"],"gold_loss":0}],"is_beta":false,"boss_relics":[{"not_picked":["Empty Cage","FrozenCore"],"picked":"Runic Pyramid"}],"items_purged_floors":[3],"is_endless":false,"potions_floor_spawned":[11,13,14,16,18],"killed_by":"Gremlin Leader","ascension_level":20}