{"gold_per_floor":[111,111,111,126,9,44,56,73,73,83,83,102,102,114,114,216,216,231,75,75,92,92,117,117,150,150,160,160,172,172,188,188,285,285,297,310,326,344,360,360,130,130,130,130,160,160,178,195,195,195],"floor_reached":51,"playtime":5250,"items_purged":["Doubt"],"score":723,"play_id":"7bdb864b-d0f0-4c5d-b42b-9de280b1219b","local_time":"20190909202224","is_ascension_mode":false,"campfire_choices":[{"data":"Armaments","floor":11.0,"key":"SMITH"},{"data":"Uppercut","floor":13.0,"key":"SMITH"},{"data":"Metallicize","floor":15.0,"key":"SMITH"},{"data":"Combust","floor":24,"key":"SMITH"},{"data":"Fiend Fire","floor":30,"key":"SMITH"},{"data":"Fiend Fire","floor":32,"key":"SMITH"},{"data":"Whirlwind","floor":40,"key":"SMITH"},{"data":"Feed","floor":42,"key":"SMITH"},{"data":"Rupture","floor":44,"key":"SMITH"},{"data":"Whirlwind","floor":46,"key":"SMITH"},{"data":"Impervious","floor":49,"key":"SMITH"}],"neow_cost":"NONE","seed_source_timestamp":0,"circlet_count":0,"master_deck":["Strike_R+1","Strike_R+1","Strike_R+1","Strike_R+1","Strike_R+1","Defend_R+1","Defend_R+1","Defend_R+1","Defend_R+1","Bash","Combust+1","Seeing Red","Metallicize+1","Shrug It Off","Uppercut+1","Armaments+1","Fiend Fire+1","Rupture+1","Feed+1","Shrug It Off","Fiend Fire+1","Bloodletting","Shrug It Off","True Grit+1","Ghostly Armor+1","Power Through+1","Reaper","Shockwave+1","Whirlwind+1","Sword Boomerang+1","Doubt","Whirlwind+1","Impervious+1"],"special_seed":0,"relics":["Burning Blood","NeowsBlessing","Pantograph","Gambling Chip","Magic Flower","Cursed Key","ClockworkSouvenir","Thread and Needle","Charon\u0027s Ashes","Ornamental Fan","Coffee Dripper","Oddly Smooth Stone","Darkstone Periapt","FossilizedHelix"],"potions_floor_usage":[18,25,33,50,50,50],"damage_taken":[{"damage":0.0,"enemies":"Small Slimes","floor":1.0,"turns":1.0},{"damage":0.0,"enemies":"Cultist","floor":4.0,"turns":1.0},{"damage":1.0,"enemies":"3 Sentries","floor":6.0,"turns":1.0},{"damage":3.0,"enemies":"Jaw Worm","floor":7.0,"turns":5.0},{"damage":12.0,"enemies":"Lots of Slimes","floor":8.0,"turns":3.0},{"damage":1.0,"enemies":"2 Fungi Beasts","floor":10.0,"turns":3.0},{"damage":3.0,"enemies":"Gremlin Gang","floor":12.0,"turns":3.0},{"damage":2.0,"enemies":"Lots of Slimes","floor":14.0,"turns":4.0},{"damage":31.0,"enemies":"The Guardian","floor":16.0,"turns":10.0},{"damage":11,"enemies":"2 Thieves","floor":18,"turns":4},{"damage":9,"enemies":"Spheric Guardian","floor":21,"turns":4},{"damage":48,"enemies":"Slavers","floor":23,"turns":5},{"damage":11,"enemies":"Book of Stabbing","floor":25,"turns":5},{"damage":4,"enemies":"Snecko","floor":27,"turns":5},{"damage":8,"enemies":"Sentry and Sphere","floor":29,"turns":5},{"damage":2,"enemies":"Centurion and Healer","floor":31,"turns":6},{"damage":27,"enemies":"Champ","floor":33,"turns":13},{"damage":11,"enemies":"Orb Walker","floor":35,"turns":4},{"damage":3,"enemies":"3 Shapes","floor":36,"turns":3},{"damage":11,"enemies":"Writhing Mass","floor":37,"turns":9},{"damage":5,"enemies":"Transient","floor":38,"turns":5},{"damage":2,"enemies":"Sphere and 2 Shapes","floor":39,"turns":4},{"damage":29,"enemies":"Giant Head","floor":45,"turns":9},{"damage":2,"enemies":"3 Darklings","floor":47,"turns":5},{"damage":10,"enemies":"Writhing Mass","floor":48,"turns":7},{"damage":70,"enemies":"Awakened One","floor":50,"turns":12}],"seed_played":"-1064710280263324966","potions_obtained":[{"floor":1.0,"key":"Weak Potion"},{"floor":8.0,"key":"SteroidPotion"},{"floor":10.0,"key":"Dexterity Potion"},{"floor":14.0,"key":"Fruit Juice"},{"floor":16.0,"key":"AttackPotion"},{"floor":23,"key":"Block Potion"},{"floor":27,"key":"EssenceOfSteel"},{"floor":36,"key":"Explosive Potion"},{"floor":37,"key":"Explosive Potion"},{"floor":38,"key":"Block Potion"}],"is_trial":false,"path_per_floor":["M","?","?","M","$","E","M","M","T","M","R","M","R","M","R","B",null,"M","$","?","M","?","E","R","E","T","M","?","M","R","M","R","B",null,"M","M","M","M","M","R","$","R","T","R","E","R","M","M","R","B",null],"character_chosen":"IRONCLAD","items_purchased":["Metallicize","Shrug It Off","ClockworkSouvenir","Oddly Smooth Stone"],"campfire_rested":0,"item_purchase_floors":[5,5,19,41],"current_hp_per_floor":[80,68,80,80,80,80,80,74,74,80,80,80,80,85,85,63,85,87,87,87,87,87,48,48,51,51,61,61,68,68,75,75,80,98,96,98,98,98,98,98,98,98,98,98,96,96,98,98,98,54],"gold":195,"neow_bonus":"THREE_ENEMY_KILL","is_prod":false,"is_daily":false,"chose_seed":false,"campfire_upgraded":11,"win_rate":0.0,"timestamp":1568085744,"path_taken":["M","?","?","?","$","E","M","M","T","M","R","?","R","M","R","BOSS","M","$","?","?","?","E","R","E","T","M","?","?","R","M","R","BOSS","M","?","?","M","M","R","$","R","T","R","E","R","M","M","R","BOSS"],"build_version":"2019-09-09v2","purchased_purges":1,"victory":true,"max_hp_per_floor":[80,80,80,80,80,80,80,80,80,80,80,80,80,85,85,85,85,88,88,88,88,88,88,88,91,91,94,94,98,98,98,98,98,98,98,98,98,98,98,98,98,98,98,98,98,98,98,98,98,98],"card_choices":[{"not_picked":["Shrug It Off","Sword Boomerang"],"picked":"Combust","floor":1.0},{"not_picked":["Cleave","Entrench"],"picked":"Seeing Red","floor":4.0},{"not_picked":["Inflame","Body Slam"],"picked":"Uppercut","floor":6.0},{"not_picked":["Flex","Reckless Charge","Sword Boomerang"],"picked":"SKIP","floor":7.0},{"not_picked":["Anger","Warcry"],"picked":"Armaments","floor":8.0},{"not_picked":["Armaments","Clothesline"],"picked":"Fiend Fire","floor":10.0},{"not_picked":["Perfected Strike","Infernal Blade","Iron Wave"],"picked":"SKIP","floor":12.0},{"not_picked":["Cleave","Combust"],"picked":"Rupture","floor":14.0},{"not_picked":["Brutality","Berserk"],"picked":"Feed","floor":16.0},{"not_picked":["Clothesline+1","Power Through"],"picked":"Shrug It Off","floor":18},{"not_picked":["Iron Wave","Perfected Strike"],"picked":"Bloodletting","floor":21},{"not_picked":["Armaments","Body Slam"],"picked":"Shrug It Off","floor":23},{"not_picked":["Brutality","Searing Blow"],"picked":"True Grit+1","floor":25},{"not_picked":["Twin Strike","Armaments","Shrug It Off+1"],"picked":"SKIP","floor":27},{"not_picked":["Anger","Clothesline+1"],"picked":"Ghostly Armor+1","floor":29},{"not_picked":["Flex","Entrench"],"picked":"Power Through+1","floor":31},{"not_picked":["Offering","Double Tap"],"picked":"Reaper","floor":33},{"not_picked":["Metallicize","Twin Strike"],"picked":"Shockwave+1","floor":35},{"not_picked":["Twin Strike","Body Slam","Demon Form"],"picked":"SKIP","floor":36},{"not_picked":["Twin Strike","Inflame+1"],"picked":"Whirlwind","floor":37},{"not_picked":["Flex+1","True Grit+1","Iron Wave+1"],"picked":"SKIP","floor":38},{"not_picked":["Headbutt","Body Slam+1"],"picked":"Sword Boomerang+1","floor":39},{"not_picked":["Sword Boomerang","Shrug It Off"],"picked":"Whirlwind","floor":45},{"not_picked":["Clash+1","Bloodletting+1"],"picked":"Impervious","floor":47},{"not_picked":["Thunderclap","Sword Boomerang","Shrug It Off+1"],"picked":"SKIP","floor":48}],"player_experience":8,"relics_obtained":[{"floor":6.0,"key":"Gambling Chip"},{"floor":9.0,"key":"Magic Flower"},{"floor":23,"key":"Thread and Needle"},{"floor":25,"key":"Charon\u0027s Ashes"},{"floor":26,"key":"Ornamental Fan"},{"floor":43,"key":"Darkstone Periapt"},{"floor":45,"key":"FossilizedHelix"}],"event_choices":[{"damage_healed":0.0,"max_hp_gain":0.0,"max_hp_loss":0.0,"gold_gain":0.0,"event_name":"Scrap Ooze","player_choice":"Success","floor":2.0,"gold_loss":0.0,"damage_taken":12.0,"relics_obtained":["Pantograph"]},{"damage_healed":12.0,"max_hp_gain":0.0,"max_hp_loss":0.0,"gold_gain":0.0,"event_name":"Wheel of Change","player_choice":"Full Heal","floor":3.0,"gold_loss":0.0,"damage_taken":0.0},{"damage_healed":0,"gold_gain":0,"player_choice":"Copied","damage_taken":0,"max_hp_gain":0,"max_hp_loss":0,"event_name":"Duplicator","floor":20,"gold_loss":0,"cards_obtained":["Fiend Fire"]},{"damage_healed":0,"gold_gain":0,"player_choice":"Simplicity","damage_taken":0,"max_hp_gain":0,"max_hp_loss":0,"event_name":"Back to Basics","floor":22,"gold_loss":0,"cards_upgraded":["Strike_R","Strike_R","Strike_R","Strike_R","Strike_R","Defend_R","Defend_R","Defend_R","Defend_R"]},{"damage_healed":0,"gold_gain":0,"player_choice":"Ignored","damage_taken":0,"max_hp_gain":0,"max_hp_loss":0,"event_name":"N\u0027loth","floor":28,"gold_loss":0}],"is_beta":true,"boss_relics":[{"not_picked":["Snecko Eye","Black Star"],"picked":"Cursed Key"},{"not_picked":["Velvet Choker","Black Blood"],"picked":"Coffee Dripper"}],"items_purged_floors":[41],"is_endless":false,"potions_floor_spawned":[1,8,10,14,16,23,27,36,37,38],"ascension_level":0}