{"gold_per_floor":[110,110,127,53,3,38,38,70,70,70,70,70,98,98,98,193,193,207,225,74,74,74,74,108,108,183,197,197,197],"floor_reached":29,"playtime":2793,"items_purged":["Strike_G"],"score":270,"play_id":"00d749a8-03b8-432d-b0f5-776d865c29fc","local_time":"20190817005323","is_ascension_mode":true,"campfire_choices":[{"floor":7,"key":"REST"},{"floor":10,"key":"REST"},{"data":"Catalyst","floor":12,"key":"SMITH"},{"floor":15,"key":"REST"},{"floor":23,"key":"REST"},{"floor":25,"key":"REST"},{"floor":28,"key":"REST"}],"neow_cost":"NONE","seed_source_timestamp":57241584550249,"circlet_count":0,"master_deck":["Strike_G+1","Strike_G+1","Strike_G+1","Defend_G+1","Defend_G+1","Defend_G+1","Defend_G+1","Defend_G+1","Survivor","Neutralize","Storm of Steel","PiercingWail","Terror","Catalyst+1","Envenom+1","Crippling Poison","Noxious Fumes","A Thousand Cuts","Predator","Outmaneuver","Blur"],"special_seed":0,"relics":["Ring of the Snake","Darkstone Periapt","WingedGreaves","Letter Opener","Odd Mushroom","Bottled Lightning","Black Star","Question Card","Kunai","Mercury Hourglass"],"potions_floor_usage":[13,16,24,29],"damage_taken":[{"damage":6.0,"enemies":"2 Louse","floor":1.0,"turns":3.0},{"damage":14.0,"enemies":"Jaw Worm","floor":3.0,"turns":9.0},{"damage":37,"enemies":"Gremlin Nob","floor":6,"turns":5},{"damage":21,"enemies":"Lagavulin","floor":8,"turns":10},{"damage":19,"enemies":"The Mushroom Lair","floor":13,"turns":5},{"damage":3,"enemies":"Hexaghost","floor":16,"turns":6},{"damage":19,"enemies":"Chosen","floor":18,"turns":8},{"damage":44,"enemies":"Shell Parasite","floor":19,"turns":9},{"damage":48,"enemies":"Book of Stabbing","floor":24,"turns":7},{"damage":22,"enemies":"Snecko","floor":27,"turns":5},{"damage":41,"enemies":"Gremlin Leader","floor":29,"turns":5}],"seed_played":"-5559060895390364667","potions_obtained":[{"floor":8,"key":"Swift Potion"},{"floor":13,"key":"Poison Potion"},{"floor":27,"key":"SpeedPotion"}],"is_trial":false,"path_per_floor":["M","?","M","$","?","E","R","E","T","R","?","R","?","T","R","B",null,"M","M","$","?","?","R","E","R","T","M","R","E"],"character_chosen":"THE_SILENT","items_purchased":["Catalyst","Outmaneuver","Swift Potion"],"campfire_rested":6,"item_purchase_floors":[4,20,20],"current_hp_per_floor":[64,69,55,55,55,18,40,19,19,41,26,26,7,7,29,26,75,56,12,12,12,37,59,11,33,33,11,33,0],"gold":197,"neow_bonus":"ONE_RANDOM_RARE_CARD","is_prod":false,"is_daily":false,"chose_seed":false,"campfire_upgraded":1,"win_rate":0,"timestamp":1566017603,"path_taken":["M","?","M","$","?","E","R","E","T","R","?","R","?","?","R","BOSS","M","M","$","?","?","R","E","R","T","M","R","E"],"build_version":"2019-07-17","purchased_purges":1,"victory":false,"max_hp_per_floor":[70,75,75,75,75,75,75,75,75,75,75,75,75,75,75,75,75,75,75,75,75,75,75,75,75,75,75,75,75],"card_choices":[{"not_picked":["Blade Dance","Bane"],"picked":"PiercingWail","floor":1.0},{"not_picked":["Dagger Throw","Bane"],"picked":"Terror","floor":3.0},{"not_picked":["Quick Slash","Deflect"],"picked":"Envenom","floor":6},{"not_picked":["Choke","Flying Knee"],"picked":"Crippling Poison","floor":8},{"not_picked":["Expertise","Choke"],"picked":"Noxious Fumes","floor":13},{"not_picked":["Glass Knife","Storm of Steel"],"picked":"A Thousand Cuts","floor":16},{"not_picked":["Quick Slash","Expertise"],"picked":"Predator","floor":18},{"not_picked":["Reflex","Distraction","Infinite Blades"],"picked":"SKIP","floor":19},{"not_picked":["Underhanded Strike+1","Predator","Blade Dance"],"picked":"SKIP","floor":24},{"not_picked":["Slice","Predator","Dagger Throw"],"picked":"Blur","floor":27}],"player_experience":104029,"relics_obtained":[{"floor":6,"key":"Darkstone Periapt"},{"floor":8,"key":"WingedGreaves"},{"floor":9,"key":"Letter Opener"},{"floor":13,"key":"Odd Mushroom"},{"floor":14,"key":"Bottled Lightning"},{"floor":24,"key":"Question Card"},{"floor":24,"key":"Kunai"},{"floor":26,"key":"Mercury Hourglass"}],"event_choices":[{"damage_healed":0.0,"max_hp_gain":5.0,"max_hp_loss":0.0,"gold_gain":0.0,"event_name":"Big Fish","player_choice":"Donut","floor":2.0,"gold_loss":0.0,"damage_taken":0.0},{"cards_removed":["Strike_G"],"damage_healed":0,"gold_gain":0,"player_choice":"Card Removal","damage_taken":0,"max_hp_gain":0,"max_hp_loss":0,"event_name":"The Cleric","floor":5,"gold_loss":50},{"damage_healed":0,"gold_gain":0,"player_choice":"Entered Light","damage_taken":15,"max_hp_gain":0,"max_hp_loss":0,"event_name":"Shining Light","floor":11,"gold_loss":0,"cards_upgraded":["Strike_G","Envenom"]},{"damage_healed":0,"gold_gain":0,"player_choice":"Fought Mushrooms","damage_taken":0,"max_hp_gain":0,"max_hp_loss":0,"event_name":"Mushrooms","floor":13,"gold_loss":0},{"damage_healed":0,"gold_gain":0,"player_choice":"Simplicity","damage_taken":0,"max_hp_gain":0,"max_hp_loss":0,"event_name":"Back to Basics","floor":21,"gold_loss":0,"cards_upgraded":["Strike_G","Strike_G","Defend_G","Defend_G","Defend_G","Defend_G","Defend_G"]},{"damage_healed":25,"gold_gain":0,"player_choice":"Heal","damage_taken":0,"max_hp_gain":0,"max_hp_loss":0,"event_name":"The Library","floor":22,"gold_loss":0}],"is_beta":false,"boss_relics":[{"not_picked":["Busted Crown","Tiny House"],"picked":"Black Star"}],"items_purged_floors":[20],"is_endless":false,"potions_floor_spawned":[8,13,27],"killed_by":"Gremlin Leader","ascension_level":2}