{"gold_per_floor":[114,125,143,143,143,143,162,162,162,176,25,39,39,39,39,39],"floor_reached":16,"playtime":383,"items_purged":["Strike_R"],"score":92,"play_id":"3abc2a74-1ee7-462d-8a8a-aa907312f8d0","local_time":"20190914115156","is_ascension_mode":false,"campfire_choices":[{"data":"Bash","floor":6,"key":"SMITH"},{"data":"Thunderclap","floor":8,"key":"SMITH"},{"data":"Uppercut","floor":15,"key":"SMITH"}],"neow_cost":"NONE","seed_source_timestamp":181556114613400,"circlet_count":0,"master_deck":["Strike_R","Strike_R","Strike_R","Strike_R","Defend_R","Defend_R+1","Defend_R","Defend_R+1","Bash+1","Sword Boomerang","Cleave","Thunderclap+1","Battle Trance","Ghostly Armor","Flame Barrier","Uppercut+1"],"relics":["Burning Blood"],"potions_floor_usage":[16],"damage_taken":[{"damage":7,"enemies":"Small Slimes","floor":1,"turns":3},{"damage":8,"enemies":"Jaw Worm","floor":2,"turns":4},{"damage":3,"enemies":"2 Louse","floor":3,"turns":2},{"damage":0,"enemies":"Lots of Slimes","floor":7,"turns":1},{"damage":9,"enemies":"Blue Slaver","floor":10,"turns":3},{"damage":14,"enemies":"Exordium Thugs","floor":12,"turns":5},{"damage":58,"enemies":"Hexaghost","floor":16,"turns":14}],"seed_played":"5133795021498482194","potions_obtained":[{"floor":0,"key":"Dexterity Potion"},{"floor":0,"key":"Swift Potion"},{"floor":0,"key":"AttackPotion"},{"floor":2,"key":"Ancient Potion"}],"is_trial":false,"path_per_floor":["M","M","M","?","?","R","M","R","T","M","$","M","?","T","R","B"],"character_chosen":"IRONCLAD","items_purchased":["Flame Barrier"],"campfire_rested":0,"item_purchase_floors":[11],"current_hp_per_floor":[79,77,80,85,85,85,85,85,85,82,82,74,57,57,57,0],"gold":39,"neow_bonus":"THREE_SMALL_POTIONS","is_prod":false,"is_daily":false,"chose_seed":false,"campfire_upgraded":3,"win_rate":0,"timestamp":1568487116,"path_taken":["M","M","M","?","?","R","M","R","T","M","$","M","?","?","R","BOSS"],"build_version":"2019-07-17","purchased_purges":1,"victory":false,"max_hp_per_floor":[80,80,80,85,85,85,85,85,85,85,85,85,85,85,85,85],"card_choices":[{"not_picked":["Havoc","Reckless Charge"],"picked":"Sword Boomerang","floor":1},{"not_picked":["Wild Strike","Burning Pact"],"picked":"Cleave","floor":2},{"not_picked":["Havoc","Anger"],"picked":"Thunderclap","floor":3},{"not_picked":["Power Through","Headbutt"],"picked":"Battle Trance","floor":7},{"not_picked":["Headbutt","Burning Pact"],"picked":"Ghostly Armor","floor":10},{"not_picked":["Headbutt","True Grit"],"picked":"Uppercut","floor":12}],"player_experience":606369,"relics_obtained":[],"event_choices":[{"damage_healed":0,"gold_gain":0,"player_choice":"Donut","damage_taken":0,"max_hp_gain":5,"max_hp_loss":0,"event_name":"Big Fish","floor":4,"gold_loss":0},{"damage_healed":0,"gold_gain":0,"player_choice":"Fled","damage_taken":0,"max_hp_gain":0,"max_hp_loss":0,"event_name":"Scrap Ooze","floor":5,"gold_loss":0},{"damage_healed":0,"gold_gain":0,"player_choice":"Entered Light","damage_taken":17,"max_hp_gain":0,"max_hp_loss":0,"event_name":"Shining Light","floor":13,"gold_loss":0,"cards_upgraded":["Defend_R","Defend_R"]}],"is_beta":false,"boss_relics":[],"items_purged_floors":[11],"is_endless":false,"potions_floor_spawned":[2],"killed_by":"Hexaghost","ascension_level":0}