{"gold_per_floor":[14,14,24,24,24,58,79,79,79,122,47,68,68,88,88,214,214,237,262,162,182,0,41,41,66,112,136,0,0,33,33],"floor_reached":31,"playtime":5205,"items_purged":["Strike_B","Defend_B"],"score":285,"play_id":"0b0e3c09-2804-4bd8-860c-7a54662a1308","local_time":"20190120142017","is_ascension_mode":false,"campfire_choices":[{"data":"Genetic Algorithm","floor":8,"key":"SMITH"},{"data":"Hologram","floor":13,"key":"SMITH"},{"floor":15,"key":"REST"},{"floor":24,"key":"REST"}],"neow_cost":"NO_GOLD","seed_source_timestamp":188848493465354,"circlet_count":0,"master_deck":["Strike_B","Strike_B+1","Strike_B+1","Defend_B","Defend_B","Defend_B","Zap","Dualcast","Multi-Cast","Sweeping Beam","Cold Snap","Gash","Zap","Loop","Genetic Algorithm+1","Redo","Hologram+1","Capacitor","Rainbow","Consume","Conserve Battery","Coolheaded+1","Capacitor","Core Surge","Turbo","Consume+1","Recycle+1","White Noise+1","Creative AI"],"relics":["Cracked Core","Bloody Idol","Emotion Chip","Incense Burner","Whetstone","Runic Dome","Symbiotic Virus","Bag of Preparation","Dream Catcher"],"potions_floor_usage":[6,10,23,23,30,30],"damage_taken":[{"damage":0,"enemies":"2 Louse","floor":1,"turns":3},{"damage":0,"enemies":"Small Slimes","floor":3,"turns":2},{"damage":18,"enemies":"Lagavulin","floor":6,"turns":5},{"damage":0,"enemies":"Cultist","floor":7,"turns":3},{"damage":23,"enemies":"3 Sentries","floor":10,"turns":7},{"damage":3,"enemies":"Red Slaver","floor":12,"turns":3},{"damage":3,"enemies":"Looter","floor":14,"turns":4},{"damage":20,"enemies":"Hexaghost","floor":16,"turns":9},{"damage":0,"enemies":"Chosen","floor":18,"turns":4},{"damage":0,"enemies":"Spheric Guardian","floor":19,"turns":4},{"damage":8,"enemies":"Centurion and Healer","floor":21,"turns":12},{"damage":60,"enemies":"Gremlin Leader","floor":23,"turns":8},{"damage":0,"enemies":"Sentry and Sphere","floor":25,"turns":4},{"damage":15,"enemies":"Snecko","floor":27,"turns":4},{"damage":3,"enemies":"Slavers","floor":30,"turns":4},{"damage":21,"enemies":"Snake Plant","floor":31,"turns":1}],"seed_played":"3074495883192864219","potions_obtained":[{"floor":3,"key":"FocusPotion"},{"floor":7,"key":"Regen Potion"},{"floor":18,"key":"Strength Potion"},{"floor":19,"key":"Poison Potion"},{"floor":23,"key":"FocusPotion"},{"floor":25,"key":"Explosive Potion"}],"is_trial":false,"path_per_floor":["M","?","M","?","?","E","M","R","T","E","$","M","R","M","R","B",null,"M","M","$","M","$","E","R","M","T","M","?","?","E","M"],"character_chosen":"DEFECT","items_purchased":["Capacitor","Core Surge","Turbo"],"campfire_rested":2,"item_purchase_floors":[22,22,22],"current_hp_per_floor":[75,75,75,57,57,39,39,39,39,31,31,28,28,25,47,27,75,75,75,75,67,67,7,29,29,29,14,14,14,16,0],"gold":33,"neow_bonus":"THREE_RARE_CARDS","is_prod":false,"is_daily":false,"chose_seed":false,"campfire_upgraded":2,"win_rate":0,"timestamp":1548022817,"path_taken":["M","?","M","?","?","E","M","R","T","E","$","M","R","M","R","BOSS","M","?","$","M","?","E","R","M","T","M","?","?","E","M"],"build_version":"2019-01-17v2","purchased_purges":2,"victory":false,"max_hp_per_floor":[75,75,75,75,75,75,75,75,75,75,75,75,75,75,75,75,75,75,75,75,75,75,75,75,75,75,75,75,75,75,75],"card_choices":[{"not_picked":["All For One","Reboot"],"picked":"Multi-Cast","floor":0},{"not_picked":["Beam Cell","Barrage"],"picked":"Sweeping Beam","floor":1},{"not_picked":["Doom and Gloom","Ball Lightning"],"picked":"Cold Snap","floor":3},{"not_picked":["Rip and Tear","Tempest"],"picked":"Loop","floor":6},{"not_picked":["Sweeping Beam","Turbo"],"picked":"Genetic Algorithm","floor":7},{"not_picked":["Lockon","Steam"],"picked":"Redo","floor":10},{"not_picked":["Barrage","Gash"],"picked":"Hologram","floor":12},{"not_picked":["Reprogram","Compile Driver"],"picked":"Capacitor","floor":14},{"not_picked":["Buffer","Biased Cognition"],"picked":"Rainbow","floor":16},{"not_picked":["Undo","Hologram"],"picked":"Consume","floor":18},{"not_picked":["Streamline+1","Barrage"],"picked":"Conserve Battery","floor":19},{"not_picked":["Hello World+1","Rip and Tear"],"picked":"Coolheaded+1","floor":21},{"not_picked":["FTL","Streamline"],"picked":"Consume+1","floor":23},{"not_picked":["Barrage","Coolheaded"],"picked":"Recycle+1","floor":25},{"not_picked":["Redo","Hologram+1"],"picked":"White Noise+1","floor":27},{"not_picked":["Tempest+1","Recycle"],"picked":"Creative AI","floor":30}],"player_experience":485751,"relics_obtained":[{"floor":6,"key":"Emotion Chip"},{"floor":9,"key":"Incense Burner"},{"floor":10,"key":"Whetstone"},{"floor":23,"key":"Symbiotic Virus"},{"floor":26,"key":"Bag of Preparation"},{"floor":30,"key":"Dream Catcher"}],"event_choices":[{"damage_healed":0,"gold_gain":0,"player_choice":"Ignored","damage_taken":0,"max_hp_gain":0,"max_hp_loss":0,"event_name":"Liars Game","floor":2,"gold_loss":0},{"damage_healed":0,"gold_gain":0,"player_choice":"Take Damage","damage_taken":18,"relics_obtained":["Golden Idol"],"max_hp_gain":0,"max_hp_loss":0,"event_name":"Golden Idol","floor":4,"gold_loss":0},{"damage_healed":0,"gold_gain":0,"player_choice":"2 cards matched","damage_taken":0,"max_hp_gain":0,"max_hp_loss":0,"event_name":"Match and Keep!","floor":5,"gold_loss":0,"cards_obtained":["Gash","Zap"]},{"damage_healed":0,"gold_gain":0,"player_choice":"2 cards matched","damage_taken":0,"max_hp_gain":0,"max_hp_loss":0,"event_name":"Match and Keep!","floor":5,"gold_loss":0,"cards_obtained":["Gash","Zap"]},{"damage_healed":0,"gold_gain":0,"player_choice":"Paid Fearfully","damage_taken":0,"max_hp_gain":0,"max_hp_loss":0,"event_name":"Masked Bandits","floor":28,"gold_loss":136},{"damage_healed":0,"gold_gain":0,"player_choice":"Gave Idol","damage_taken":0,"relics_obtained":["Bloody Idol"],"max_hp_gain":0,"max_hp_loss":0,"event_name":"Forgotten Altar","floor":29,"relics_lost":["Golden Idol"],"gold_loss":0}],"is_beta":false,"boss_relics":[{"not_picked":["Coffee Dripper","Eternal Feather"],"picked":"Runic Dome"}],"items_purged_floors":[11,20],"is_endless":false,"potions_floor_spawned":[3,7,18,19,23,25],"killed_by":"Snake Plant","ascension_level":0}