{"gold_per_floor":[112,124,124,141,141,141,176,193,193,209,209,238,252,266,266,266],"floor_reached":16,"playtime":627,"items_purged":[],"score":228,"play_id":"31f33e79-4498-4d18-b216-c1803b34b6b4","local_time":"20190911165743","is_ascension_mode":true,"campfire_choices":[{"data":"Berserk","floor":6,"key":"SMITH"},{"data":"Armaments","floor":15,"key":"SMITH"}],"neow_cost":"NONE","seed_source_timestamp":176854259178700,"circlet_count":0,"master_deck":["AscendersBane","Strike_R","Strike_R+1","Strike_R","Strike_R","Defend_R","Defend_R","Defend_R+1","Defend_R","Bash","Feel No Pain","Berserk+1","Clothesline","Burning Pact","Armaments+1","Feed"],"relics":["Burning Blood","Dream Catcher","Red Skull","Blue Candle"],"potions_floor_usage":[8,12,16],"damage_taken":[{"damage":4,"enemies":"2 Louse","floor":1,"turns":4},{"damage":7,"enemies":"Small Slimes","floor":2,"turns":4},{"damage":11,"enemies":"Jaw Worm","floor":4,"turns":5},{"damage":25,"enemies":"Lagavulin","floor":7,"turns":8},{"damage":0,"enemies":"3 Louse","floor":8,"turns":2},{"damage":16,"enemies":"Red Slaver","floor":10,"turns":6},{"damage":17,"enemies":"Gremlin Nob","floor":12,"turns":4},{"damage":16,"enemies":"Lots of Slimes","floor":13,"turns":5},{"damage":13,"enemies":"Large Slime","floor":14,"turns":4},{"damage":27,"enemies":"Hexaghost","floor":16,"turns":11}],"seed_played":"-7271534202395389917","potions_obtained":[{"floor":1,"key":"EssenceOfSteel"},{"floor":2,"key":"Explosive Potion"},{"floor":13,"key":"Dexterity Potion"}],"is_trial":false,"path_per_floor":["M","M","?","M","?","R","E","M","T","M","?","E","M","M","R","B"],"character_chosen":"IRONCLAD","items_purchased":[],"campfire_rested":0,"item_purchase_floors":[],"current_hp_per_floor":[77,76,51,46,73,73,54,60,60,50,50,39,32,25,25,0],"gold":266,"neow_bonus":"TEN_PERCENT_HP_BONUS","is_prod":false,"is_daily":false,"chose_seed":false,"campfire_upgraded":2,"win_rate":0,"timestamp":1568246263,"path_taken":["M","M","?","M","?","R","E","?","T","M","?","E","?","M","R","BOSS"],"build_version":"2019-07-17","purchased_purges":0,"victory":false,"max_hp_per_floor":[82,82,82,82,82,82,82,82,82,82,82,82,85,85,85,85],"card_choices":[{"not_picked":["Ghostly Armor","Headbutt"],"picked":"Feel No Pain","floor":1},{"not_picked":["Sword Boomerang","Shrug It Off"],"picked":"Berserk","floor":2},{"not_picked":["Body Slam","Wild Strike"],"picked":"Clothesline","floor":4},{"not_picked":["Second Wind","Cleave"],"picked":"Burning Pact","floor":7},{"not_picked":["Twin Strike","Pummel"],"picked":"Armaments","floor":8},{"not_picked":["Whirlwind","Pommel Strike","Heavy Blade"],"picked":"SKIP","floor":10},{"not_picked":["Cleave","Spot Weakness"],"picked":"Feed","floor":12},{"not_picked":["Combust","Thunderclap","Wild Strike"],"picked":"SKIP","floor":13},{"not_picked":["Body Slam","Blood for Blood","Armaments"],"picked":"SKIP","floor":14}],"player_experience":667907,"relics_obtained":[{"floor":7,"key":"Dream Catcher"},{"floor":9,"key":"Red Skull"},{"floor":12,"key":"Blue Candle"}],"event_choices":[{"damage_healed":0,"gold_gain":0,"player_choice":"Entered Light","damage_taken":25,"max_hp_gain":0,"max_hp_loss":0,"event_name":"Shining Light","floor":3,"gold_loss":0,"cards_upgraded":["Defend_R","Strike_R"]},{"damage_healed":27,"gold_gain":0,"player_choice":"Banana","damage_taken":0,"max_hp_gain":0,"max_hp_loss":0,"event_name":"Big Fish","floor":5,"gold_loss":0},{"cards_removed":["Strike_R"],"damage_healed":0,"gold_gain":0,"player_choice":"Offered Basic","damage_taken":0,"max_hp_gain":0,"max_hp_loss":0,"event_name":"Bonfire Elementals","floor":11,"gold_loss":0}],"is_beta":false,"boss_relics":[],"items_purged_floors":[],"is_endless":false,"potions_floor_spawned":[1,2,13],"killed_by":"Hexaghost","ascension_level":20}