{"gold_per_floor":[117,117,128,141,241,272,288,288,288,313,327,342,442,3,3,103,103,116,134,59,0,0,0,18,49,49,49],"floor_reached":27,"playtime":13439,"items_purged":["Defend_G"],"score":281,"play_id":"54548a1c-c200-4d14-8751-8ae277b90bff","local_time":"20181004140719","is_ascension_mode":true,"campfire_choices":[{"data":"Leg Sweep","floor":8.0,"key":"SMITH"},{"data":"Neutralize","floor":15.0,"key":"SMITH"},{"data":"Backflip","floor":23,"key":"SMITH"}],"neow_cost":"NONE","seed_source_timestamp":0,"circlet_count":0,"master_deck":["Defend_G","Defend_G","Defend_G","Defend_G","Strike_G","Strike_G+1","Strike_G","Strike_G","Survivor","Neutralize+1","Flying Knee+1","Skewer","Well Laid Plans","Leg Sweep+1","Noxious Fumes","Blur","Blur","Bouncing Flask","Caltrops","Backflip+1","Bane","Corpse Explosion","PiercingWail+1","Doppelganger"],"special_seed":0,"relics":["Coffee Dripper","Whetstone","Ancient Tea Set","Bottled Flame","Bronze Scales","Snecko Eye","Dream Catcher","Orichalcum"],"potions_floor_usage":[27,27],"damage_taken":[{"damage":1.0,"enemies":"Cultist","floor":1.0,"turns":4.0},{"damage":0.0,"enemies":"Small Slimes","floor":3.0,"turns":4.0},{"damage":0.0,"enemies":"2 Louse","floor":4.0,"turns":3.0},{"damage":19.0,"enemies":"Lagavulin","floor":6.0,"turns":10.0},{"damage":0.0,"enemies":"Blue Slaver","floor":7.0,"turns":5.0},{"damage":4.0,"enemies":"3 Sentries","floor":10.0,"turns":10.0},{"damage":6.0,"enemies":"Lots of Slimes","floor":11.0,"turns":5.0},{"damage":1.0,"enemies":"3 Louse","floor":12.0,"turns":4.0},{"damage":6.0,"enemies":"The Guardian","floor":16.0,"turns":8.0},{"damage":17.0,"enemies":"2 Thieves","floor":18.0,"turns":2.0},{"damage":9,"enemies":"Spheric Guardian","floor":19,"turns":5},{"damage":0,"enemies":"Chosen and Byrds","floor":24,"turns":4},{"damage":0,"enemies":"Book of Stabbing","floor":25,"turns":5},{"damage":33,"enemies":"Slavers","floor":27,"turns":4}],"seed_played":"-7114106115039269547","potions_obtained":[{"floor":1.0,"key":"GamblersBrew"},{"floor":4.0,"key":"Strength Potion"},{"floor":7.0,"key":"EssenceOfSteel"},{"floor":12.0,"key":"Weak Potion"},{"floor":19,"key":"GamblersBrew"},{"floor":25,"key":"Poison Potion"}],"is_trial":false,"path_per_floor":["M","$","M","M","?","E","M","R","T","E","M","M","?","$","R","B",null,"M","M","?","?","?","R","M","E","T"],"character_chosen":"THE_SILENT","items_purchased":["Bouncing Flask","Caltrops","Backflip","Bane","Bronze Scales"],"campfire_rested":0,"item_purchase_floors":[14,14,14,14,14],"current_hp_per_floor":[69,69,69,69,69,50,50,50,50,46,40,39,39,39,39,33,70,53,44,44,44,31,31,31,31,31,0],"gold":49,"neow_bonus":"BOSS_RELIC","is_prod":false,"is_daily":false,"chose_seed":false,"campfire_upgraded":3,"win_rate":0,"timestamp":1538676439,"path_taken":["M","?","M","M","?","E","M","R","T","E","M","M","?","$","R","BOSS","M","M","?","?","?","R","?","E","T","E"],"build_version":"2018-09-27","purchased_purges":1,"victory":false,"max_hp_per_floor":[70,70,70,70,70,70,70,70,70,70,70,70,70,70,70,70,70,70,70,70,70,75,75,75,75,75,75],"card_choices":[{"not_picked":["Choke","Dagger Throw"],"picked":"Flying Knee","floor":1.0},{"not_picked":["Acrobatics","Deflect"],"picked":"Skewer","floor":3.0},{"not_picked":["Dagger Spray","Prepared"],"picked":"Well Laid Plans","floor":4.0},{"not_picked":["Predator","Reflex"],"picked":"Leg Sweep","floor":6.0},{"not_picked":["PiercingWail","Outmaneuver"],"picked":"Noxious Fumes","floor":7.0},{"not_picked":["Slice","Well Laid Plans"],"picked":"Blur","floor":10.0},{"not_picked":["Flying Knee","PiercingWail"],"picked":"Blur","floor":11.0},{"not_picked":["Dagger Throw","Sucker Punch","Deflect"],"picked":"SKIP","floor":12.0},{"not_picked":["Unload","Burst"],"picked":"Corpse Explosion","floor":16.0},{"not_picked":["Slice","Dagger Throw","Dagger Spray"],"picked":"SKIP","floor":18.0},{"not_picked":["Slice","Dagger Throw","Dagger Spray"],"picked":"SKIP","floor":18.0},{"not_picked":["Underhanded Strike","Caltrops","Tactician"],"picked":"SKIP","floor":19},{"not_picked":["Acrobatics","Terror"],"picked":"PiercingWail+1","floor":24},{"not_picked":["Slice","Tactician"],"picked":"Doppelganger","floor":25}],"player_experience":35617,"relics_obtained":[{"floor":6.0,"key":"Whetstone"},{"floor":9.0,"key":"Ancient Tea Set"},{"floor":10.0,"key":"Bottled Flame"},{"floor":25,"key":"Dream Catcher"},{"floor":26,"key":"Orichalcum"}],"event_choices":[{"event_name":"Wheel of Change","player_choice":"Gold","floor":5.0,"damage_taken":0.0},{"event_name":"Golden Shrine","player_choice":"Pray","floor":13.0,"damage_taken":0.0},{"event_name":"Beggar","player_choice":"Gave Gold","floor":20,"damage_taken":0},{"event_name":"Masked Bandits","player_choice":"Paid Fearfully","floor":21,"damage_taken":0},{"event_name":"Forgotten Altar","player_choice":"Shed Blood","floor":22,"damage_taken":0}],"is_beta":false,"boss_relics":[{"not_picked":["Runic Dome","WristBlade"],"picked":"Snecko Eye"}],"items_purged_floors":[14],"is_endless":false,"potions_floor_spawned":[1,4,7,12,19,25],"killed_by":"Slavers","ascension_level":1}