{"gold_per_floor":[116,133,152,152,166,200,200,217,242,242,260,291,291,291],"floor_reached":14,"playtime":1417,"items_purged":[],"score":107,"play_id":"52e2fbc3-2c8c-4caf-b704-4f0b513f78ed","local_time":"20190808112449","is_ascension_mode":true,"campfire_choices":[{"floor":7,"key":"REST"}],"neow_cost":"TEN_PERCENT_HP_LOSS","seed_source_timestamp":18044712750642,"circlet_count":0,"master_deck":["Strike_B","Strike_B+1","Strike_B","Defend_B","Defend_B","Defend_B","Defend_B","Zap","Dualcast","Transmutation","Secret Technique","Sweeping Beam+1","Aggregate","Go for the Eyes","Double Energy","Auto Shields","Lockon","Loop","Chaos"],"relics":["Cracked Core","Smiling Mask","Omamori","Whetstone"],"potions_floor_usage":[6,6,6,6,14,14],"damage_taken":[{"damage":3,"enemies":"Cultist","floor":1,"turns":5},{"damage":0,"enemies":"Small Slimes","floor":2,"turns":4},{"damage":7,"enemies":"2 Louse","floor":3,"turns":3},{"damage":4,"enemies":"Looter","floor":5,"turns":5},{"damage":13,"enemies":"3 Sentries","floor":6,"turns":5},{"damage":7,"enemies":"3 Louse","floor":8,"turns":3},{"damage":5,"enemies":"Large Slime","floor":11,"turns":5},{"damage":45,"enemies":"Gremlin Nob","floor":12,"turns":5},{"damage":4,"enemies":"Red Slaver","floor":14,"turns":1}],"seed_played":"6577305299663374628","potions_obtained":[{"floor":1,"key":"EntropicBrew"},{"floor":2,"key":"Fire Potion"},{"floor":3,"key":"Weak Potion"},{"floor":11,"key":"FocusPotion"}],"is_trial":false,"path_per_floor":["M","M","M","?","M","E","R","M","T","?","M","E","?","M"],"character_chosen":"DEFECT","items_purchased":[],"campfire_rested":1,"item_purchase_floors":[],"current_hp_per_floor":[65,65,58,58,54,41,61,54,54,54,49,4,4,0],"gold":291,"neow_bonus":"RANDOM_COLORLESS_2","is_prod":false,"is_daily":false,"chose_seed":false,"campfire_upgraded":0,"win_rate":0,"timestamp":1565277889,"path_taken":["M","?","M","?","M","E","R","?","T","?","M","E","?","M"],"build_version":"2019-07-17","purchased_purges":0,"victory":false,"max_hp_per_floor":[68,68,68,68,68,68,68,68,68,68,68,68,68,68],"card_choices":[{"not_picked":["Steam","Stack"],"picked":"Sweeping Beam","floor":1},{"not_picked":["Auto Shields","Hologram"],"picked":"Aggregate","floor":2},{"not_picked":["Capacitor","Streamline"],"picked":"Go for the Eyes","floor":3},{"not_picked":["Hyperbeam","Barrage"],"picked":"Double Energy","floor":5},{"not_picked":["Reprogram","Rip and Tear"],"picked":"Auto Shields","floor":6},{"not_picked":["Barrage","Hologram"],"picked":"Lockon","floor":8},{"not_picked":["Steam","Thunder Strike","Turbo"],"picked":"SKIP","floor":11},{"not_picked":["Beam Cell","Streamline"],"picked":"Chaos","floor":12}],"player_experience":142980,"relics_obtained":[{"floor":6,"key":"Smiling Mask"},{"floor":9,"key":"Omamori"},{"floor":12,"key":"Whetstone"}],"event_choices":[{"damage_healed":0,"gold_gain":0,"player_choice":"Got Potions","damage_taken":0,"max_hp_gain":0,"max_hp_loss":0,"event_name":"Lab","floor":4,"gold_loss":0},{"damage_healed":0,"gold_gain":0,"cards_transformed":["Strike_B"],"player_choice":"Change","damage_taken":0,"max_hp_gain":0,"max_hp_loss":0,"event_name":"Living Wall","floor":10,"gold_loss":0,"cards_obtained":["Loop"]},{"damage_healed":0,"gold_gain":0,"player_choice":"Ignored","damage_taken":0,"max_hp_gain":0,"max_hp_loss":0,"event_name":"Liars Game","floor":13,"gold_loss":0}],"is_beta":false,"boss_relics":[],"items_purged_floors":[],"is_endless":false,"potions_floor_spawned":[1,2,3,11],"killed_by":"Red Slaver","ascension_level":1}