{"gold_per_floor":[112,112,112,128,128,153,153,153,153,168,168,181,181,14,14,85,85,97,107,122,122,132,132,158,158,183,212,224,305,330,342,354,445,457,483,495,507,537,298,223,237,272,272,272,289,300,300,37,37,37,37],"floor_reached":51,"playtime":4556,"items_purged":["Strike_R","Anger"],"score":1290,"play_id":"a4fae831-e0e3-484d-922a-8bb89c7a3fe8","local_time":"20190612003756","is_ascension_mode":true,"campfire_choices":[{"data":"Juggernaut","floor":7.0,"key":"SMITH"},{"data":"Power Through","floor":11.0,"key":"SMITH"},{"data":"Fiend Fire","floor":13.0,"key":"SMITH"},{"data":"Evolve","floor":15.0,"key":"SMITH"},{"floor":23,"key":"REST"},{"data":"Fiend Fire","floor":25,"key":"SMITH"},{"data":"Immolate","floor":28,"key":"SMITH"},{"floor":32,"key":"REST"},{"floor":47,"key":"REST"},{"floor":49,"key":"REST"}],"neow_cost":"NONE","seed_source_timestamp":0,"circlet_count":0,"master_deck":["AscendersBane","Strike_R","Defend_R","Defend_R","Defend_R+1","Defend_R+1","Bash+1","Power Through+1","Fiend Fire+1","Evolve+1","Juggernaut+1","Shrug It Off+1","Fiend Fire+1","Shrug It Off","Immolate+1","Ghostly Armor","Offering","Ghostly Armor","Impatience","Entrench","Feel No Pain","Flame Barrier"],"special_seed":0,"relics":["Burning Blood","Art of War","StoneCalendar","Centennial Puzzle","War Paint","Velvet Choker","Vajra","MawBank","Ornamental Fan","Sozu","Pen Nib","Bag of Preparation","Dream Catcher","Bronze Scales"],"potions_floor_usage":[19,20,33,41],"damage_taken":[{"damage":13.0,"enemies":"Small Slimes","floor":1.0,"turns":4.0},{"damage":1.0,"enemies":"2 Louse","floor":4.0,"turns":3.0},{"damage":32.0,"enemies":"Gremlin Nob","floor":6.0,"turns":4.0},{"damage":0.0,"enemies":"Cultist","floor":10.0,"turns":2.0},{"damage":7.0,"enemies":"3 Louse","floor":12.0,"turns":4.0},{"damage":4.0,"enemies":"The Guardian","floor":16.0,"turns":10.0},{"damage":0,"enemies":"Chosen","floor":18,"turns":3},{"damage":26,"enemies":"3 Byrds","floor":19,"turns":5},{"damage":15,"enemies":"Centurion and Healer","floor":20,"turns":5},{"damage":10,"enemies":"Snecko","floor":22,"turns":3},{"damage":33,"enemies":"Slavers","floor":24,"turns":7},{"damage":0,"enemies":"Snake Plant","floor":27,"turns":4},{"damage":8,"enemies":"Shelled Parasite and Fungi","floor":30,"turns":3},{"damage":20,"enemies":"Collector","floor":33,"turns":6},{"damage":11,"enemies":"Orb Walker","floor":35,"turns":3},{"damage":0,"enemies":"3 Shapes","floor":38,"turns":4},{"damage":11,"enemies":"Spire Growth","floor":41,"turns":4},{"damage":54,"enemies":"Giant Head","floor":42,"turns":6},{"damage":0,"enemies":"Sphere and 2 Shapes","floor":45,"turns":3},{"damage":9,"enemies":"Maw","floor":46,"turns":7},{"damage":22,"enemies":"Donu and Deca","floor":50,"turns":8},{"damage":72,"enemies":"Awakened One","floor":51,"turns":12}],"seed_played":"-4402626266650085445","potions_obtained":[{"floor":1.0,"key":"BloodPotion"},{"floor":10.0,"key":"SpeedPotion"},{"floor":12.0,"key":"Weak Potion"},{"floor":16.0,"key":"Strength Potion"},{"floor":19,"key":"FearPotion"},{"floor":27,"key":"Energy Potion"},{"floor":33,"key":"SkillPotion"}],"is_trial":false,"path_per_floor":["M","?","?","M","?","E","R","?","T","M","R","M","R","$","R","B",null,"M","M","M","?","M","R","E","R","T","M","R","T","M","?","R","B",null,"M","?","?","M","$","$","M","E","T","?","M","M","R","$","R","B","B"],"character_chosen":"IRONCLAD","items_purchased":["War Paint","Feel No Pain","Pen Nib","Bronze Scales"],"campfire_rested":4,"item_purchase_floors":[14,39,39,48],"current_hp_per_floor":[61,66,66,71,47,29,29,29,29,35,35,34,34,34,34,36,69,75,55,46,46,42,66,39,39,39,45,45,45,43,43,67,53,73,68,68,68,74,74,74,69,21,21,21,27,24,48,48,72,56,0],"gold":37,"neow_bonus":"RANDOM_COMMON_RELIC","is_prod":false,"is_daily":false,"chose_seed":false,"campfire_upgraded":6,"win_rate":0,"timestamp":1560325076,"path_taken":["M","?","?","?","?","E","R","?","T","M","R","M","R","?","R","BOSS","M","M","M","?","M","R","E","R","T","M","R","?","M","?","R","BOSS","M","?","?","M","?","$","M","E","T","?","M","M","R","$","R","BOSS","BOSS"],"build_version":"2019-01-23","purchased_purges":2,"victory":false,"max_hp_per_floor":[75,80,80,80,80,80,80,80,80,80,80,80,80,80,80,80,80,80,80,80,80,80,80,80,80,80,80,80,80,80,80,80,80,80,80,80,80,80,80,80,80,80,80,80,80,80,80,80,80,80,80],"card_choices":[{"not_picked":["Twin Strike","Flex"],"picked":"Power Through","floor":1.0},{"not_picked":["Havoc","Seeing Red"],"picked":"Evolve","floor":4.0},{"not_picked":["Perfected Strike","Warcry"],"picked":"Juggernaut","floor":6.0},{"not_picked":["Sever Soul","Flex","Carnage"],"picked":"SKIP","floor":10.0},{"not_picked":["Uppercut","Cleave"],"picked":"Shrug It Off","floor":12.0},{"not_picked":["Bludgeon","Immolate"],"picked":"Fiend Fire","floor":16.0},{"not_picked":["Blood for Blood","Thunderclap+1","Armaments+1"],"picked":"SKIP","floor":18},{"not_picked":["Whirlwind","Headbutt","Havoc"],"picked":"SKIP","floor":19},{"not_picked":["Whirlwind","Headbutt","Havoc"],"picked":"SKIP","floor":19},{"not_picked":["Perfected Strike","Seeing Red"],"picked":"Shrug It Off","floor":20},{"not_picked":["Havoc","Cleave","Thunderclap"],"picked":"SKIP","floor":22},{"not_picked":["Pummel","Iron Wave"],"picked":"Ghostly Armor","floor":24},{"not_picked":["Bloodletting","Sentinel","Armaments"],"picked":"SKIP","floor":27},{"not_picked":["Clash","Headbutt","Offering"],"picked":"SKIP","floor":30},{"not_picked":["Brutality","Feed"],"picked":"Offering","floor":33},{"not_picked":["Havoc","Warcry+1"],"picked":"Ghostly Armor","floor":35},{"not_picked":["Madness","Secret Technique"],"picked":"Impatience","floor":36},{"not_picked":["Pommel Strike","Anger"],"picked":"Entrench","floor":38},{"not_picked":["Disarm","Clothesline","Headbutt"],"picked":"SKIP","floor":41},{"not_picked":["Clash","Combust","Flex"],"picked":"SKIP","floor":42},{"not_picked":["Inflame+1","Burning Pact+1"],"picked":"Flame Barrier","floor":45},{"not_picked":["Evolve","Perfected Strike+1","Whirlwind+1"],"picked":"SKIP","floor":46}],"player_experience":1016666,"relics_obtained":[{"floor":6.0,"key":"StoneCalendar"},{"floor":9.0,"key":"Centennial Puzzle"},{"floor":24,"key":"Vajra"},{"floor":26,"key":"MawBank"},{"floor":29,"key":"Ornamental Fan"},{"floor":42,"key":"Bag of Preparation"},{"floor":43,"key":"Dream Catcher"}],"event_choices":[{"damage_healed":0.0,"max_hp_gain":5.0,"max_hp_loss":0.0,"gold_gain":0.0,"event_name":"Big Fish","player_choice":"Donut","floor":2.0,"gold_loss":0.0,"damage_taken":0.0},{"damage_healed":0.0,"max_hp_gain":0.0,"max_hp_loss":0.0,"gold_gain":0.0,"cards_transformed":["Strike_R"],"event_name":"Transmorgrifier","player_choice":"Transformed","floor":3.0,"gold_loss":0.0,"damage_taken":0.0,"cards_obtained":["Fiend Fire"]},{"damage_healed":0.0,"max_hp_gain":0.0,"max_hp_loss":0.0,"gold_gain":0.0,"event_name":"Shining Light","player_choice":"Entered Light","floor":5.0,"gold_loss":0.0,"damage_taken":24.0,"cards_upgraded":["Bash","Defend_R"]},{"damage_healed":0.0,"max_hp_gain":0.0,"max_hp_loss":0.0,"gold_gain":0.0,"event_name":"Liars Game","player_choice":"Ignored","floor":8.0,"gold_loss":0.0,"damage_taken":0.0},{"damage_healed":0,"gold_gain":0,"cards_transformed":["Strike_R","Strike_R"],"player_choice":"Became Test Subject","damage_taken":0,"max_hp_gain":0,"max_hp_loss":0,"event_name":"Drug Dealer","floor":21,"gold_loss":0,"cards_obtained":["Anger","Immolate"]},{"damage_healed":0,"gold_gain":0,"player_choice":"Ignored","damage_taken":0,"max_hp_gain":0,"max_hp_loss":0,"event_name":"The Mausoleum","floor":31,"gold_loss":0},{"damage_healed":0,"gold_gain":0,"player_choice":"Memory 1","damage_taken":0,"max_hp_gain":0,"max_hp_loss":0,"event_name":"SensoryStone","floor":36,"gold_loss":0},{"damage_healed":0,"gold_gain":0,"player_choice":"Ignored","damage_taken":0,"max_hp_gain":0,"max_hp_loss":0,"event_name":"Tomb of Lord Red Mask","floor":37,"gold_loss":0},{"damage_healed":0,"gold_gain":0,"player_choice":"Ignored","damage_taken":0,"max_hp_gain":0,"max_hp_loss":0,"event_name":"Mysterious Sphere","floor":44,"gold_loss":0}],"is_beta":false,"boss_relics":[{"not_picked":["Calling Bell","Tiny House"],"picked":"Velvet Choker"},{"not_picked":["Orrery","Runic Cube"],"picked":"Sozu"}],"items_purged_floors":[40,48],"is_endless":false,"potions_floor_spawned":[1,10,12,16,19,27,33,35,42],"killed_by":"Awakened One","ascension_level":20}