{"gold_per_floor":[114,127,139,139,156,156,181,181,253,264,264,293,293,393,393,466,466,482,492,512,402,42,42,72,72,96,106,126,161,181,195,195,274,274,288,110,210,223,223,223,243,268,295,295,310,5,17,31,31,31,31],"floor_reached":52,"playtime":2252,"items_purged":["Strike_R","Strike_R","Bludgeon+1"],"score":1972,"play_id":"9c9a7b5a-1954-46e4-886b-dde45578d5aa","local_time":"20190916151554","is_ascension_mode":true,"campfire_choices":[{"data":"Bludgeon","floor":6,"key":"SMITH"},{"data":"Armaments","floor":11,"key":"SMITH"},{"data":"Feel No Pain","floor":15,"key":"SMITH"},{"data":"Corruption","floor":23,"key":"SMITH"},{"floor":25,"key":"REST"},{"floor":32,"key":"REST"},{"data":"Strike_R","floor":40,"key":"PURGE"},{"data":"Injury","floor":44,"key":"PURGE"},{"floor":49,"key":"REST"}],"neow_cost":"NONE","seed_source_timestamp":369824040782900,"circlet_count":0,"master_deck":["AscendersBane","Strike_R+1","Defend_R","Defend_R","Defend_R","Defend_R","Bash","Shrug It Off+1","Shrug It Off","Feel No Pain+1","Corruption+1","Armaments+1","Flame Barrier","Barricade","Armaments","Seeing Red","Metallicize","Power Through","Shrug It Off+1","Body Slam+1","True Grit","Body Slam","Dark Embrace","Evolve","Feel No Pain","Shrug It Off","Shrug It Off","Shrug It Off","Sentinel"],"relics":["Burning Blood","Pocketwatch","Dodecahedron","Potion Belt","Charon\u0027s Ashes","White Beast Statue","Membership Card","Red Skull","Singing Bowl","Cursed Key","War Paint","Peace Pipe","Pen Nib","Bottled Tornado","Boot","ClockworkSouvenir","Happy Flower"],"potions_floor_usage":[16,24,27,28,28,29,29,29,29,29,33,48,48,51,51,51],"damage_taken":[{"damage":12,"enemies":"Jaw Worm","floor":1,"turns":2},{"damage":6,"enemies":"Small Slimes","floor":2,"turns":2},{"damage":0,"enemies":"Cultist","floor":3,"turns":3},{"damage":12,"enemies":"Looter","floor":5,"turns":3},{"damage":22,"enemies":"Lagavulin","floor":7,"turns":6},{"damage":7,"enemies":"Red Slaver","floor":10,"turns":4},{"damage":7,"enemies":"3 Sentries","floor":12,"turns":8},{"damage":19,"enemies":"Slime Boss","floor":16,"turns":11},{"damage":21,"enemies":"Shell Parasite","floor":18,"turns":5},{"damage":5,"enemies":"Spheric Guardian","floor":19,"turns":4},{"damage":10,"enemies":"Centurion and Healer","floor":20,"turns":8},{"damage":57,"enemies":"Slavers","floor":24,"turns":6},{"damage":4,"enemies":"Snake Plant","floor":27,"turns":5},{"damage":1,"enemies":"Shelled Parasite and Fungi","floor":28,"turns":6},{"damage":33,"enemies":"Gremlin Leader","floor":29,"turns":6},{"damage":0,"enemies":"Cultist and Chosen","floor":30,"turns":4},{"damage":0,"enemies":"Snecko","floor":31,"turns":5},{"damage":40,"enemies":"Collector","floor":33,"turns":10},{"damage":14,"enemies":"3 Darklings","floor":35,"turns":3},{"damage":0,"enemies":"Mind Bloom Boss Battle","floor":37,"turns":3},{"damage":0,"enemies":"3 Shapes","floor":38,"turns":5},{"damage":33,"enemies":"Jaw Worm Horde","floor":41,"turns":5},{"damage":0,"enemies":"Nemesis","floor":42,"turns":5},{"damage":0,"enemies":"Spire Growth","floor":45,"turns":3},{"damage":0,"enemies":"Sphere and 2 Shapes","floor":47,"turns":5},{"damage":37,"enemies":"Jaw Worm Horde","floor":48,"turns":6},{"damage":3,"enemies":"Donu and Deca","floor":50,"turns":6},{"damage":4,"enemies":"Time Eater","floor":51,"turns":6}],"seed_played":"4048927832525977307","potions_obtained":[{"floor":1,"key":"BloodPotion"},{"floor":5,"key":"SteroidPotion"},{"floor":18,"key":"SpeedPotion"},{"floor":19,"key":"EssenceOfSteel"},{"floor":20,"key":"Strength Potion"},{"floor":24,"key":"Dexterity Potion"},{"floor":27,"key":"EntropicBrew"},{"floor":28,"key":"Explosive Potion"},{"floor":29,"key":"Fire Potion"},{"floor":30,"key":"LiquidBronze"},{"floor":33,"key":"SkillPotion"},{"floor":41,"key":"SkillPotion"},{"floor":48,"key":"PowerPotion"}],"is_trial":false,"path_per_floor":["M","M","M","?","M","R","E","?","T","M","R","E","?","?","R","B",null,"M","M","M","?","$","R","E","R","T","M","M","E","M","M","R","B",null,"M","$","?","M","?","R","M","E","T","R","M","$","M","M","R","B","B",null],"character_chosen":"IRONCLAD","items_purchased":["Membership Card","Metallicize","Power Through","Shrug It Off","Feel No Pain","Shrug It Off","War Paint","Sentinel","ClockworkSouvenir","Happy Flower"],"campfire_rested":3,"item_purchase_floors":[22,22,22,22,36,36,36,46,46,46],"current_hp_per_floor":[62,62,68,73,67,67,51,51,51,50,50,49,38,38,38,25,66,51,52,48,48,48,48,17,41,41,43,48,38,46,54,79,45,76,68,68,76,82,82,82,55,63,63,63,71,71,79,50,78,81,83],"gold":31,"neow_bonus":"ONE_RANDOM_RARE_CARD","is_prod":false,"is_daily":false,"chose_seed":false,"campfire_upgraded":4,"win_rate":0,"timestamp":1568672154,"path_taken":["M","M","M","?","M","R","E","?","T","M","R","E","?","?","R","BOSS","M","?","M","?","$","R","E","R","T","M","M","E","?","M","R","BOSS","M","$","?","M","?","R","M","E","T","R","M","$","M","?","R","BOSS","BOSS"],"build_version":"2019-07-17","purchased_purges":3,"victory":true,"max_hp_per_floor":[75,75,75,80,80,80,80,80,80,80,80,80,80,80,80,80,80,80,80,80,80,80,80,80,80,80,80,80,82,84,86,86,86,86,86,86,88,88,88,88,88,90,90,90,92,92,94,96,96,96,96],"card_choices":[{"not_picked":["Body Slam","Combust"],"picked":"Shrug It Off","floor":1},{"not_picked":["Perfected Strike","Cleave","Sentinel"],"picked":"SKIP","floor":2},{"not_picked":["Armaments","Sword Boomerang"],"picked":"Shrug It Off","floor":3},{"not_picked":["Shrug It Off","Warcry"],"picked":"Feel No Pain","floor":5},{"not_picked":["Flame Barrier","Carnage"],"picked":"Corruption","floor":7},{"not_picked":["Rampage","Searing Blow"],"picked":"Armaments","floor":10},{"not_picked":["Ghostly Armor","Blood for Blood"],"picked":"Flame Barrier","floor":12},{"not_picked":["Dark Embrace","Exhume"],"picked":"Barricade","floor":16},{"not_picked":["Sever Soul+1","Twin Strike"],"picked":"Armaments","floor":18},{"not_picked":["Heavy Blade","Clothesline"],"picked":"Seeing Red","floor":19},{"not_picked":["Sword Boomerang","Heavy Blade","Whirlwind"],"picked":"SKIP","floor":20},{"not_picked":["Feed","Clothesline"],"picked":"Body Slam+1","floor":24},{"not_picked":["Inflame","Clash+1"],"picked":"True Grit","floor":27},{"not_picked":["Fire Breathing","Feed"],"picked":"Body Slam","floor":28},{"not_picked":["Warcry","Iron Wave","Reaper"],"picked":"Singing Bowl","floor":29},{"not_picked":["Hemokinesis+1","Twin Strike","Spot Weakness"],"picked":"Singing Bowl","floor":30},{"not_picked":["Wild Strike","Pommel Strike","Body Slam"],"picked":"Singing Bowl","floor":31},{"not_picked":["Brutality","Berserk"],"picked":"Dark Embrace","floor":33},{"not_picked":["Sword Boomerang","Carnage"],"picked":"Evolve","floor":35},{"not_picked":["Inflame","Body Slam","Pommel Strike"],"picked":"Singing Bowl","floor":37},{"not_picked":["Rampage","Evolve"],"picked":"Shrug It Off","floor":38},{"not_picked":["Havoc+1","Pommel Strike"],"picked":"Shrug It Off","floor":41},{"not_picked":["Armaments","Pommel Strike","Second Wind"],"picked":"Singing Bowl","floor":42},{"not_picked":["Evolve+1","Immolate","Shockwave"],"picked":"Singing Bowl","floor":45},{"not_picked":["Headbutt","Havoc+1","Twin Strike"],"picked":"Singing Bowl","floor":47},{"not_picked":["Heavy Blade","Sword Boomerang","Infernal Blade"],"picked":"Singing Bowl","floor":48}],"player_experience":782413,"relics_obtained":[{"floor":7,"key":"Pocketwatch"},{"floor":9,"key":"Dodecahedron"},{"floor":12,"key":"Potion Belt"},{"floor":24,"key":"Red Skull"},{"floor":29,"key":"Singing Bowl"},{"floor":37,"key":"Peace Pipe"},{"floor":42,"key":"Bottled Tornado"},{"floor":43,"key":"Boot"}],"event_choices":[{"damage_healed":0,"gold_gain":0,"player_choice":"Donut","damage_taken":0,"max_hp_gain":5,"max_hp_loss":0,"event_name":"Big Fish","floor":4,"gold_loss":0},{"damage_healed":0,"gold_gain":0,"player_choice":"Ignored","damage_taken":0,"max_hp_gain":0,"max_hp_loss":0,"event_name":"Liars Game","floor":8,"gold_loss":0},{"damage_healed":0,"gold_gain":0,"player_choice":"Success","damage_taken":11,"relics_obtained":["Charon\u0027s Ashes"],"max_hp_gain":0,"max_hp_loss":0,"event_name":"Scrap Ooze","floor":13,"gold_loss":0},{"damage_healed":0,"gold_gain":100,"player_choice":"Gold","damage_taken":0,"max_hp_gain":0,"max_hp_loss":0,"event_name":"Wheel of Change","floor":14,"gold_loss":0},{"cards_removed":["Strike_R"],"damage_healed":0,"gold_gain":0,"player_choice":"Upgrade and Remove","damage_taken":0,"max_hp_gain":0,"max_hp_loss":0,"event_name":"Designer","floor":21,"gold_loss":110,"cards_upgraded":["Strike_R"]},{"damage_healed":0,"gold_gain":0,"player_choice":"Fight","damage_taken":0,"max_hp_gain":0,"max_hp_loss":0,"event_name":"MindBloom","floor":37,"gold_loss":0},{"damage_healed":0,"gold_gain":0,"player_choice":"Gave Potion","damage_taken":0,"relics_obtained":["Pen Nib"],"max_hp_gain":0,"max_hp_loss":0,"event_name":"WeMeetAgain","floor":39,"gold_loss":0}],"is_beta":false,"boss_relics":[{"not_picked":["Tiny House","Eternal Feather"],"picked":"White Beast Statue"},{"not_picked":["Mark of Pain","Sozu"],"picked":"Cursed Key"}],"items_purged_floors":[22,36,46],"is_endless":false,"potions_floor_spawned":[1,5,18,19,20,24,27,28,29,30,31,33,35,37,38,41,42,45,47,48],"ascension_level":20}