{"gold_per_floor":[119,119,137,62,78,105,105,105,105,5,28,28,28,38,38,141,191,211,227,227,152,165,165,165,192,192,192,206,232,107,122,122,218,218,231,248,259,66,83,83,116,116,142,142,161,196,0,0,0,0],"floor_reached":51,"playtime":5464,"items_purged":["Injury","Strike_R","Strike_R"],"score":718,"play_id":"b214c3da-0e65-4cf6-a9bc-5c944cc23336","local_time":"20190103201617","is_ascension_mode":false,"campfire_choices":[{"data":"Rage","floor":8.0,"key":"SMITH"},{"data":"Pommel Strike","floor":12.0,"key":"SMITH"},{"data":"Juggernaut","floor":15.0,"key":"SMITH"},{"data":"Offering","floor":23,"key":"SMITH"},{"data":"Demon Form","floor":27,"key":"SMITH"},{"floor":32,"key":"REST"},{"floor":40,"key":"REST"},{"floor":42,"key":"RECALL"},{"floor":44,"key":"REST"},{"data":"Infernal Blade","floor":49,"key":"SMITH"}],"neow_cost":"CURSE","seed_source_timestamp":0,"circlet_count":0,"master_deck":["Strike_R","Strike_R","Defend_R","Defend_R","Bash","Rage+1","Second Wind","Pommel Strike+1","Sword Boomerang","Seeing Red+1","Thunderclap","Juggernaut+1","Infernal Blade+1","Demon Form+1","Headbutt","Clash+1","Inflame","Offering+1","Iron Wave","Reckless Charge+1","Reaper","Iron Wave","Iron Wave+1","Iron Wave+1","Armaments+1","Reaper","Intimidate+1","Good Instincts","PanicButton"],"special_seed":0,"relics":["Burning Blood","Self Forming Clay","Art of War","PreservedInsect","Tiny House","Pen Nib","Centennial Puzzle","Gremlin Horn","Philosopher\u0027s Stone","Sling","Juzu Bracelet","Dream Catcher","Omamori","Red Mask"],"potions_floor_usage":[19,25,25,31,33,33,33,36,37,45],"damage_taken":[{"damage":2.0,"enemies":"Jaw Worm","floor":1.0,"turns":3.0},{"damage":0.0,"enemies":"Cultist","floor":3.0,"turns":3.0},{"damage":2.0,"enemies":"Small Slimes","floor":5.0,"turns":3.0},{"damage":22.0,"enemies":"3 Sentries","floor":6.0,"turns":8.0},{"damage":16.0,"enemies":"Exordium Thugs","floor":14.0,"turns":7.0},{"damage":36.0,"enemies":"Slime Boss","floor":16.0,"turns":9.0},{"damage":9,"enemies":"Spheric Guardian","floor":18,"turns":6},{"damage":15,"enemies":"3 Byrds","floor":19,"turns":6},{"damage":6,"enemies":"Cultist and Chosen","floor":22,"turns":4},{"damage":16,"enemies":"Slavers","floor":25,"turns":3},{"damage":15,"enemies":"3 Cultists","floor":28,"turns":4},{"damage":21,"enemies":"Book of Stabbing","floor":29,"turns":3},{"damage":3,"enemies":"Shelled Parasite and Fungi","floor":31,"turns":3},{"damage":14,"enemies":"Automaton","floor":33,"turns":6},{"damage":6,"enemies":"Orb Walker","floor":35,"turns":2},{"damage":16,"enemies":"3 Darklings","floor":36,"turns":3},{"damage":17,"enemies":"Spire Growth","floor":37,"turns":3},{"damage":46,"enemies":"Transient","floor":39,"turns":5},{"damage":58,"enemies":"Nemesis","floor":41,"turns":5},{"damage":2,"enemies":"4 Shapes","floor":45,"turns":3},{"damage":8,"enemies":"Reptomancer","floor":46,"turns":3},{"damage":91,"enemies":"Time Eater","floor":50,"turns":9}],"seed_played":"8982970133544669128","potions_obtained":[{"floor":6.0,"key":"Weak Potion"},{"floor":14.0,"key":"SpeedPotion"},{"floor":17,"key":"SteroidPotion"},{"floor":22,"key":"SpeedPotion"},{"floor":24,"key":"EssenceOfSteel"},{"floor":28,"key":"Swift Potion"},{"floor":29,"key":"Dexterity Potion"},{"floor":31,"key":"SteroidPotion"},{"floor":33,"key":"SkillPotion"},{"floor":35,"key":"Energy Potion"},{"floor":41,"key":"Regen Potion"},{"floor":45,"key":"Swift Potion"},{"floor":46,"key":"Fire Potion"}],"is_trial":false,"path_per_floor":["M","?","M","$","M","E","?","R","T","$","T","R","?","M","R","B",null,"M","M","?","?","M","R","?","E","T","R","M","E","$","M","R","B",null,"M","M","M","$","M","R","E","R","T","R","M","E","?","?","R","B",null],"character_chosen":"IRONCLAD","items_purchased":["Sling"],"campfire_rested":3,"item_purchase_floors":[38],"current_hp_per_floor":[80,80,80,80,80,64,64,64,64,64,64,64,52,42,42,12,85,82,73,57,57,57,57,57,47,47,47,38,23,23,26,53,45,90,90,80,69,69,35,62,32,32,32,59,90,90,90,85,85,52],"gold":0,"neow_bonus":"TRANSFORM_TWO_CARDS","is_prod":false,"is_daily":false,"chose_seed":false,"campfire_upgraded":6,"win_rate":0,"timestamp":1546575377,"path_taken":["M","?","M","$","?","E","?","R","T","$","?","R","?","M","R","BOSS","M","M","?","?","M","R","?","E","T","R","?","E","?","M","R","BOSS","M","M","?","$","M","R","E","R","T","R","M","E","?","?","R","BOSS"],"build_version":"2019-01-03v2","purchased_purges":3,"victory":true,"max_hp_per_floor":[80,80,80,80,80,80,80,80,80,80,80,80,80,80,80,80,85,85,85,90,90,90,90,90,90,90,90,90,90,90,90,90,90,90,90,90,90,90,90,90,90,90,90,90,90,90,90,90,90,90],"card_choices":[{"not_picked":["Uppercut","Wild Strike"],"picked":"Pommel Strike","floor":1.0},{"not_picked":["Havoc","Infernal Blade"],"picked":"Seeing Red","floor":3.0},{"not_picked":["Cleave","True Grit"],"picked":"Thunderclap","floor":5.0},{"not_picked":["Dropkick","Clothesline"],"picked":"Juggernaut","floor":6.0},{"not_picked":["Clothesline","Ghostly Armor"],"picked":"Infernal Blade","floor":14.0},{"not_picked":["Double Tap","Immolate"],"picked":"Demon Form","floor":16.0},{"not_picked":["Havoc","Cleave"],"picked":"Headbutt","floor":17},{"not_picked":["Shrug It Off","Headbutt"],"picked":"Clash+1","floor":18},{"not_picked":["Cleave","Twin Strike"],"picked":"Inflame","floor":19},{"not_picked":["Flame Barrier+1","Evolve"],"picked":"Offering","floor":22},{"not_picked":["True Grit","Entrench","Wild Strike"],"picked":"SKIP","floor":25},{"not_picked":["Thunderclap","Dark Embrace"],"picked":"Iron Wave","floor":28},{"not_picked":["Clash","Flame Barrier+1"],"picked":"Reckless Charge+1","floor":29},{"not_picked":["Heavy Blade+1","Reckless Charge","Spot Weakness+1"],"picked":"SKIP","floor":31},{"not_picked":["Double Tap","Berserk"],"picked":"Reaper","floor":33},{"not_picked":["Wild Strike+1","Power Through+1"],"picked":"Iron Wave","floor":35},{"not_picked":["Blood for Blood","Intimidate"],"picked":"Iron Wave+1","floor":36},{"not_picked":["Flame Barrier","Body Slam+1"],"picked":"Iron Wave+1","floor":37},{"not_picked":["Spot Weakness+1","Warcry+1","Clash"],"picked":"SKIP","floor":39},{"not_picked":["Warcry+1","Power Through+1"],"picked":"Armaments+1","floor":41},{"not_picked":["True Grit+1","Anger+1"],"picked":"Reaper","floor":44},{"not_picked":["Corruption+1","Wild Strike"],"picked":"Intimidate+1","floor":45},{"not_picked":["Hemokinesis","Twin Strike","Corruption"],"picked":"SKIP","floor":46},{"not_picked":["Trip","Forethought"],"picked":"Good Instincts","floor":48},{"not_picked":["Mind Blast","Bandage Up"],"picked":"PanicButton","floor":48}],"player_experience":342812,"relics_obtained":[{"floor":6.0,"key":"Self Forming Clay"},{"floor":11.0,"key":"Art of War"},{"floor":25,"key":"Pen Nib"},{"floor":26,"key":"Centennial Puzzle"},{"floor":29,"key":"Gremlin Horn"},{"floor":41,"key":"Juzu Bracelet"},{"floor":43,"key":"Dream Catcher"},{"floor":46,"key":"Omamori"}],"event_choices":[{"damage_healed":0.0,"max_hp_gain":0.0,"max_hp_loss":0.0,"gold_gain":0.0,"event_name":"Match and Keep!","player_choice":"1 cards matched","floor":2.0,"gold_loss":0.0,"damage_taken":0.0,"cards_obtained":["Sword Boomerang"]},{"damage_healed":0.0,"max_hp_gain":0.0,"max_hp_loss":0.0,"gold_gain":0.0,"event_name":"The Woman in Blue","player_choice":"Bought 0 Potions","floor":7.0,"gold_loss":0.0,"damage_taken":0.0},{"damage_healed":0.0,"max_hp_gain":0.0,"max_hp_loss":0.0,"gold_gain":0.0,"event_name":"Scrap Ooze","player_choice":"Success","floor":13.0,"gold_loss":0.0,"damage_taken":12.0,"relics_obtained":["PreservedInsect"]},{"damage_healed":0,"gold_gain":0,"player_choice":"Shed Blood","damage_taken":21,"max_hp_gain":5,"max_hp_loss":0,"event_name":"Forgotten Altar","floor":20,"gold_loss":0},{"cards_removed":["Defend_R"],"damage_healed":0,"gold_gain":0,"player_choice":"Gave Gold","damage_taken":0,"max_hp_gain":0,"max_hp_loss":0,"event_name":"Beggar","floor":21,"gold_loss":75},{"damage_healed":0,"gold_gain":0,"player_choice":"Got Potions","damage_taken":0,"max_hp_gain":0,"max_hp_loss":0,"event_name":"Lab","floor":24,"gold_loss":0},{"damage_healed":0,"gold_gain":0,"player_choice":"Paid","damage_taken":0,"relics_obtained":["Red Mask"],"max_hp_gain":0,"max_hp_loss":0,"event_name":"Tomb of Lord Red Mask","floor":47,"gold_loss":196},{"damage_healed":0,"gold_gain":0,"player_choice":"Memory 2","damage_taken":5,"max_hp_gain":0,"max_hp_loss":0,"event_name":"SensoryStone","floor":48,"gold_loss":0}],"is_beta":false,"boss_relics":[{"not_picked":["Lizard Tail","Orrery"],"picked":"Tiny House"},{"not_picked":["Coffee Dripper","Fusion Hammer"],"picked":"Philosopher\u0027s Stone"}],"items_purged_floors":[4,10,30],"is_endless":false,"potions_floor_spawned":[6,14,22,28,29,31,33,35,41,45,46],"ascension_level":0}