{"gold_per_floor":[118,118,118,128,128,128,128,162,162,177,191,191,205,224,224,344,344,359,39,39,58,79,120,120,153,153,197,197,197,122,145,145,273,273,289,305,305,328,328,328,96,96,148,5,45,45,58,72,72,72,72,72,3,38,38],"floor_reached":55,"playtime":6496,"items_purged":["Strike_R"],"score":705,"play_id":"8db58c5c-4234-4645-b784-b14605761094","local_time":"20190106230229","is_ascension_mode":false,"campfire_choices":[{"data":"Armaments","floor":6,"key":"SMITH"},{"data":"Bloodletting","floor":12,"key":"SMITH"},{"floor":15,"key":"RECALL"},{"floor":24,"key":"REST"},{"data":"Barricade","floor":29,"key":"SMITH"},{"floor":32,"key":"REST"},{"data":"Armaments","floor":40,"key":"SMITH"},{"data":"Metallicize","floor":42,"key":"SMITH"},{"data":"Feel No Pain","floor":49,"key":"SMITH"},{"data":"Battle Trance","floor":52,"key":"SMITH"}],"neow_cost":"NONE","seed_source_timestamp":367626187936085,"circlet_count":0,"master_deck":["Strike_R+1","Defend_R","Defend_R+1","Defend_R","Defend_R","Bash","Immolate+1","Clothesline+1","Blood for Blood","Armaments+1","Havoc","Battle Trance+1","Ghostly Armor","Bloodletting+1","Shrug It Off","Flame Barrier","Barricade+1","Metallicize+1","Metallicize+1","Feel No Pain+1","Armaments+1","Burning Pact","Burning Pact","Dual Wield+1","Juggernaut","Body Slam+1","Havoc","Sentinel","Shockwave+1","Finesse+1","Metamorphosis+1","Disarm+1","Entrench+1"],"relics":["Burning Blood","Golden Idol","Pear","Self Forming Clay","Black Star","Bottled Lightning","Bottled Tornado","Whetstone","Dead Branch","Gremlin Horn","Letter Opener","Juzu Bracelet","Ginger","Snecko Eye","GremlinMask","Bag of Preparation","Art of War","Toxic Egg 2","Ancient Tea Set","Pantograph","Sundial"],"potions_floor_usage":[10,16,16,23,25,27,33,38,50,55,55],"damage_taken":[{"damage":3,"enemies":"2 Louse","floor":1,"turns":2},{"damage":5,"enemies":"Jaw Worm","floor":4,"turns":3},{"damage":21,"enemies":"Lagavulin","floor":8,"turns":6},{"damage":0,"enemies":"Small Slimes","floor":10,"turns":2},{"damage":0,"enemies":"Exordium Thugs","floor":11,"turns":2},{"damage":4,"enemies":"2 Fungi Beasts","floor":13,"turns":2},{"damage":16,"enemies":"Exordium Wildlife","floor":14,"turns":5},{"damage":36,"enemies":"Slime Boss","floor":16,"turns":14},{"damage":9,"enemies":"Shell Parasite","floor":18,"turns":11},{"damage":8,"enemies":"3 Byrds","floor":21,"turns":2},{"damage":22,"enemies":"Snake Plant","floor":22,"turns":5},{"damage":35,"enemies":"Slavers","floor":23,"turns":5},{"damage":13,"enemies":"Gremlin Leader","floor":25,"turns":7},{"damage":31,"enemies":"Book of Stabbing","floor":27,"turns":8},{"damage":13,"enemies":"Centurion and Healer","floor":31,"turns":12},{"damage":8,"enemies":"Champ","floor":33,"turns":21},{"damage":3,"enemies":"3 Shapes","floor":35,"turns":4},{"damage":0,"enemies":"Orb Walker","floor":36,"turns":5},{"damage":10,"enemies":"4 Shapes","floor":38,"turns":4},{"damage":17,"enemies":"Nemesis","floor":45,"turns":11},{"damage":11,"enemies":"3 Darklings","floor":47,"turns":5},{"damage":0,"enemies":"Maw","floor":48,"turns":6},{"damage":25,"enemies":"Donu and Deca","floor":50,"turns":13},{"damage":36,"enemies":"Shield and Spear","floor":54,"turns":5},{"damage":81,"enemies":"The Heart","floor":55,"turns":9}],"seed_played":"4983352630672727021","potions_obtained":[{"floor":8,"key":"EntropicBrew"},{"floor":10,"key":"SneckoOil"},{"floor":16,"key":"LiquidBronze"},{"floor":18,"key":"Fire Potion"},{"floor":23,"key":"LiquidBronze"},{"floor":25,"key":"Fire Potion"},{"floor":27,"key":"Poison Potion"},{"floor":38,"key":"EssenceOfSteel"},{"floor":47,"key":"Energy Potion"},{"floor":54,"key":"Energy Potion"}],"is_trial":false,"path_per_floor":["M","?","?","M","?","R","?","E","T","M","M","R","M","M","R","B",null,"M","$","?","M","M","E","R","E","T","E","?","R","?","M","R","B",null,"M","M","?","M","?","R","$","R","T","$","E","?","M","M","R","B",null,"R","$","E","B"],"character_chosen":"IRONCLAD","items_purchased":["Bottled Lightning","Sentinel","Bag of Preparation","Art of War","Disarm+1"],"campfire_rested":2,"item_purchase_floors":[19,41,41,44,53],"current_hp_per_floor":[80,80,64,65,65,65,65,60,60,66,72,72,74,64,64,49,84,81,81,81,79,63,34,59,52,52,27,27,27,27,20,45,43,84,84,84,84,80,80,80,80,80,80,80,69,64,59,65,65,46,84,84,84,54,0],"gold":38,"neow_bonus":"ONE_RANDOM_RARE_CARD","is_prod":false,"is_daily":false,"chose_seed":false,"campfire_upgraded":7,"win_rate":0,"timestamp":1546844549,"path_taken":["M","?","?","M","?","R","?","E","T","M","?","R","M","M","R","BOSS","M","$","?","M","M","E","R","E","T","E","?","R","?","M","R","BOSS","M","M","?","M","?","R","$","R","T","?","E","?","M","M","R","BOSS","R","$","E","BOSS"],"build_version":"2019-01-03v4","purchased_purges":1,"victory":false,"max_hp_per_floor":[80,80,80,80,74,74,74,84,84,84,84,84,84,84,84,84,84,84,84,84,84,84,84,84,84,84,84,84,84,84,84,84,84,84,84,84,84,84,84,84,84,84,84,84,84,84,84,84,84,84,84,84,84,84,84],"card_choices":[{"not_picked":["Body Slam","Sword Boomerang"],"picked":"Clothesline","floor":1},{"not_picked":["Cleave","Dropkick"],"picked":"Armaments","floor":4},{"not_picked":["Armaments","Corruption"],"picked":"Battle Trance","floor":8},{"not_picked":["True Grit","Corruption"],"picked":"Ghostly Armor","floor":10},{"not_picked":["True Grit","Thunderclap"],"picked":"Bloodletting","floor":11},{"not_picked":["Demon Form","Flex"],"picked":"Shrug It Off","floor":13},{"not_picked":["Wild Strike","Metallicize"],"picked":"Flame Barrier","floor":14},{"not_picked":["Feed","Berserk"],"picked":"Barricade","floor":16},{"not_picked":["Anger","Disarm"],"picked":"Metallicize","floor":18},{"not_picked":["Sever Soul","Rupture"],"picked":"Metallicize+1","floor":21},{"not_picked":["Clothesline","Bloodletting"],"picked":"Feel No Pain","floor":22},{"not_picked":["Fiend Fire","Pommel Strike+1"],"picked":"Armaments","floor":23},{"not_picked":["Havoc","Shrug It Off"],"picked":"Burning Pact","floor":25},{"not_picked":["Pummel+1","Rampage"],"picked":"Burning Pact","floor":27},{"not_picked":["Armaments","Carnage"],"picked":"Dual Wield+1","floor":31},{"not_picked":["Fiend Fire","Demon Form"],"picked":"Juggernaut","floor":33},{"not_picked":["Metallicize","Thunderclap"],"picked":"Body Slam+1","floor":35},{"not_picked":["Pommel Strike","Clothesline+1"],"picked":"Havoc","floor":36},{"not_picked":["Twin Strike+1","Pommel Strike","Anger"],"picked":"SKIP","floor":38},{"not_picked":["Headbutt+1","Heavy Blade"],"picked":"Shockwave+1","floor":45},{"not_picked":["PanicButton+1","Jack Of All Trades+1"],"picked":"Finesse+1","floor":46},{"not_picked":["Secret Technique+1","Violence+1"],"picked":"Metamorphosis+1","floor":46},{"not_picked":["Flex+1","Sword Boomerang+1","Heavy Blade"],"picked":"SKIP","floor":47},{"not_picked":["Headbutt+1","Dropkick","Rampage+1"],"picked":"SKIP","floor":48},{"not_picked":["Fiend Fire","Iron Wave"],"picked":"Entrench+1","floor":54}],"player_experience":378065,"relics_obtained":[{"floor":8,"key":"Pear"},{"floor":9,"key":"Self Forming Clay"},{"floor":23,"key":"Bottled Tornado"},{"floor":23,"key":"Whetstone"},{"floor":25,"key":"Dead Branch"},{"floor":25,"key":"Gremlin Horn"},{"floor":26,"key":"Letter Opener"},{"floor":27,"key":"Juzu Bracelet"},{"floor":27,"key":"Ginger"},{"floor":45,"key":"Toxic Egg 2"},{"floor":45,"key":"Ancient Tea Set"},{"floor":54,"key":"Pantograph"},{"floor":54,"key":"Sundial"}],"event_choices":[{"damage_healed":0,"gold_gain":0,"cards_transformed":["Strike_R"],"player_choice":"Change","damage_taken":0,"max_hp_gain":0,"max_hp_loss":0,"event_name":"Living Wall","floor":2,"gold_loss":0,"cards_obtained":["Blood for Blood"]},{"damage_healed":0,"gold_gain":0,"player_choice":"Entered Light","damage_taken":16,"max_hp_gain":0,"max_hp_loss":0,"event_name":"Shining Light","floor":3,"gold_loss":0,"cards_upgraded":["Defend_R","Clothesline"]},{"damage_healed":0,"gold_gain":0,"player_choice":"Lose Max HP","damage_taken":0,"relics_obtained":["Golden Idol"],"max_hp_gain":0,"max_hp_loss":6,"event_name":"Golden Idol","floor":5,"gold_loss":0},{"damage_healed":0,"gold_gain":0,"cards_transformed":["Strike_R"],"player_choice":"Transformed","damage_taken":0,"max_hp_gain":0,"max_hp_loss":0,"event_name":"Transmorgrifier","floor":7,"gold_loss":0,"cards_obtained":["Havoc"]},{"damage_healed":0,"gold_gain":0,"player_choice":"Ignored","damage_taken":0,"max_hp_gain":0,"max_hp_loss":0,"event_name":"Vampires","floor":20,"gold_loss":0},{"damage_healed":0,"gold_gain":0,"player_choice":"Ignored","damage_taken":0,"max_hp_gain":0,"max_hp_loss":0,"event_name":"Ghosts","floor":28,"gold_loss":0},{"cards_removed":["Strike_R"],"damage_healed":0,"gold_gain":0,"player_choice":"Gave Gold","damage_taken":0,"max_hp_gain":0,"max_hp_loss":0,"event_name":"Beggar","floor":30,"gold_loss":75},{"damage_healed":0,"gold_gain":0,"player_choice":"Ignored","damage_taken":0,"max_hp_gain":0,"max_hp_loss":0,"event_name":"SecretPortal","floor":37,"gold_loss":0},{"damage_healed":0,"gold_gain":0,"player_choice":"Trade","damage_taken":0,"relics_obtained":["GremlinMask"],"max_hp_gain":0,"max_hp_loss":0,"event_name":"FaceTrader","floor":39,"gold_loss":0},{"damage_healed":0,"gold_gain":0,"player_choice":"Memory 2","damage_taken":5,"max_hp_gain":0,"max_hp_loss":0,"event_name":"SensoryStone","floor":46,"gold_loss":0}],"is_beta":false,"boss_relics":[{"not_picked":["Fusion Hammer","Ectoplasm"],"picked":"Black Star"},{"not_picked":["Astrolabe","Runic Cube"],"picked":"Snecko Eye"}],"items_purged_floors":[19],"is_endless":false,"potions_floor_spawned":[8,10,16,18,23,25,27,38,47,54],"killed_by":"The Heart","ascension_level":0}