{"gold_per_floor":[210,230,230,250,6,37,37,53,53,66,94,94,111,111,111,214,214,233,250,250,264,277,277,311,311,359,79,79,95,108,124,124,124],"floor_reached":33,"playtime":3397,"items_purged":["Decay","Strike_B"],"score":422,"play_id":"485fd717-178a-475b-8393-d7556feec2c6","local_time":"20190123011451","is_ascension_mode":true,"campfire_choices":[{"floor":7,"key":"REST"},{"floor":12,"key":"REST"},{"data":"Loop","floor":15,"key":"SMITH"},{"floor":23,"key":"REST"},{"floor":25,"key":"REST"},{"floor":32,"key":"REST"}],"neow_cost":"NONE","seed_source_timestamp":292934808012756,"circlet_count":0,"master_deck":["AscendersBane","Strike_B","Strike_B","Strike_B","Defend_B","Defend_B","Defend_B","Defend_B","Zap","Dualcast","Ball Lightning","Loop+1","Sweeping Beam","Thunder Strike","Consume","Coolheaded","Redo","Biased Cognition","Heatsinks","Coolheaded","Force Field","Reprogram+1","Ball Lightning","Echo Form","Turbo+1","Rainbow"],"relics":["Cracked Core","Membership Card","Centennial Puzzle","Happy Flower","Meat on the Bone","Inserter","Regal Pillow","Bronze Scales","Gambling Chip"],"potions_floor_usage":[6,10,11,22,24,31,33],"damage_taken":[{"damage":7,"enemies":"Jaw Worm","floor":1,"turns":3},{"damage":0,"enemies":"Cultist","floor":2,"turns":3},{"damage":5,"enemies":"2 Louse","floor":4,"turns":2},{"damage":30,"enemies":"3 Sentries","floor":6,"turns":6},{"damage":2,"enemies":"Looter","floor":8,"turns":3},{"damage":2,"enemies":"Exordium Wildlife","floor":10,"turns":2},{"damage":36,"enemies":"Gremlin Nob","floor":11,"turns":4},{"damage":4,"enemies":"Blue Slaver","floor":13,"turns":3},{"damage":17,"enemies":"Slime Boss","floor":16,"turns":7},{"damage":40,"enemies":"2 Thieves","floor":18,"turns":4},{"damage":7,"enemies":"Chosen","floor":19,"turns":4},{"damage":21,"enemies":"Centurion and Healer","floor":21,"turns":9},{"damage":44,"enemies":"3 Cultists","floor":22,"turns":6},{"damage":35,"enemies":"Book of Stabbing","floor":24,"turns":8},{"damage":36,"enemies":"Snecko","floor":29,"turns":6},{"damage":27,"enemies":"Snake Plant","floor":30,"turns":3},{"damage":10,"enemies":"Centurion and Healer","floor":31,"turns":4},{"damage":71,"enemies":"Collector","floor":33,"turns":6}],"seed_played":"8214243178980935617","potions_obtained":[{"floor":2,"key":"Dexterity Potion"},{"floor":6,"key":"Fire Potion"},{"floor":10,"key":"Fruit Juice"},{"floor":16,"key":"Dexterity Potion"},{"floor":19,"key":"Poison Potion"},{"floor":24,"key":"LiquidBronze"},{"floor":30,"key":"SpeedPotion"}],"is_trial":false,"path_per_floor":["M","M","?","M","$","E","R","M","T","M","E","R","M","?","R","B",null,"M","M","?","M","M","R","E","R","T","$","?","M","M","M","R","B"],"character_chosen":"DEFECT","items_purchased":["Membership Card","Gambling Chip","Echo Form"],"campfire_rested":5,"item_purchase_floors":[5,27,27],"current_hp_per_floor":[61,61,61,56,56,26,48,46,46,44,13,37,45,45,45,40,70,42,47,73,52,20,44,21,60,60,60,60,36,21,23,62,0],"gold":124,"neow_bonus":"HUNDRED_GOLD","is_prod":false,"is_daily":false,"chose_seed":false,"campfire_upgraded":1,"win_rate":0,"timestamp":1548234891,"path_taken":["M","M","?","?","$","E","R","M","T","M","E","R","M","?","R","BOSS","M","M","?","M","M","R","E","R","T","$","?","M","M","?","R","BOSS"],"build_version":"2019-01-17v2","purchased_purges":2,"victory":false,"max_hp_per_floor":[75,75,75,75,75,75,75,75,75,75,80,80,80,80,80,80,80,80,80,80,80,80,80,80,80,80,80,80,80,80,80,80,80],"card_choices":[{"not_picked":["Hologram","Steam"],"picked":"Ball Lightning","floor":1},{"not_picked":["Stack","BootSequence"],"picked":"Loop","floor":2},{"not_picked":["Sunder","Aggregate"],"picked":"Sweeping Beam","floor":4},{"not_picked":["Rainbow","Double Energy"],"picked":"Thunder Strike","floor":6},{"not_picked":["Gash","Ball Lightning"],"picked":"Consume","floor":8},{"not_picked":["Compile Driver","Force Field","Rebound"],"picked":"SKIP","floor":10},{"not_picked":["Scrape","Chaos"],"picked":"Coolheaded","floor":11},{"not_picked":["Cold Snap","Skim"],"picked":"Redo","floor":13},{"not_picked":["Fission","Machine Learning"],"picked":"Biased Cognition","floor":16},{"not_picked":["Redo","Stack"],"picked":"Heatsinks","floor":18},{"not_picked":["Rebound+1","Steam+1"],"picked":"Coolheaded","floor":19},{"not_picked":["Doom and Gloom","Stack"],"picked":"Force Field","floor":21},{"not_picked":["Gash","Conserve Battery"],"picked":"Reprogram+1","floor":22},{"not_picked":["Lockon","Coolheaded"],"picked":"Ball Lightning","floor":24},{"not_picked":["Melter","Steam+1"],"picked":"Turbo+1","floor":29},{"not_picked":["Go for the Eyes","Turbo+1"],"picked":"Rainbow","floor":30},{"not_picked":["Lockon+1","Ball Lightning","Go for the Eyes"],"picked":"SKIP","floor":31}],"player_experience":505783,"relics_obtained":[{"floor":6,"key":"Centennial Puzzle"},{"floor":9,"key":"Happy Flower"},{"floor":11,"key":"Meat on the Bone"},{"floor":24,"key":"Regal Pillow"},{"floor":26,"key":"Bronze Scales"}],"event_choices":[{"damage_healed":0,"gold_gain":0,"player_choice":"Cursed","damage_taken":0,"max_hp_gain":0,"max_hp_loss":0,"event_name":"Wheel of Change","floor":3,"gold_loss":0,"cards_obtained":["Decay"]},{"damage_healed":0,"gold_gain":0,"player_choice":"Ignored","damage_taken":0,"max_hp_gain":0,"max_hp_loss":0,"event_name":"Liars Game","floor":14,"gold_loss":0},{"damage_healed":26,"gold_gain":0,"player_choice":"Heal","damage_taken":0,"max_hp_gain":0,"max_hp_loss":0,"event_name":"The Library","floor":20,"gold_loss":0},{"damage_healed":0,"gold_gain":0,"player_choice":"Ignored","damage_taken":0,"max_hp_gain":0,"max_hp_loss":0,"event_name":"Cursed Tome","floor":28,"gold_loss":0}],"is_beta":false,"boss_relics":[{"not_picked":["Runic Pyramid","Astrolabe"],"picked":"Inserter"}],"items_purged_floors":[5,27],"is_endless":false,"potions_floor_spawned":[2,6,10,16,19,24,30],"killed_by":"Collector","ascension_level":10}