{"gold_per_floor":[115,115,115,127,127,157,157,157,180,209,223,234,249,263,263,367,367,385,396,114,128,55,88,88,88,88,88,118,118,118,135,135,230,230,245,258,276,49,49],"floor_reached":39,"playtime":5175,"items_purged":["Strike_G"],"score":456,"play_id":"afe3922a-324d-4db6-b3d4-8e502ac711ba","local_time":"20190805214705","is_ascension_mode":false,"campfire_choices":[{"floor":7,"key":"REST"},{"data":"After Image","floor":15,"key":"SMITH"},{"floor":25,"key":"REST"},{"data":"RitualDagger","floor":27,"key":"SMITH"},{"data":"Caltrops","floor":29,"key":"SMITH"},{"floor":32,"key":"REST"}],"neow_cost":"NONE","seed_source_timestamp":53548318955704,"circlet_count":0,"master_deck":["Strike_G+1","Strike_G+1","Strike_G","Defend_G","Defend_G","Defend_G","Defend_G","Defend_G+1","Survivor","Neutralize+1","Bouncing Flask","Poisoned Stab","Envenom+1","Dash","Backstab","Crippling Poison","After Image+1","Distraction","Venomology","PiercingWail","Caltrops+1","Bane","Deflect+1","RitualDagger+1","Expertise+1","Distraction+1","Malaise","Skewer+1","Deadly Poison+1"],"relics":["Ring of the Snake","Ancient Tea Set","Whetstone","Dodecahedron","HoveringKite","Toy Ornithopter","Omamori","The Specimen","Torii","FaceOfCleric","Black Star","Bag of Preparation"],"potions_floor_usage":[4,14,18,18,19,21,23,28,33,33,35,36,36,36,36],"damage_taken":[{"damage":0,"enemies":"Jaw Worm","floor":1,"turns":6},{"damage":0,"enemies":"Small Slimes","floor":4,"turns":4},{"damage":11,"enemies":"Lagavulin","floor":6,"turns":6},{"damage":6,"enemies":"Gremlin Nob","floor":10,"turns":3},{"damage":0,"enemies":"Cultist","floor":11,"turns":2},{"damage":0,"enemies":"3 Louse","floor":12,"turns":3},{"damage":0,"enemies":"Lots of Slimes","floor":13,"turns":4},{"damage":0,"enemies":"Looter","floor":14,"turns":3},{"damage":2,"enemies":"The Guardian","floor":16,"turns":9},{"damage":5,"enemies":"3 Byrds","floor":18,"turns":5},{"damage":17,"enemies":"Spheric Guardian","floor":19,"turns":8},{"damage":10,"enemies":"Snake Plant","floor":21,"turns":4},{"damage":3,"enemies":"Book of Stabbing","floor":23,"turns":7},{"damage":17,"enemies":"Gremlin Leader","floor":28,"turns":7},{"damage":9,"enemies":"Shelled Parasite and Fungi","floor":31,"turns":5},{"damage":10,"enemies":"Collector","floor":33,"turns":8},{"damage":13,"enemies":"3 Shapes","floor":35,"turns":5},{"damage":15,"enemies":"3 Darklings","floor":36,"turns":7},{"damage":42,"enemies":"Jaw Worm Horde","floor":37,"turns":7},{"damage":43,"enemies":"Transient","floor":39,"turns":4}],"seed_played":"-2628401132706133986","potions_obtained":[{"floor":4,"key":"Fruit Juice"},{"floor":6,"key":"Explosive Potion"},{"floor":10,"key":"GamblersBrew"},{"floor":11,"key":"GamblersBrew"},{"floor":16,"key":"Strength Potion"},{"floor":21,"key":"SpeedPotion"},{"floor":31,"key":"EntropicBrew"},{"floor":33,"key":"PowerPotion"},{"floor":35,"key":"SkillPotion"}],"is_trial":false,"path_per_floor":["M","?","?","M","?","E","R","?","T","E","M","M","M","M","R","B",null,"M","M","$","M","$","E","?","R","T","R","E","R","?","M","R","B",null,"M","M","M","$","M"],"character_chosen":"THE_SILENT","items_purchased":["Toy Ornithopter","Caltrops","GhostInAJar","Bag of Preparation"],"campfire_rested":3,"item_purchase_floors":[20,20,22,38],"current_hp_per_floor":[77,77,62,67,67,56,80,80,80,74,74,74,74,74,74,72,82,77,75,75,70,70,72,66,82,82,82,70,70,70,62,83,79,84,72,78,37,37,0],"gold":49,"neow_bonus":"TEN_PERCENT_HP_BONUS","is_prod":false,"is_daily":false,"chose_seed":false,"campfire_upgraded":3,"win_rate":0.0,"timestamp":1565056025,"path_taken":["M","?","?","?","?","E","R","?","T","E","M","M","M","?","R","BOSS","M","M","$","M","$","E","?","R","T","R","E","R","?","M","R","BOSS","M","M","M","?","M"],"build_version":"2019-07-17","purchased_purges":1,"victory":false,"max_hp_per_floor":[77,77,77,82,82,82,82,82,82,82,82,82,82,82,82,82,82,82,82,82,82,82,82,82,82,82,82,82,82,82,83,83,84,84,85,86,87,87,87],"card_choices":[{"not_picked":["Prepared","Dodge and Roll"],"picked":"Bouncing Flask","floor":1},{"not_picked":["Dagger Spray","Tactician"],"picked":"Poisoned Stab","floor":4},{"not_picked":["Backflip","Blade Dance"],"picked":"Dash","floor":6},{"not_picked":["Poisoned Stab","Choke"],"picked":"Backstab","floor":10},{"not_picked":["Choke","Calculated Gamble","Quick Slash"],"picked":"SKIP","floor":11},{"not_picked":["Outmaneuver","Slice"],"picked":"Crippling Poison","floor":12},{"not_picked":["Deflect","PiercingWail"],"picked":"After Image","floor":13},{"not_picked":["Blade Dance","Endless Agony"],"picked":"Distraction","floor":14},{"not_picked":["Glass Knife","Phantasmal Killer"],"picked":"Venomology","floor":16},{"not_picked":["Deadly Poison","Underhanded Strike"],"picked":"PiercingWail","floor":18},{"not_picked":["Slice","Flying Knee","All Out Attack"],"picked":"SKIP","floor":19},{"not_picked":["Cloak And Dagger+1","Slice"],"picked":"Bane","floor":21},{"not_picked":["Well Laid Plans","Eviscerate"],"picked":"Deflect+1","floor":23},{"not_picked":["Calculated Gamble","Dagger Throw"],"picked":"Expertise+1","floor":28},{"not_picked":["Poisoned Stab","Eviscerate"],"picked":"Distraction+1","floor":31},{"not_picked":["Storm of Steel","Envenom"],"picked":"Malaise","floor":33},{"not_picked":["Sucker Punch","Dodge and Roll+1"],"picked":"Skewer+1","floor":35},{"not_picked":["Dagger Throw","Cloak And Dagger","Blade Dance+1"],"picked":"SKIP","floor":36},{"not_picked":["Calculated Gamble+1","Predator+1"],"picked":"Deadly Poison+1","floor":37}],"player_experience":188196,"relics_obtained":[{"floor":6,"key":"Ancient Tea Set"},{"floor":9,"key":"Whetstone"},{"floor":10,"key":"Dodecahedron"},{"floor":23,"key":"Omamori"},{"floor":26,"key":"The Specimen"},{"floor":28,"key":"Torii"}],"event_choices":[{"damage_healed":0,"gold_gain":0,"player_choice":"Ignored","damage_taken":0,"max_hp_gain":0,"max_hp_loss":0,"event_name":"Golden Wing","floor":2,"gold_loss":0},{"damage_healed":0,"gold_gain":0,"player_choice":"Entered Light","damage_taken":15,"max_hp_gain":0,"max_hp_loss":0,"event_name":"Shining Light","floor":3,"gold_loss":0,"cards_upgraded":["Defend_G","Neutralize"]},{"damage_healed":0,"gold_gain":0,"cards_transformed":["Strike_G"],"player_choice":"Change","damage_taken":0,"max_hp_gain":0,"max_hp_loss":0,"event_name":"Living Wall","floor":5,"gold_loss":0,"cards_obtained":["Envenom"]},{"damage_healed":0,"gold_gain":0,"player_choice":"Upgraded","damage_taken":0,"max_hp_gain":0,"max_hp_loss":0,"event_name":"Upgrade Shrine","floor":8,"gold_loss":0,"cards_upgraded":["Envenom"]},{"damage_healed":0,"gold_gain":0,"player_choice":"Joined the Cult","damage_taken":6,"max_hp_gain":0,"max_hp_loss":0,"event_name":"Nest","floor":24,"gold_loss":0,"cards_obtained":["RitualDagger"]},{"damage_healed":0,"gold_gain":0,"player_choice":"Trade","damage_taken":0,"relics_obtained":["FaceOfCleric"],"max_hp_gain":0,"max_hp_loss":0,"event_name":"FaceTrader","floor":30,"gold_loss":0}],"is_beta":false,"boss_relics":[{"not_picked":["WristBlade","White Beast Statue"],"picked":"HoveringKite"},{"not_picked":["Runic Dome","Busted Crown"],"picked":"Black Star"}],"items_purged_floors":[38],"is_endless":false,"potions_floor_spawned":[4,6,10,11,16,21,31,33,35],"killed_by":"Transient","ascension_level":0}