{"gold_per_floor":[110,9,21,21,39,73,100,100,100,100,128,28,28,28],"floor_reached":14,"playtime":1300,"items_purged":["Strike_R","Strike_R"],"score":96,"play_id":"bd956eb0-3e5f-4df0-9a35-44cfc5217e8b","local_time":"20190809225220","is_ascension_mode":false,"campfire_choices":[{"data":"Searing Blow+1","floor":8,"key":"SMITH"},{"data":"Searing Blow+2","floor":10,"key":"SMITH"}],"neow_cost":"NONE","seed_source_timestamp":136406673735167,"circlet_count":0,"master_deck":["Strike_R","Strike_R","Defend_R","Defend_R","Defend_R","Defend_R","Bash","Searing Blow+3","Flex","Heavy Blade","Thunderclap","Flex"],"relics":["Burning Blood","Nunchaku","Odd Mushroom","Matryoshka","Bottled Lightning","Incense Burner"],"potions_floor_usage":[6,11],"damage_taken":[{"damage":12,"enemies":"Small Slimes","floor":1,"turns":4},{"damage":1,"enemies":"Cultist","floor":3,"turns":3},{"damage":0,"enemies":"2 Louse","floor":5,"turns":3},{"damage":56,"enemies":"Gremlin Nob","floor":6,"turns":6},{"damage":19,"enemies":"The Mushroom Lair","floor":7,"turns":5},{"damage":12,"enemies":"3 Sentries","floor":11,"turns":6},{"damage":12,"enemies":"Exordium Thugs","floor":14,"turns":1}],"seed_played":"-9196280849236703721","potions_obtained":[{"floor":5,"key":"Swift Potion"},{"floor":6,"key":"Poison Potion"}],"is_trial":false,"path_per_floor":["M","$","M","?","M","E","?","R","T","R","E","$","?","M"],"character_chosen":"IRONCLAD","items_purchased":["Flex"],"campfire_rested":0,"item_purchase_floors":[2],"current_hp_per_floor":[74,74,79,79,80,30,17,17,17,17,11,11,11,0],"gold":28,"neow_bonus":"REMOVE_CARD","is_prod":false,"is_daily":false,"chose_seed":false,"campfire_upgraded":2,"win_rate":0.0,"timestamp":1565405540,"path_taken":["M","$","M","?","?","E","?","R","T","R","E","$","?","M"],"build_version":"2019-07-17","purchased_purges":2,"victory":false,"max_hp_per_floor":[80,80,80,80,80,80,80,80,80,80,80,80,80,80],"card_choices":[{"not_picked":["Heavy Blade","Perfected Strike"],"picked":"Searing Blow","floor":1},{"not_picked":["Sever Soul","Clothesline"],"picked":"Heavy Blade","floor":3},{"not_picked":["Perfected Strike","True Grit"],"picked":"Metallicize","floor":5},{"not_picked":["True Grit","Sword Boomerang"],"picked":"Thunderclap","floor":6},{"not_picked":["Shrug It Off","Sword Boomerang"],"picked":"Flex","floor":7},{"not_picked":["Bludgeon","Body Slam","Hemokinesis"],"picked":"SKIP","floor":11}],"player_experience":39521,"relics_obtained":[{"floor":6,"key":"Nunchaku"},{"floor":7,"key":"Odd Mushroom"},{"floor":9,"key":"Matryoshka"},{"floor":11,"key":"Bottled Lightning"}],"event_choices":[{"damage_healed":0,"gold_gain":0,"player_choice":"Upgraded","damage_taken":0,"max_hp_gain":0,"max_hp_loss":0,"event_name":"Upgrade Shrine","floor":4,"gold_loss":0,"cards_upgraded":["Searing Blow"]},{"damage_healed":0,"gold_gain":0,"player_choice":"Fought Mushrooms","damage_taken":0,"max_hp_gain":0,"max_hp_loss":0,"event_name":"Mushrooms","floor":7,"gold_loss":0},{"cards_removed":["Metallicize"],"damage_healed":0,"gold_gain":0,"player_choice":"Gave Card","damage_taken":0,"relics_obtained":["Incense Burner"],"max_hp_gain":0,"max_hp_loss":0,"event_name":"WeMeetAgain","floor":13,"gold_loss":0}],"is_beta":false,"boss_relics":[],"items_purged_floors":[2,12],"is_endless":false,"potions_floor_spawned":[5,6],"killed_by":"Exordium Thugs","ascension_level":0}