{"gold_per_floor":[116,128,98,10,30,64,79,109,190,265,365,365,383,394,394,495,495,507,507,521,446,461,461,492,492,492,492,86,86,97,197,197,292,292,305,305,315,69,81,0,0,0,0,0,29,47,47,47,47,47,47,47,47,75,75],"floor_reached":55,"playtime":9254,"items_purged":["Strike_G","Strike_G"],"score":698,"play_id":"cbc65f40-9699-4b8f-8f1e-1aaed3049db7","local_time":"20190901032817","is_ascension_mode":false,"campfire_choices":[{"floor":12,"key":"REST"},{"data":"Night Terror","floor":15,"key":"SMITH"},{"data":"Dash","floor":23,"key":"SMITH"},{"data":"Footwork","floor":25,"key":"SMITH"},{"data":"Neutralize","floor":29,"key":"SMITH"},{"data":"Caltrops","floor":32,"key":"SMITH"},{"floor":41,"key":"RECALL"},{"data":"After Image","floor":44,"key":"SMITH"},{"data":"1","floor":47,"key":"LIFT"},{"data":"2","floor":49,"key":"LIFT"},{"data":"Wraith Form v2","floor":52,"key":"SMITH"}],"neow_cost":"NONE","seed_source_timestamp":357096354067858,"circlet_count":0,"master_deck":["Defend_G","Defend_G","Defend_G","Defend_G","Survivor","Neutralize+1","Finesse","Dagger Spray","PiercingWail","Deadly Poison","Night Terror+1","Dash+1","Leg Sweep","Venomology","Footwork+1","Blur","Terror+1","Night Terror","Caltrops+1","The Bomb","After Image+1","Bandage Up","Panacea","Bandage Up","Deflect+1","Tactician+1","Wraith Form v2+1","Footwork","PiercingWail+1"],"relics":["Ring of the Serpent","Meat on the Bone","StoneCalendar","Matryoshka","Runic Pyramid","Blood Vial","Blue Candle","Strawberry","Oddly Smooth Stone","Mango","Question Card","Happy Flower","Red Mask","Darkstone Periapt","Girya","Snake Skull"],"potions_floor_usage":[6,6,16,18,18,20,22,22,24,30,31,31,31,33,33,45,45,46,46,50,50,50,55,55,55,55,55,55,55,55,55],"damage_taken":[{"damage":0,"enemies":"Cultist","floor":1,"turns":5},{"damage":0,"enemies":"2 Louse","floor":2,"turns":2},{"damage":0,"enemies":"Small Slimes","floor":5,"turns":4},{"damage":21,"enemies":"3 Sentries","floor":6,"turns":7},{"damage":5,"enemies":"Exordium Thugs","floor":7,"turns":5},{"damage":29,"enemies":"Lagavulin","floor":8,"turns":11},{"damage":3,"enemies":"3 Louse","floor":13,"turns":3},{"damage":3,"enemies":"Lots of Slimes","floor":14,"turns":4},{"damage":7,"enemies":"The Guardian","floor":16,"turns":11},{"damage":5,"enemies":"Spheric Guardian","floor":18,"turns":7},{"damage":8,"enemies":"Shell Parasite","floor":20,"turns":7},{"damage":3,"enemies":"Chosen and Byrds","floor":22,"turns":8},{"damage":27,"enemies":"Slavers","floor":24,"turns":7},{"damage":2,"enemies":"Shelled Parasite and Fungi","floor":30,"turns":7},{"damage":0,"enemies":"Colosseum Slavers","floor":31,"turns":6},{"damage":11,"enemies":"Colosseum Nobs","floor":31,"turns":4},{"damage":8,"enemies":"Collector","floor":33,"turns":11},{"damage":0,"enemies":"Orb Walker","floor":35,"turns":7},{"damage":10,"enemies":"3 Shapes","floor":37,"turns":5},{"damage":1,"enemies":"Writhing Mass","floor":39,"turns":8},{"damage":46,"enemies":"Reptomancer","floor":45,"turns":9},{"damage":0,"enemies":"Maw","floor":46,"turns":11},{"damage":38,"enemies":"Time Eater","floor":50,"turns":12},{"damage":22,"enemies":"Shield and Spear","floor":54,"turns":7},{"damage":93,"enemies":"The Heart","floor":55,"turns":11}],"seed_played":"-1645953607253168342","potions_obtained":[{"floor":2,"key":"Fire Potion"},{"floor":3,"key":"AttackPotion"},{"floor":3,"key":"SneckoOil"},{"floor":7,"key":"Weak Potion"},{"floor":13,"key":"FearPotion"},{"floor":16,"key":"Swift Potion"},{"floor":20,"key":"Dexterity Potion"},{"floor":24,"key":"Energy Potion"},{"floor":31,"key":"Energy Potion"},{"floor":45,"key":"EssenceOfSteel"},{"floor":46,"key":"AttackPotion"}],"is_trial":false,"path_per_floor":["M","M","?","$","M","E","M","E","T","?","?","R","M","M","R","B",null,"M","?","M","?","M","R","E","R","T","?","$","R","M","?","R","B",null,"M","?","M","$","M","?","R","$","T","R","E","M","R","?","R","B",null,"R","$","E","B"],"character_chosen":"THE_SILENT","items_purchased":["PiercingWail","Well Laid Plans","The Bomb","Oddly Smooth Stone","Happy Flower"],"campfire_rested":1,"item_purchase_floors":[4,4,28,28,38],"current_hp_per_floor":[70,70,70,70,70,49,44,27,27,16,16,37,46,43,43,36,70,65,70,62,62,70,70,43,43,50,50,50,50,50,57,57,51,91,91,81,81,81,90,90,90,90,90,90,49,59,59,59,59,57,91,91,91,77,0],"gold":75,"neow_bonus":"RANDOM_COLORLESS","is_prod":false,"is_daily":false,"chose_seed":false,"campfire_upgraded":7,"win_rate":0,"timestamp":1567322897,"path_taken":["M","M","?","$","?","E","M","E","T","?","?","R","?","M","R","BOSS","M","?","?","?","M","R","E","R","T","?","$","R","M","?","R","BOSS","M","?","M","$","M","?","R","$","T","R","E","M","R","?","R","BOSS","R","$","E","BOSS"],"build_version":"2019-07-17","purchased_purges":2,"victory":false,"max_hp_per_floor":[70,70,70,70,70,70,70,70,70,70,70,70,70,70,70,70,70,70,70,70,70,70,70,70,70,77,77,77,77,77,91,91,91,91,91,91,91,91,91,91,91,91,91,91,91,91,91,91,91,91,91,91,91,91,91],"card_choices":[{"not_picked":["Predator","Flying Knee"],"picked":"Dagger Spray","floor":1},{"not_picked":["Outmaneuver","Underhanded Strike","Setup"],"picked":"SKIP","floor":2},{"not_picked":["Calculated Gamble","Bane"],"picked":"Deadly Poison","floor":5},{"not_picked":["Setup","Quick Slash"],"picked":"Night Terror","floor":6},{"not_picked":["Cloak And Dagger","Deflect","All Out Attack"],"picked":"SKIP","floor":7},{"not_picked":["Cloak And Dagger","Deflect","All Out Attack"],"picked":"SKIP","floor":7},{"not_picked":["Expertise","Prepared"],"picked":"Dash","floor":8},{"not_picked":["Accuracy","Tactician","Underhanded Strike"],"picked":"SKIP","floor":13},{"not_picked":["Flechettes","Deadly Poison"],"picked":"Leg Sweep","floor":14},{"not_picked":["Malaise","Phantasmal Killer"],"picked":"Venomology","floor":16},{"not_picked":["Escape Plan","Acrobatics"],"picked":"Footwork","floor":18},{"not_picked":["Bane","Backstab+1"],"picked":"Blur","floor":20},{"not_picked":["Deflect","Quick Slash","Accuracy"],"picked":"SKIP","floor":22},{"not_picked":["Prepared+1","Bane+1"],"picked":"Terror+1","floor":24},{"not_picked":["Backflip+1","Sucker Punch","Dagger Throw"],"picked":"SKIP","floor":30},{"not_picked":["Die Die Die","Malaise","Burst"],"picked":"After Image","floor":33},{"not_picked":["Accuracy+1","Sucker Punch+1","Flechettes+1","Terror"],"picked":"SKIP","floor":35},{"not_picked":["Madness","Discovery","Forethought"],"picked":"Bandage Up","floor":36},{"not_picked":["Bandage Up","HandOfGreed","Swift Strike"],"picked":"Panacea","floor":36},{"not_picked":["Deep Breath","Secret Weapon","Good Instincts"],"picked":"Bandage Up","floor":36},{"not_picked":["Underhanded Strike+1","Well Laid Plans+1","Finisher+1"],"picked":"Deflect+1","floor":37},{"not_picked":["Bane+1","Slice","Outmaneuver"],"picked":"Tactician+1","floor":39},{"not_picked":["Dodge and Roll","Dagger Spray","Quick Slash"],"picked":"Wraith Form v2","floor":45},{"not_picked":["Dodge and Roll+1","Deadly Poison+1","Slice+1"],"picked":"Footwork","floor":46},{"not_picked":["Cloak And Dagger+1","Deflect","Sucker Punch+1"],"picked":"PiercingWail+1","floor":54}],"player_experience":221011,"relics_obtained":[{"floor":6,"key":"Meat on the Bone"},{"floor":8,"key":"StoneCalendar"},{"floor":9,"key":"Matryoshka"},{"floor":24,"key":"Blood Vial"},{"floor":26,"key":"Blue Candle"},{"floor":26,"key":"Strawberry"},{"floor":31,"key":"Mango"},{"floor":31,"key":"Question Card"},{"floor":43,"key":"Darkstone Periapt"},{"floor":45,"key":"Girya"},{"floor":54,"key":"Snake Skull"}],"event_choices":[{"damage_healed":0,"gold_gain":0,"player_choice":"Bought 2 Potions","damage_taken":0,"max_hp_gain":0,"max_hp_loss":0,"event_name":"The Woman in Blue","floor":3,"gold_loss":0},{"damage_healed":0,"gold_gain":75,"player_choice":"Gather Gold","damage_taken":11,"max_hp_gain":0,"max_hp_loss":0,"event_name":"World of Goop","floor":10,"gold_loss":0},{"damage_healed":0,"gold_gain":100,"player_choice":"Pray","damage_taken":0,"max_hp_gain":0,"max_hp_loss":0,"event_name":"Golden Shrine","floor":11,"gold_loss":0},{"cards_removed":["Well Laid Plans"],"damage_healed":5,"gold_gain":0,"player_choice":"Offered Uncommon","damage_taken":0,"max_hp_gain":0,"max_hp_loss":0,"event_name":"Bonfire Elementals","floor":19,"gold_loss":0},{"cards_removed":["Strike_G"],"damage_healed":0,"gold_gain":0,"player_choice":"Gave Gold","damage_taken":0,"max_hp_gain":0,"max_hp_loss":0,"event_name":"Beggar","floor":21,"gold_loss":75},{"damage_healed":0,"gold_gain":0,"cards_transformed":["Strike_G","Strike_G"],"player_choice":"Became Test Subject","damage_taken":0,"max_hp_gain":0,"max_hp_loss":0,"event_name":"Drug Dealer","floor":27,"gold_loss":0,"cards_obtained":["Night Terror","Caltrops"]},{"damage_healed":0,"gold_gain":0,"player_choice":"Fight","damage_taken":0,"max_hp_gain":0,"max_hp_loss":0,"event_name":"Colosseum","floor":31,"gold_loss":0},{"damage_healed":0,"gold_gain":0,"player_choice":"Fought Nobs","damage_taken":0,"max_hp_gain":0,"max_hp_loss":0,"event_name":"Colosseum","floor":31,"gold_loss":0},{"damage_healed":0,"gold_gain":0,"player_choice":"Memory 3","damage_taken":10,"max_hp_gain":0,"max_hp_loss":0,"event_name":"SensoryStone","floor":36,"gold_loss":0},{"damage_healed":0,"gold_gain":0,"player_choice":"Paid","damage_taken":0,"relics_obtained":["Red Mask"],"max_hp_gain":0,"max_hp_loss":0,"event_name":"Tomb of Lord Red Mask","floor":40,"gold_loss":81},{"cards_removed":["Defend_G"],"damage_healed":0,"gold_gain":0,"player_choice":"Removed Skill","damage_taken":0,"max_hp_gain":0,"max_hp_loss":0,"event_name":"Falling","floor":48,"gold_loss":0}],"is_beta":false,"boss_relics":[{"not_picked":["Cursed Key","Astrolabe"],"picked":"Runic Pyramid"},{"not_picked":["Orrery","Empty Cage"],"picked":"Ring of the Serpent"}],"items_purged_floors":[28,38],"is_endless":false,"potions_floor_spawned":[2,7,13,16,20,24,31,39,45,46],"killed_by":"The Heart","ascension_level":0}