{"gold_per_floor":[119,119,136,149,4,16,16,51,98,115,19,19,38,66,66,170,170,180,180,195,208,241,241,255,255,255,7,20,20,20,20,20,117,117,133,93,106,54,73,73,403,403,403,415,415,444,444,464,464,464],"floor_reached":50,"playtime":12799,"items_purged":[],"score":587,"play_id":"c868d761-f906-4ac5-b4ef-357d74a8addd","local_time":"20190728213404","is_ascension_mode":false,"campfire_choices":[{"data":"Footwork","floor":7,"key":"SMITH"},{"floor":12,"key":"REST"},{"data":"Dodge and Roll","floor":15,"key":"SMITH"},{"floor":23,"key":"REST"},{"floor":25,"key":"REST"},{"data":"Skewer","floor":32,"key":"SMITH"},{"floor":40,"key":"REST"},{"floor":42,"key":"REST"},{"floor":45,"key":"REST"},{"floor":47,"key":"REST"},{"floor":49,"key":"REST"}],"neow_cost":"NONE","seed_source_timestamp":14420837705167,"circlet_count":0,"master_deck":["Strike_G","Strike_G","Strike_G","Strike_G","Strike_G","Defend_G","Defend_G","Defend_G","Defend_G","Defend_G","Survivor","Neutralize","Dodge and Roll+1","Prepared","Footwork+1","Escape Plan","Flying Knee","PiercingWail","Dramatic Entrance","Quick Slash","Deadly Poison","A Thousand Cuts","Cloak And Dagger","RitualDagger","Terror","Heel Hook","Poisoned Stab+1","Underhanded Strike+1","Skewer+1","Ghostly","Ghostly","Ghostly","Ghostly","Ghostly","Adrenaline","Clumsy","All Out Attack+1","Dagger Spray+1","Noxious Fumes","Crippling Poison+1","Finisher+1","Prepared"],"relics":["Ring of the Snake","Vajra","Shuriken","Pen Nib","Omamori","Philosopher\u0027s Stone","Red Mask","Mummified Hand","Sling","Calling Bell","Potion Belt","Molten Egg 2","Tingsha","Old Coin","Bronze Scales","Happy Flower"],"potions_floor_usage":[8,14,14,18,20,22,22,33,37,39,39,39,41,41,41,50],"damage_taken":[{"damage":0,"enemies":"Jaw Worm","floor":1,"turns":7},{"damage":0,"enemies":"Cultist","floor":3,"turns":4},{"damage":5,"enemies":"2 Louse","floor":4,"turns":3},{"damage":3,"enemies":"Looter","floor":6,"turns":4},{"damage":6,"enemies":"3 Sentries","floor":8,"turns":14},{"damage":14,"enemies":"Large Slime","floor":10,"turns":8},{"damage":4,"enemies":"2 Fungi Beasts","floor":13,"turns":4},{"damage":4,"enemies":"Lagavulin","floor":14,"turns":6},{"damage":17,"enemies":"The Guardian","floor":16,"turns":13},{"damage":12,"enemies":"3 Byrds","floor":18,"turns":5},{"damage":7,"enemies":"2 Thieves","floor":20,"turns":4},{"damage":8,"enemies":"3 Cultists","floor":21,"turns":5},{"damage":19,"enemies":"Masked Bandits","floor":22,"turns":4},{"damage":0,"enemies":"Centurion and Healer","floor":24,"turns":5},{"damage":0,"enemies":"Snecko","floor":28,"turns":3},{"damage":9,"enemies":"Automaton","floor":33,"turns":8},{"damage":4,"enemies":"3 Darklings","floor":35,"turns":5},{"damage":20,"enemies":"3 Shapes","floor":37,"turns":4},{"damage":4,"enemies":"Writhing Mass","floor":39,"turns":5},{"damage":3,"enemies":"Giant Head","floor":41,"turns":8},{"damage":11,"enemies":"4 Shapes","floor":44,"turns":3},{"damage":6,"enemies":"Nemesis","floor":46,"turns":7},{"damage":8,"enemies":"Jaw Worm Horde","floor":48,"turns":5},{"damage":37,"enemies":"Donu and Deca","floor":50,"turns":6}],"seed_played":"3754253742200886903","potions_obtained":[{"floor":2,"key":"GhostInAJar"},{"floor":2,"key":"SneckoOil"},{"floor":2,"key":"Block Potion"},{"floor":8,"key":"Poison Potion"},{"floor":10,"key":"Poison Potion"},{"floor":13,"key":"Regen Potion"},{"floor":14,"key":"Dexterity Potion"},{"floor":18,"key":"EssenceOfSteel"},{"floor":20,"key":"SpeedPotion"},{"floor":21,"key":"PowerPotion"},{"floor":36,"key":"Block Potion"},{"floor":36,"key":"Regen Potion"},{"floor":36,"key":"Explosive Potion"},{"floor":37,"key":"SteroidPotion"},{"floor":39,"key":"SteroidPotion"},{"floor":41,"key":"FearPotion"}],"is_trial":false,"path_per_floor":["M","?","M","M","$","M","R","E","T","M","$","R","M","E","R","B",null,"M","?","M","M","?","R","M","R","T","$","M","?","?","?","R","B",null,"M","?","M","$","M","R","E","R","T","M","R","E","R","M","R","B"],"character_chosen":"THE_SILENT","items_purchased":["Vajra","Dramatic Entrance","Sling","SteroidPotion","Dexterity Potion"],"campfire_rested":8,"item_purchase_floors":[5,11,27,27,38],"current_hp_per_floor":[77,77,77,72,72,69,69,63,63,49,49,72,68,73,73,56,77,65,59,52,44,25,48,48,71,71,71,71,38,38,38,38,29,38,34,34,14,14,10,21,18,29,29,18,29,23,34,26,37,0],"gold":464,"neow_bonus":"TEN_PERCENT_HP_BONUS","is_prod":false,"is_daily":false,"chose_seed":false,"campfire_upgraded":3,"win_rate":0.0,"timestamp":1564364044,"path_taken":["M","?","M","M","?","M","R","E","T","M","$","R","M","E","R","BOSS","M","?","M","M","?","R","M","R","T","$","M","?","?","?","R","BOSS","M","?","?","?","M","R","E","R","T","M","R","E","R","?","R","BOSS"],"build_version":"2019-07-17","purchased_purges":0,"victory":false,"max_hp_per_floor":[77,77,77,77,77,77,77,77,77,77,77,77,77,77,77,77,77,77,77,77,77,77,77,77,77,77,77,77,38,38,38,38,38,38,38,38,38,38,38,38,38,38,38,38,38,38,38,38,38,38],"card_choices":[{"not_picked":["Deflect","Blade Dance"],"picked":"Dodge and Roll","floor":1},{"not_picked":["Masterful Stab","Crippling Poison"],"picked":"Prepared","floor":3},{"not_picked":["All Out Attack","Caltrops"],"picked":"Footwork","floor":4},{"not_picked":["Distraction","Flechettes"],"picked":"Escape Plan","floor":6},{"not_picked":["Underhanded Strike","Heel Hook"],"picked":"Flying Knee","floor":8},{"not_picked":["Sucker Punch","Slice"],"picked":"PiercingWail","floor":10},{"not_picked":["Bane","Flechettes"],"picked":"Quick Slash","floor":13},{"not_picked":["Well Laid Plans","Acrobatics"],"picked":"Deadly Poison","floor":14},{"not_picked":["Wraith Form v2","Envenom"],"picked":"A Thousand Cuts","floor":16},{"not_picked":["Quick Slash","PiercingWail"],"picked":"Cloak And Dagger","floor":18},{"not_picked":["Flechettes","Sucker Punch"],"picked":"Terror","floor":20},{"not_picked":["Dagger Throw+1","Flying Knee"],"picked":"Heel Hook","floor":21},{"not_picked":["Noxious Fumes","Footwork+1"],"picked":"Poisoned Stab+1","floor":22},{"not_picked":["Deadly Poison+1","Acrobatics"],"picked":"Underhanded Strike+1","floor":24},{"not_picked":["Endless Agony","Blade Dance"],"picked":"Skewer","floor":28},{"not_picked":["Envenom","Doppelganger"],"picked":"Adrenaline","floor":33},{"not_picked":["Sucker Punch+1","Flying Knee+1"],"picked":"All Out Attack+1","floor":35},{"not_picked":["Cloak And Dagger","Riddle With Holes+1"],"picked":"Dagger Spray+1","floor":37},{"not_picked":["Terror","Choke+1"],"picked":"Noxious Fumes","floor":39},{"not_picked":["Tactician","Unload+1","PiercingWail"],"picked":"SKIP","floor":41},{"not_picked":["Eviscerate+1","PiercingWail+1"],"picked":"Crippling Poison+1","floor":44},{"not_picked":["Terror+1","Dagger Spray+1"],"picked":"Finisher+1","floor":46},{"not_picked":["Crippling Poison","Finisher+1"],"picked":"Prepared","floor":48}],"player_experience":167978,"relics_obtained":[{"floor":8,"key":"Shuriken"},{"floor":9,"key":"Pen Nib"},{"floor":14,"key":"Omamori"},{"floor":22,"key":"Red Mask"},{"floor":26,"key":"Mummified Hand"},{"floor":34,"key":"Potion Belt"},{"floor":34,"key":"Molten Egg 2"},{"floor":34,"key":"Tingsha"},{"floor":41,"key":"Old Coin"},{"floor":43,"key":"Bronze Scales"},{"floor":46,"key":"Happy Flower"}],"event_choices":[{"damage_healed":0,"gold_gain":0,"player_choice":"Got Potions","damage_taken":0,"max_hp_gain":0,"max_hp_loss":0,"event_name":"Lab","floor":2,"gold_loss":0},{"damage_healed":0,"gold_gain":0,"player_choice":"Joined the Cult","damage_taken":6,"max_hp_gain":0,"max_hp_loss":0,"event_name":"Nest","floor":19,"gold_loss":0,"cards_obtained":["RitualDagger"]},{"damage_healed":0,"gold_gain":0,"player_choice":"Fought Bandits","damage_taken":0,"max_hp_gain":0,"max_hp_loss":0,"event_name":"Masked Bandits","floor":22,"gold_loss":0},{"damage_healed":0,"gold_gain":0,"player_choice":"Became a Ghost","damage_taken":0,"max_hp_gain":0,"max_hp_loss":39,"event_name":"Ghosts","floor":29,"gold_loss":0,"cards_obtained":["Ghostly","Ghostly","Ghostly","Ghostly","Ghostly"]},{"damage_healed":0,"gold_gain":0,"player_choice":"Ignored","damage_taken":0,"max_hp_gain":0,"max_hp_loss":0,"event_name":"Vampires","floor":30,"gold_loss":0},{"damage_healed":0,"gold_gain":0,"player_choice":"Ignored","damage_taken":0,"max_hp_gain":0,"max_hp_loss":0,"event_name":"N\u0027loth","floor":31,"gold_loss":0},{"damage_healed":0,"gold_gain":0,"player_choice":"Bought 3 Potions","damage_taken":0,"max_hp_gain":0,"max_hp_loss":0,"event_name":"The Woman in Blue","floor":36,"gold_loss":0}],"is_beta":false,"boss_relics":[{"not_picked":["Ectoplasm","Lizard Tail"],"picked":"Philosopher\u0027s Stone"},{"not_picked":["Orrery","Runic Dome"],"picked":"Calling Bell"}],"items_purged_floors":[],"is_endless":false,"potions_floor_spawned":[8,10,13,14,18,20,21,37,39,41],"killed_by":"Donu and Deca","ascension_level":0}