{"gold_per_floor":[112,122,122,72,83,83,83,109,109,141,18,34,209,227,227,332,332,347,347,360,459,486,519,245,46,46,46,46,79,91,126,126,228,228,241,241,241,341,341,341,374,389,389,405,405,271,288,299,299,299],"floor_reached":51,"playtime":4590,"items_purged":["Regret","Doubt"],"score":1367,"play_id":"e4c33d1f-0b37-4adb-87e1-2c057ebc24ce","local_time":"20190917001939","is_ascension_mode":true,"campfire_choices":[{"data":"Neutralize","floor":6.0,"key":"SMITH"},{"data":"Adrenaline","floor":15.0,"key":"SMITH"},{"floor":27.0,"key":"REST"},{"floor":32.0,"key":"REST"},{"data":"1","floor":40.0,"key":"LIFT"},{"floor":45.0,"key":"RECALL"},{"data":"2","floor":49,"key":"LIFT"}],"neow_cost":"NONE","seed_source_timestamp":0,"circlet_count":0,"master_deck":["AscendersBane","Strike_G","Strike_G","Defend_G","Defend_G","Defend_G","Defend_G","Defend_G","Survivor","Neutralize+1","Caltrops","Footwork","Malaise","Adrenaline+1","Die Die Die","Leg Sweep","Infinite Blades","Envenom","Acrobatics+1","Deflect+1","After Image+1","Backflip","Sadistic Nature+1","Adrenaline","Backflip","Acrobatics+1","Cloak And Dagger"],"special_seed":0,"relics":["Ring of the Snake","NeowsBlessing","The Courier","Matryoshka","Shuriken","Anchor","Ninja Scroll","Sozu","Bronze Scales","Red Mask","Frozen Egg 2","Ornamental Fan","Mercury Hourglass","Sundial","Pear","Tingsha","Blue Candle","Molten Egg 2","Fusion Hammer","Girya","Paper Crane","StoneCalendar","Gambling Chip"],"potions_floor_usage":[],"damage_taken":[{"damage":0.0,"enemies":"Cultist","floor":1.0,"turns":1.0},{"damage":0.0,"enemies":"2 Louse","floor":2.0,"turns":1.0},{"damage":0.0,"enemies":"Small Slimes","floor":5.0,"turns":1.0},{"damage":9.0,"enemies":"3 Sentries","floor":8.0,"turns":9.0},{"damage":11.0,"enemies":"Lagavulin","floor":10.0,"turns":9.0},{"damage":0.0,"enemies":"3 Louse","floor":12.0,"turns":1.0},{"damage":0.0,"enemies":"2 Fungi Beasts","floor":14.0,"turns":3.0},{"damage":1.0,"enemies":"Hexaghost","floor":16.0,"turns":13.0},{"damage":8.0,"enemies":"Chosen","floor":18.0,"turns":7.0},{"damage":2.0,"enemies":"Shell Parasite","floor":20.0,"turns":7.0},{"damage":34.0,"enemies":"Masked Bandits","floor":22.0,"turns":7.0},{"damage":0.0,"enemies":"Book of Stabbing","floor":23.0,"turns":5.0},{"damage":0.0,"enemies":"Slavers","floor":29.0,"turns":5.0},{"damage":0.0,"enemies":"Chosen and Byrds","floor":30.0,"turns":5.0},{"damage":18.0,"enemies":"Gremlin Leader","floor":31.0,"turns":7.0},{"damage":0.0,"enemies":"Champ","floor":33.0,"turns":14.0},{"damage":0.0,"enemies":"3 Darklings","floor":35.0,"turns":6.0},{"damage":0.0,"enemies":"Mind Bloom Boss Battle","floor":38.0,"turns":7.0},{"damage":0.0,"enemies":"Giant Head","floor":41.0,"turns":8.0},{"damage":0.0,"enemies":"3 Shapes","floor":42.0,"turns":5.0},{"damage":0.0,"enemies":"Maw","floor":44.0,"turns":7.0},{"damage":0,"enemies":"Writhing Mass","floor":47,"turns":5},{"damage":0,"enemies":"Transient","floor":48,"turns":5},{"damage":0,"enemies":"Awakened One","floor":50,"turns":12}],"seed_played":"3679933925602029356","potions_obtained":[{"floor":2.0,"key":"GamblersBrew"},{"floor":5.0,"key":"AttackPotion"},{"floor":8.0,"key":"AttackPotion"},{"floor":14.0,"key":"Poison Potion"}],"is_trial":false,"path_per_floor":["M","M","?","?","M","R","?","E","T","E","$","M","?","M","R","B",null,"M","?","M","?","?","E","$","$","T","R","T","E","M","E","R","B",null,"M","?","?","?","?","R","E","M","T","M","R","?","M","M","R","B",null],"character_chosen":"THE_SILENT","items_purchased":["Infinite Blades","Ornamental Fan","Mercury Hourglass"],"campfire_rested":2,"item_purchase_floors":[11,24,25],"current_hp_per_floor":[63,63,63,63,63,63,63,54,54,43,43,43,43,43,43,42,63,55,55,53,53,19,19,19,19,29,53,53,53,53,35,59,59,75,75,75,75,75,75,75,75,75,75,75,75,75,75,75,75,75],"gold":299,"neow_bonus":"THREE_ENEMY_KILL","is_prod":false,"is_daily":false,"chose_seed":false,"campfire_upgraded":2,"win_rate":0,"timestamp":1568668779,"path_taken":["M","?","?","?","M","R","?","E","T","E","$","M","?","M","R","BOSS","M","?","M","?","?","E","?","$","T","R","?","E","M","E","R","BOSS","M","?","?","?","?","R","E","M","T","M","R","?","M","?","R","BOSS"],"build_version":"2019-07-17","purchased_purges":2,"victory":true,"max_hp_per_floor":[70,70,70,70,70,70,70,70,70,70,70,70,70,70,70,70,70,70,70,70,70,70,70,70,70,80,80,80,80,80,80,80,80,80,80,80,76,76,76,76,76,76,76,76,76,76,76,76,76,76],"card_choices":[{"not_picked":["Backflip","Acrobatics"],"picked":"Caltrops","floor":1.0},{"not_picked":["Tactician","Acrobatics"],"picked":"Footwork","floor":2.0},{"not_picked":["Infinite Blades","Deflect"],"picked":"Adrenaline","floor":5.0},{"not_picked":["Adrenaline","Backflip"],"picked":"Die Die Die","floor":8.0},{"not_picked":["Tactician","Setup"],"picked":"Leg Sweep","floor":10.0},{"not_picked":["Flechettes","Acrobatics","Outmaneuver"],"picked":"SKIP","floor":12.0},{"not_picked":["Poisoned Stab","Reflex","Dash"],"picked":"SKIP","floor":14.0},{"not_picked":["Corpse Explosion","Adrenaline"],"picked":"Envenom","floor":16.0},{"not_picked":["Underhanded Strike+1","Sucker Punch","Setup+1"],"picked":"SKIP","floor":18.0},{"not_picked":["All Out Attack","Setup","Outmaneuver"],"picked":"SKIP","floor":20.0},{"not_picked":["Outmaneuver+1","Flechettes+1"],"picked":"Acrobatics+1","floor":22.0},{"not_picked":["Bouncing Flask","Riddle With Holes"],"picked":"Deflect+1","floor":23.0},{"not_picked":["Grand Finale","Phantasmal Killer","Bane+1"],"picked":"SKIP","floor":29.0},{"not_picked":["Bane","Slice","Dagger Spray"],"picked":"SKIP","floor":30.0},{"not_picked":["Blade Dance","Endless Agony","Poisoned Stab+1"],"picked":"SKIP","floor":31.0},{"not_picked":["Wraith Form v2+1","Glass Knife+1"],"picked":"After Image+1","floor":33.0},{"not_picked":["Catalyst","Calculated Gamble+1","Underhanded Strike+1"],"picked":"SKIP","floor":35.0},{"not_picked":["PiercingWail+1","Cloak And Dagger"],"picked":"Backflip","floor":38.0},{"not_picked":["Forethought","The Bomb"],"picked":"Sadistic Nature+1","floor":39.0},{"not_picked":["Bane+1","Acrobatics"],"picked":"Adrenaline","floor":41.0},{"not_picked":["Reflex","PiercingWail+1"],"picked":"Backflip","floor":42.0},{"not_picked":["Skewer+1","Dagger Spray+1","Underhanded Strike+1"],"picked":"SKIP","floor":44.0},{"not_picked":["Outmaneuver","Dagger Throw+1"],"picked":"Acrobatics+1","floor":47},{"not_picked":["Deadly Poison+1","Dagger Spray+1"],"picked":"Cloak And Dagger","floor":48}],"player_experience":292366,"relics_obtained":[{"floor":8.0,"key":"Matryoshka"},{"floor":9.0,"key":"Shuriken"},{"floor":9.0,"key":"Anchor"},{"floor":10.0,"key":"Ninja Scroll"},{"floor":22.0,"key":"Red Mask"},{"floor":23.0,"key":"Frozen Egg 2"},{"floor":26.0,"key":"Sundial"},{"floor":26.0,"key":"Pear"},{"floor":28.0,"key":"Tingsha"},{"floor":29.0,"key":"Blue Candle"},{"floor":31.0,"key":"Molten Egg 2"},{"floor":38.0,"key":"Girya"},{"floor":41.0,"key":"Paper Crane"},{"floor":43.0,"key":"StoneCalendar"}],"event_choices":[{"damage_healed":0.0,"max_hp_gain":0.0,"max_hp_loss":0.0,"gold_gain":0.0,"cards_transformed":["Strike_G"],"event_name":"Living Wall","player_choice":"Change","floor":3.0,"gold_loss":0.0,"damage_taken":0.0,"cards_obtained":["Malaise"]},{"cards_removed":["Strike_G"],"damage_healed":0.0,"max_hp_gain":0.0,"max_hp_loss":0.0,"gold_gain":0.0,"event_name":"The Cleric","player_choice":"Card Removal","floor":4.0,"gold_loss":50.0,"damage_taken":0.0},{"damage_healed":0.0,"max_hp_gain":0.0,"max_hp_loss":0.0,"gold_gain":0.0,"event_name":"Big Fish","player_choice":"Box","floor":7.0,"gold_loss":0.0,"damage_taken":0.0,"relics_obtained":["The Courier"],"cards_obtained":["Regret"]},{"damage_healed":0.0,"max_hp_gain":0.0,"max_hp_loss":0.0,"gold_gain":175.0,"event_name":"Liars Game","player_choice":"AGREE","floor":13.0,"gold_loss":0.0,"damage_taken":0.0,"cards_obtained":["Doubt"]},{"damage_healed":0.0,"max_hp_gain":0.0,"max_hp_loss":0.0,"gold_gain":0.0,"event_name":"The Mausoleum","player_choice":"Opened","floor":19.0,"gold_loss":0.0,"damage_taken":0.0,"relics_obtained":["Bronze Scales"]},{"damage_healed":0.0,"max_hp_gain":0.0,"max_hp_loss":0.0,"gold_gain":99.0,"event_name":"Nest","player_choice":"Stole From Cult","floor":21.0,"gold_loss":0.0,"damage_taken":0.0},{"damage_healed":0.0,"max_hp_gain":0.0,"max_hp_loss":0.0,"gold_gain":0.0,"event_name":"Masked Bandits","player_choice":"Fought Bandits","floor":22.0,"gold_loss":0.0,"damage_taken":0.0},{"cards_removed":["Strike_G"],"damage_healed":0.0,"max_hp_gain":0.0,"max_hp_loss":0.0,"gold_gain":0.0,"event_name":"Falling","player_choice":"Removed Attack","floor":36.0,"gold_loss":0.0,"damage_taken":0.0},{"damage_healed":0.0,"max_hp_gain":0.0,"max_hp_loss":4.0,"gold_gain":0.0,"event_name":"Winding Halls","player_choice":"Max HP","floor":37.0,"gold_loss":0.0,"damage_taken":0.0},{"damage_healed":0.0,"max_hp_gain":0.0,"max_hp_loss":0.0,"gold_gain":0.0,"event_name":"MindBloom","player_choice":"Fight","floor":38.0,"gold_loss":0.0,"damage_taken":0.0},{"damage_healed":0.0,"max_hp_gain":0.0,"max_hp_loss":0.0,"gold_gain":0.0,"event_name":"SensoryStone","player_choice":"Memory 1","floor":39.0,"gold_loss":0.0,"damage_taken":0.0},{"damage_healed":0.0,"max_hp_gain":0.0,"max_hp_loss":0.0,"gold_gain":0.0,"event_name":"WeMeetAgain","player_choice":"Paid Gold","floor":46.0,"gold_loss":134.0,"damage_taken":0.0,"relics_obtained":["Gambling Chip"]}],"is_beta":false,"boss_relics":[{"not_picked":["Runic Dome","Ectoplasm"],"picked":"Sozu"},{"not_picked":["Calling Bell","Empty Cage"],"picked":"Fusion Hammer"}],"items_purged_floors":[11,24],"is_endless":false,"potions_floor_spawned":[2,5,8,14,30,31,33,35,41],"ascension_level":11}