{"gold_per_floor":[110,127,144,0,0,0,13,13,63,39,56,87,87,107,107,206,206,226,237,49,66,80,80,0,0,0,0,19,19,29,48,48,48],"floor_reached":33,"playtime":6338,"items_purged":[],"score":251,"play_id":"8c198e00-e829-4dea-b02d-07aab96c4829","local_time":"20190629165843","is_ascension_mode":false,"campfire_choices":[{"floor":6,"key":"REST"},{"data":"Blood for Blood","floor":8,"key":"SMITH"},{"floor":15,"key":"REST"},{"floor":23,"key":"REST"},{"floor":27,"key":"REST"},{"floor":32,"key":"REST"}],"neow_cost":"NONE","seed_source_timestamp":49516172096885,"circlet_count":0,"master_deck":["Strike_R","Strike_R","Strike_R","Strike_R","Strike_R","Defend_R","Defend_R","Defend_R","Defend_R","Bash","Panacea","Clash","Blood for Blood+1","Ghostly Armor","Feed","Armaments","Warcry","Fiend Fire","Intimidate","Double Tap","Power Through+1","Pommel Strike+1","Secret Technique","Shrug It Off","Armaments+1","Rage+1","Inflame+1","Searing Blow+1"],"relics":["Burning Blood","Orichalcum","GremlinMask","Anchor","Boot","Lizard Tail","Happy Flower"],"potions_floor_usage":[16,22,30,30,33],"damage_taken":[{"damage":6,"enemies":"Jaw Worm","floor":1,"turns":4},{"damage":1,"enemies":"Cultist","floor":2,"turns":3},{"damage":9,"enemies":"2 Louse","floor":3,"turns":3},{"damage":6,"enemies":"Exordium Wildlife","floor":7,"turns":4},{"damage":7,"enemies":"Large Slime","floor":11,"turns":7},{"damage":29,"enemies":"Lagavulin","floor":12,"turns":8},{"damage":1,"enemies":"Blue Slaver","floor":14,"turns":3},{"damage":35,"enemies":"Hexaghost","floor":16,"turns":8},{"damage":12,"enemies":"Chosen","floor":18,"turns":6},{"damage":13,"enemies":"Shell Parasite","floor":19,"turns":7},{"damage":41,"enemies":"Sentry and Sphere","floor":21,"turns":6},{"damage":22,"enemies":"Snecko","floor":22,"turns":6},{"damage":30,"enemies":"Cultist and Chosen","floor":28,"turns":8},{"damage":9,"enemies":"Snake Plant","floor":30,"turns":4},{"damage":14,"enemies":"Centurion and Healer","floor":31,"turns":7},{"damage":121,"enemies":"Automaton","floor":33,"turns":12}],"seed_played":"-8962713758120519233","potions_obtained":[{"floor":3,"key":"Dexterity Potion"},{"floor":12,"key":"Strength Potion"},{"floor":14,"key":"Energy Potion"},{"floor":16,"key":"Poison Potion"},{"floor":28,"key":"Swift Potion"}],"is_trial":false,"path_per_floor":["M","M","M","$","?","R","M","R","T","$","M","E","?","M","R","B",null,"M","M","$","M","M","R","?","?","T","R","M","$","M","M","R","B"],"character_chosen":"IRONCLAD","items_purchased":["Orichalcum","Armaments","Secret Technique"],"campfire_rested":5,"item_purchase_floors":[4,10,20],"current_hp_per_floor":[80,80,77,77,77,80,80,80,80,80,79,56,53,58,80,51,80,77,70,70,35,19,43,43,43,43,67,43,43,40,35,60,0],"gold":48,"neow_bonus":"RANDOM_COLORLESS","is_prod":false,"is_daily":false,"chose_seed":false,"campfire_upgraded":1,"win_rate":0.0,"timestamp":1561841923,"path_taken":["M","M","M","$","?","R","?","R","T","?","M","E","?","?","R","BOSS","M","M","$","M","M","R","?","?","T","R","M","?","M","M","R","BOSS"],"build_version":"2019-01-23","purchased_purges":0,"victory":false,"max_hp_per_floor":[80,80,80,80,80,80,80,80,80,80,80,80,80,80,80,80,80,83,83,83,83,83,83,83,83,83,83,83,83,83,86,86,86],"card_choices":[{"not_picked":["Warcry","Pummel"],"picked":"Clash","floor":1},{"not_picked":["Whirlwind","Rupture"],"picked":"Blood for Blood","floor":2},{"not_picked":["Body Slam","True Grit"],"picked":"Ghostly Armor","floor":3},{"not_picked":["Clothesline","Flex"],"picked":"Feed","floor":7},{"not_picked":["Twin Strike","Blood for Blood"],"picked":"Warcry","floor":11},{"not_picked":["Heavy Blade","Armaments"],"picked":"Fiend Fire","floor":12},{"not_picked":["Clash","Clothesline"],"picked":"Intimidate","floor":14},{"not_picked":["Fiend Fire","Dark Embrace"],"picked":"Double Tap","floor":16},{"not_picked":["Metallicize+1","Rupture"],"picked":"Power Through+1","floor":18},{"not_picked":["Inflame","Armaments"],"picked":"Pommel Strike+1","floor":19},{"not_picked":["Headbutt","Body Slam"],"picked":"Shrug It Off","floor":21},{"not_picked":["Iron Wave","Power Through"],"picked":"Armaments+1","floor":22},{"not_picked":["Thunderclap","Power Through"],"picked":"Rage+1","floor":28},{"not_picked":["Pommel Strike","Perfected Strike"],"picked":"Inflame+1","floor":30},{"not_picked":["Body Slam","Pommel Strike"],"picked":"Searing Blow+1","floor":31}],"player_experience":13691,"relics_obtained":[{"floor":9,"key":"Anchor"},{"floor":12,"key":"Boot"},{"floor":26,"key":"Happy Flower"}],"event_choices":[{"damage_healed":0,"gold_gain":0,"player_choice":"Trade","damage_taken":0,"relics_obtained":["GremlinMask"],"max_hp_gain":0,"max_hp_loss":0,"event_name":"FaceTrader","floor":5,"gold_loss":0},{"damage_healed":0,"gold_gain":0,"player_choice":"Fled","damage_taken":3,"max_hp_gain":0,"max_hp_loss":0,"event_name":"Scrap Ooze","floor":13,"gold_loss":0},{"damage_healed":0,"gold_gain":0,"player_choice":"Paid Fearfully","damage_taken":0,"max_hp_gain":0,"max_hp_loss":0,"event_name":"Masked Bandits","floor":24,"gold_loss":80},{"damage_healed":0,"gold_gain":0,"player_choice":"Ignored","damage_taken":0,"max_hp_gain":0,"max_hp_loss":0,"event_name":"Beggar","floor":25,"gold_loss":0}],"is_beta":false,"boss_relics":[{"not_picked":["Black Star","Ectoplasm"],"picked":"Lizard Tail"}],"items_purged_floors":[],"is_endless":false,"potions_floor_spawned":[3,12,14,16,18,28],"killed_by":"Automaton","ascension_level":0}