{"gold_per_floor":[113,113,130,80,80,113,113,139,139,139,139,154,167,177,177,281,281,294,294,294,314,229,229,229,254,279,279],"floor_reached":27,"playtime":1156,"items_purged":[],"score":317,"play_id":"ce219683-b6d3-435f-9e10-e5321b1b4aef","local_time":"20190908193322","is_ascension_mode":true,"campfire_choices":[{"data":"Hemokinesis","floor":7,"key":"SMITH"},{"floor":10,"key":"DIG"},{"floor":15,"key":"DIG"},{"floor":23,"key":"REST"},{"floor":24,"key":"DIG"}],"neow_cost":"NONE","seed_source_timestamp":195567952134562,"circlet_count":0,"master_deck":["Strike_R","Strike_R","Strike_R","Strike_R","Defend_R","Defend_R","Defend_R","Bash","Hemokinesis+1","Pommel Strike","Exhume","Heavy Blade","Blood for Blood","Spot Weakness","Berserk","Armaments+1","RitualDagger","Infernal Blade","Power Through"],"relics":["Burning Blood","NeowsBlessing","Unceasing Top","Lantern","WingedGreaves","Red Skull","Shovel","Bronze Scales","Blue Candle","Fusion Hammer","Enchiridion","Kunai","Happy Flower","Oddly Smooth Stone","Regal Pillow"],"potions_floor_usage":[8,25,25,27,27],"damage_taken":[{"damage":0,"enemies":"Jaw Worm","floor":1,"turns":1},{"damage":0,"enemies":"Cultist","floor":3,"turns":1},{"damage":0,"enemies":"Lagavulin","floor":6,"turns":1},{"damage":16,"enemies":"Gremlin Nob","floor":8,"turns":3},{"damage":2,"enemies":"2 Louse","floor":12,"turns":1},{"damage":10,"enemies":"2 Fungi Beasts","floor":13,"turns":2},{"damage":13,"enemies":"Exordium Thugs","floor":14,"turns":3},{"damage":47,"enemies":"Hexaghost","floor":16,"turns":6},{"damage":12,"enemies":"3 Byrds","floor":18,"turns":3},{"damage":19,"enemies":"Shell Parasite","floor":21,"turns":4},{"damage":18,"enemies":"Book of Stabbing","floor":25,"turns":3},{"damage":68,"enemies":"Gremlin Leader","floor":27,"turns":4}],"seed_played":"-5741744152267840194","potions_obtained":[{"floor":3,"key":"EssenceOfSteel"},{"floor":6,"key":"Regen Potion"},{"floor":14,"key":"FearPotion"},{"floor":16,"key":"Strength Potion"},{"floor":25,"key":"Strength Potion"}],"is_trial":false,"path_per_floor":["M","?","M","?","?","E","R","E","T","R","?","M","M","M","R","B",null,"M","?","?","M","?","R","R","E","T","E"],"character_chosen":"IRONCLAD","items_purchased":[],"campfire_rested":1,"item_purchase_floors":[],"current_hp_per_floor":[80,80,80,80,73,79,79,69,69,69,69,73,69,62,62,21,80,74,68,52,39,39,63,63,51,51,0],"gold":279,"neow_bonus":"THREE_ENEMY_KILL","is_prod":false,"is_daily":false,"chose_seed":false,"campfire_upgraded":1,"win_rate":0,"timestamp":1567985602,"path_taken":["M","?","?","?","?","E","R","E","T","R","?","M","?","M","R","BOSS","M","?","?","M","?","R","R","E","T","E"],"build_version":"2019-07-17","purchased_purges":0,"victory":false,"max_hp_per_floor":[80,80,80,80,80,80,80,80,80,80,80,80,80,80,80,80,80,80,80,80,80,80,80,80,80,80,80],"card_choices":[{"not_picked":["Shrug It Off","True Grit"],"picked":"Clash","floor":1},{"not_picked":["True Grit","Body Slam"],"picked":"Hemokinesis","floor":3},{"not_picked":["Sentinel","Havoc"],"picked":"Pommel Strike","floor":6},{"not_picked":["Clothesline","Armaments"],"picked":"Exhume","floor":8},{"not_picked":["Corruption","Anger"],"picked":"Heavy Blade","floor":12},{"not_picked":["Combust","Iron Wave"],"picked":"Blood for Blood","floor":13},{"not_picked":["Headbutt","Reaper"],"picked":"Spot Weakness","floor":14},{"not_picked":["Immolate","Bludgeon"],"picked":"Berserk","floor":16},{"not_picked":["Clash","Pommel Strike"],"picked":"Armaments+1","floor":18},{"not_picked":["Feel No Pain","Battle Trance"],"picked":"Infernal Blade","floor":21},{"not_picked":["Clothesline","True Grit"],"picked":"Power Through","floor":25}],"player_experience":345357,"relics_obtained":[{"floor":6,"key":"WingedGreaves"},{"floor":8,"key":"Red Skull"},{"floor":9,"key":"Shovel"},{"floor":10,"key":"Bronze Scales"},{"floor":15,"key":"Blue Candle"},{"floor":20,"key":"Enchiridion"},{"floor":24,"key":"Happy Flower"},{"floor":25,"key":"Oddly Smooth Stone"},{"floor":26,"key":"Regal Pillow"}],"event_choices":[{"cards_removed":["Clash"],"damage_healed":0,"gold_gain":0,"player_choice":"Gave Card","damage_taken":0,"relics_obtained":["Unceasing Top"],"max_hp_gain":0,"max_hp_loss":0,"event_name":"WeMeetAgain","floor":2,"gold_loss":0},{"cards_removed":["Defend_R"],"damage_healed":0,"gold_gain":0,"player_choice":"Card Removal","damage_taken":0,"max_hp_gain":0,"max_hp_loss":0,"event_name":"The Cleric","floor":4,"gold_loss":50},{"damage_healed":0,"gold_gain":0,"player_choice":"Success","damage_taken":7,"relics_obtained":["Lantern"],"max_hp_gain":0,"max_hp_loss":0,"event_name":"Scrap Ooze","floor":5,"gold_loss":0},{"cards_removed":["Strike_R"],"damage_healed":0,"gold_gain":0,"player_choice":"Card Removal","damage_taken":0,"max_hp_gain":0,"max_hp_loss":0,"event_name":"Wheel of Change","floor":11,"gold_loss":0},{"damage_healed":0,"gold_gain":0,"player_choice":"Joined the Cult","damage_taken":6,"max_hp_gain":0,"max_hp_loss":0,"event_name":"Nest","floor":19,"gold_loss":0,"cards_obtained":["RitualDagger"]},{"damage_healed":0,"gold_gain":0,"player_choice":"Obtained Book","damage_taken":16,"max_hp_gain":0,"max_hp_loss":0,"event_name":"Cursed Tome","floor":20,"gold_loss":0},{"damage_healed":0,"gold_gain":0,"player_choice":"Obtained Relic","damage_taken":0,"relics_obtained":["Kunai"],"max_hp_gain":0,"max_hp_loss":0,"event_name":"Addict","floor":22,"gold_loss":85}],"is_beta":false,"boss_relics":[{"not_picked":["Ectoplasm","Philosopher\u0027s Stone"],"picked":"Fusion Hammer"}],"items_purged_floors":[],"is_endless":false,"potions_floor_spawned":[3,6,14,16,21,25],"killed_by":"Gremlin Leader","ascension_level":4}