{"gold_per_floor":[117,117,117,132,62,87,100,100,126,157,218,237,267,53,53,152,152,162,173,27,46,66,66,82,82,82,95,95,95,10,36,36,139,139,159,177,192,207,207,207,227,255,308,318,334,334,38,57,57,57],"floor_reached":51,"playtime":5074,"items_purged":["Defend_G","Strike_G"],"score":763,"play_id":"86b4ec95-1a03-45cd-86a0-213d035bb933","local_time":"20181109152848","is_ascension_mode":true,"campfire_choices":[{"floor":8,"key":"REST"},{"floor":15,"key":"REST"},{"data":"Apotheosis","floor":23,"key":"SMITH"},{"floor":28,"key":"REST"},{"floor":32,"key":"REST"},{"floor":40,"key":"REST"},{"floor":49,"key":"REST"}],"neow_cost":"NONE","seed_source_timestamp":873708282846501,"circlet_count":0,"master_deck":["Defend_G","Defend_G","Defend_G","Defend_G+1","Strike_G","Strike_G+1","Strike_G","Survivor","Neutralize","Dash","Backstab","Infinite Blades","Accuracy","Blade Dance","Backflip","A Thousand Cuts","Caltrops","Blade Dance","Apotheosis+1","Venomology","Quick Slash","Accuracy","Acrobatics","Blur","Backflip","Dramatic Entrance","Prepared+1","Blur+1","Blade Dance","Expertise","Infinite Blades+1","Blade Dance"],"relics":["Ring of the Snake","Boot","Bag of Marbles","Centennial Puzzle","Orichalcum","Blood Vial","Bottled Flame","HoveringKite","Nunchaku","Molten Egg 2","Bag of Preparation","Philosopher\u0027s Stone","Oddly Smooth Stone","Tiny Chest","Frozen Egg 2"],"potions_floor_usage":[10,16,19,19,21,21,22,27,30,31,33,37,37,38,41,41,41,42,42,45,48,48,50,50,50],"damage_taken":[{"damage":2,"enemies":"2 Louse","floor":1,"turns":3},{"damage":0,"enemies":"Small Slimes","floor":4,"turns":3},{"damage":13,"enemies":"3 Sentries","floor":6,"turns":9},{"damage":1,"enemies":"Jaw Worm","floor":7,"turns":2},{"damage":10,"enemies":"Gremlin Nob","floor":10,"turns":5},{"damage":16,"enemies":"Lagavulin Event","floor":11,"turns":6},{"damage":0,"enemies":"Red Slaver","floor":12,"turns":2},{"damage":4,"enemies":"3 Sentries","floor":13,"turns":4},{"damage":20,"enemies":"Slime Boss","floor":16,"turns":8},{"damage":2,"enemies":"Chosen","floor":18,"turns":3},{"damage":0,"enemies":"3 Byrds","floor":19,"turns":3},{"damage":23,"enemies":"Cultist and Chosen","floor":21,"turns":6},{"damage":5,"enemies":"Centurion and Healer","floor":22,"turns":4},{"damage":29,"enemies":"Snake Plant","floor":24,"turns":4},{"damage":7,"enemies":"Snecko","floor":27,"turns":3},{"damage":2,"enemies":"Gremlin Leader","floor":31,"turns":5},{"damage":56,"enemies":"Collector","floor":33,"turns":9},{"damage":0,"enemies":"Orb Walker","floor":35,"turns":3},{"damage":17,"enemies":"3 Darklings","floor":36,"turns":5},{"damage":14,"enemies":"Maw","floor":37,"turns":7},{"damage":3,"enemies":"4 Shapes","floor":38,"turns":5},{"damage":0,"enemies":"Spire Growth","floor":41,"turns":5},{"damage":24,"enemies":"Reptomancer","floor":42,"turns":7},{"damage":13,"enemies":"Sphere and 2 Shapes","floor":44,"turns":4},{"damage":17,"enemies":"Transient","floor":45,"turns":5},{"damage":15,"enemies":"Maw","floor":48,"turns":6},{"damage":34,"enemies":"Awakened One","floor":50,"turns":15}],"seed_played":"-6663757268417026868","potions_obtained":[{"floor":1,"key":"Ancient Potion"},{"floor":4,"key":"FearPotion"},{"floor":6,"key":"AttackPotion"},{"floor":10,"key":"Ancient Potion"},{"floor":13,"key":"SpeedPotion"},{"floor":21,"key":"Swift Potion"},{"floor":27,"key":"Fruit Juice"},{"floor":36,"key":"SteroidPotion"},{"floor":37,"key":"EssenceOfSteel"},{"floor":41,"key":"FearPotion"},{"floor":42,"key":"Dexterity Potion"}],"is_trial":false,"path_per_floor":["M","?","?","M","$","E","M","R","T","E","?","M","E","$","R","B",null,"M","M","$","M","M","R","M","?","T","M","R","$","?","E","R","B",null,"M","M","M","M","?","R","M","E","T","M","M","T","$","M","R","B",null],"character_chosen":"THE_SILENT","items_purchased":["Infinite Blades","Blade Dance","Apotheosis","Accuracy","Infinite Blades+1","Blade Dance","Regen Potion"],"campfire_rested":6,"item_purchase_floors":[5,14,14,20,47,47,47],"current_hp_per_floor":[68,61,47,47,47,34,33,54,54,44,28,30,28,28,49,31,70,68,70,70,47,44,44,17,17,17,12,33,33,38,38,60,6,75,75,58,46,45,45,67,69,47,47,36,21,21,21,23,45,13],"gold":57,"neow_bonus":"RANDOM_COMMON_RELIC","is_prod":false,"is_daily":false,"chose_seed":false,"campfire_upgraded":1,"win_rate":0,"timestamp":1541795328,"path_taken":["M","?","?","M","$","E","M","R","T","E","?","M","E","$","R","BOSS","M","M","$","M","M","R","M","?","T","?","R","$","?","E","R","BOSS","M","M","M","M","?","R","?","E","T","M","M","?","$","M","R","BOSS"],"build_version":"2018-11-08","purchased_purges":2,"victory":true,"max_hp_per_floor":[70,70,70,70,70,70,70,70,70,70,70,70,70,70,70,70,70,70,70,70,70,70,70,70,70,70,70,70,70,75,75,75,75,75,75,75,75,75,75,75,75,75,75,75,75,75,75,75,75,75],"card_choices":[{"not_picked":["Choke","Terror"],"picked":"Dash","floor":1},{"not_picked":["Slice","Catalyst"],"picked":"Backstab","floor":4},{"not_picked":["Phantasmal Killer","Slice"],"picked":"Accuracy","floor":6},{"not_picked":["Bane","Quick Slash","Outmaneuver"],"picked":"SKIP","floor":7},{"not_picked":["Underhanded Strike","Tactician"],"picked":"Blade Dance","floor":10},{"not_picked":["Poisoned Stab","Dagger Spray"],"picked":"Backflip","floor":11},{"not_picked":["Blade Dance","Slice"],"picked":"A Thousand Cuts","floor":12},{"not_picked":["Underhanded Strike","Sucker Punch"],"picked":"Caltrops","floor":13},{"not_picked":["Glass Knife","Doppelganger"],"picked":"Venomology","floor":16},{"not_picked":["Poisoned Stab","Prepared","Dodge and Roll"],"picked":"SKIP","floor":18},{"not_picked":["Poisoned Stab","Prepared"],"picked":"Quick Slash","floor":19},{"not_picked":["Flying Knee","Eviscerate+1"],"picked":"Acrobatics","floor":21},{"not_picked":["Malaise","Terror"],"picked":"Blur","floor":22},{"not_picked":["Dagger Throw+1","Choke"],"picked":"Backflip","floor":24},{"not_picked":["Flechettes","Escape Plan","Outmaneuver"],"picked":"SKIP","floor":27},{"not_picked":["Terror","Predator+1","Catalyst"],"picked":"SKIP","floor":31},{"not_picked":["Dodge and Roll+1","Underhanded Strike+1"],"picked":"Prepared+1","floor":35},{"not_picked":["All Out Attack+1","Masterful Stab+1"],"picked":"Blur+1","floor":36},{"not_picked":["Deadly Poison","Prepared","Dodge and Roll"],"picked":"SKIP","floor":37},{"not_picked":["Acrobatics+1","Blur"],"picked":"Blade Dance","floor":38},{"not_picked":["Poisoned Stab+1","Outmaneuver","Dagger Spray+1"],"picked":"SKIP","floor":41},{"not_picked":["Distraction","Tools of the Trade","Poisoned Stab+1"],"picked":"SKIP","floor":42},{"not_picked":["Prepared+1","Quick Slash+1"],"picked":"Expertise","floor":44},{"not_picked":["Outmaneuver+1","Crippling Poison+1","Deflect"],"picked":"SKIP","floor":45},{"not_picked":["Deflect","Masterful Stab+1","Riddle With Holes+1"],"picked":"SKIP","floor":48}],"player_experience":108163,"relics_obtained":[{"floor":6,"key":"Bag of Marbles"},{"floor":9,"key":"Centennial Puzzle"},{"floor":10,"key":"Orichalcum"},{"floor":11,"key":"Blood Vial"},{"floor":13,"key":"Bottled Flame"},{"floor":26,"key":"Nunchaku"},{"floor":31,"key":"Bag of Preparation"},{"floor":42,"key":"Oddly Smooth Stone"},{"floor":43,"key":"Tiny Chest"},{"floor":46,"key":"Frozen Egg 2"}],"event_choices":[{"cards_removed":["Strike_G"],"damage_healed":0,"gold_gain":0,"player_choice":"Card Removal","damage_taken":7,"max_hp_gain":0,"max_hp_loss":0,"event_name":"Golden Wing","floor":2,"gold_loss":0},{"damage_healed":0,"gold_gain":0,"player_choice":"Entered Light","damage_taken":14,"max_hp_gain":0,"max_hp_loss":0,"event_name":"Shining Light","floor":3,"gold_loss":0,"cards_upgraded":["Defend_G","Strike_G"]},{"damage_healed":0,"gold_gain":0,"player_choice":"Searched \u00271\u0027 times","damage_taken":0,"max_hp_gain":0,"max_hp_loss":0,"event_name":"Dead Adventurer","floor":11,"gold_loss":0},{"damage_healed":0,"gold_gain":0,"player_choice":"1 cards matched","damage_taken":0,"max_hp_gain":0,"max_hp_loss":0,"event_name":"Match and Keep!","floor":25,"gold_loss":0,"cards_obtained":["Dramatic Entrance"]},{"damage_healed":0,"gold_gain":0,"player_choice":"Obtained Relic","damage_taken":0,"relics_obtained":["Molten Egg 2"],"max_hp_gain":0,"max_hp_loss":0,"event_name":"Addict","floor":30,"gold_loss":85},{"damage_healed":0,"gold_gain":0,"player_choice":"Bought 0 Potions","damage_taken":0,"max_hp_gain":0,"max_hp_loss":0,"event_name":"The Woman in Blue","floor":39,"gold_loss":0}],"is_beta":false,"boss_relics":[{"not_picked":["Snecko Eye","Eternal Feather"],"picked":"HoveringKite"},{"not_picked":["Lizard Tail","Runic Dome"],"picked":"Philosopher\u0027s Stone"}],"items_purged_floors":[20,47],"is_endless":false,"potions_floor_spawned":[1,4,6,10,13,21,24,27,36,37,41,42],"ascension_level":2}