{"gold_per_floor":[112,125,125,49,49,83,83,116,188,223,243,257,257,227,227,329,329,339,353,47,60,60,86,99,99,123,150,150,178,188,201,201,303,303,319,13,27,0,18,43,43,72,72,99,199,209,209,220,220,220],"floor_reached":51,"playtime":6538,"items_purged":["Strike_R","Defend_R"],"score":1058,"play_id":"838612aa-3855-4ba4-b5b6-d8a60538bfba","local_time":"20181223124045","is_ascension_mode":true,"campfire_choices":[{"data":"Demon Form","floor":7.0,"key":"SMITH"},{"data":"Feed","floor":13.0,"key":"SMITH"},{"floor":15.0,"key":"REST"},{"data":"Bloodletting","floor":25.0,"key":"SMITH"},{"data":"Limit Break","floor":28.0,"key":"SMITH"},{"data":"Heavy Blade","floor":32.0,"key":"SMITH"},{"data":"Limit Break","floor":41,"key":"SMITH"},{"data":"Offering","floor":47,"key":"SMITH"},{"data":"Uppercut","floor":49,"key":"SMITH"}],"neow_cost":"NONE","seed_source_timestamp":0,"circlet_count":0,"master_deck":["Strike_R","Strike_R","Strike_R+1","Strike_R","Defend_R","Defend_R+1","Defend_R","Bash","Bloodletting+1","Disarm","Rupture","Demon Form+1","Uppercut+1","Feed+1","Metallicize","Shrug It Off","Limit Break+1","Heavy Blade+1","Flex+1","Reaper+1","Exhume","Shrug It Off+1","Pummel","Metallicize+1","Limit Break+1","Heavy Blade+1","Offering+1","Heavy Blade+1"],"special_seed":0,"relics":["Burning Blood","NeowsBlessing","Oddly Smooth Stone","Pear","Self Forming Clay","Thread and Needle","Coffee Dripper","Incense Burner","Bag of Preparation","Letter Opener","Anchor","Snecko Eye","Sling","Red Mask","Bronze Scales","Whetstone","Dream Catcher","Orichalcum","Ice Cream"],"potions_floor_usage":[42,44,48],"damage_taken":[{"damage":0.0,"enemies":"Cultist","floor":1.0,"turns":1.0},{"damage":0.0,"enemies":"Jaw Worm","floor":2.0,"turns":1.0},{"damage":0.0,"enemies":"3 Sentries","floor":6.0,"turns":1.0},{"damage":20.0,"enemies":"Gremlin Nob","floor":8.0,"turns":4.0},{"damage":31.0,"enemies":"3 Sentries","floor":10.0,"turns":10.0},{"damage":0.0,"enemies":"2 Louse","floor":11.0,"turns":4.0},{"damage":3.0,"enemies":"Lots of Slimes","floor":12.0,"turns":6.0},{"damage":0.0,"enemies":"Looter","floor":14.0,"turns":4.0},{"damage":30.0,"enemies":"Hexaghost","floor":16.0,"turns":10.0},{"damage":9.0,"enemies":"3 Byrds","floor":18.0,"turns":5.0},{"damage":7.0,"enemies":"Spheric Guardian","floor":19.0,"turns":5.0},{"damage":16.0,"enemies":"Centurion and Healer","floor":21.0,"turns":6.0},{"damage":43.0,"enemies":"Slavers","floor":23.0,"turns":10.0},{"damage":21.0,"enemies":"Snake Plant","floor":24.0,"turns":6.0},{"damage":30.0,"enemies":"Gremlin Leader","floor":27.0,"turns":6.0},{"damage":40.0,"enemies":"Slavers","floor":29.0,"turns":8.0},{"damage":7.0,"enemies":"3 Cultists","floor":30.0,"turns":7.0},{"damage":5.0,"enemies":"Centurion and Healer","floor":31.0,"turns":4.0},{"damage":18.0,"enemies":"Collector","floor":33.0,"turns":6.0},{"damage":12,"enemies":"3 Darklings","floor":35,"turns":5},{"damage":0,"enemies":"3 Shapes","floor":37,"turns":3},{"damage":0,"enemies":"Writhing Mass","floor":39,"turns":7},{"damage":38,"enemies":"Giant Head","floor":40,"turns":7},{"damage":29,"enemies":"Nemesis","floor":42,"turns":7},{"damage":0,"enemies":"Giant Head","floor":44,"turns":4},{"damage":7,"enemies":"Mind Bloom Boss Battle","floor":45,"turns":5},{"damage":6,"enemies":"3 Darklings","floor":46,"turns":3},{"damage":3,"enemies":"Spire Growth","floor":48,"turns":3},{"damage":13,"enemies":"Time Eater","floor":50,"turns":4}],"seed_played":"2440037015517716799","potions_obtained":[{"floor":12.0,"key":"SkillPotion"},{"floor":16.0,"key":"SteroidPotion"},{"floor":23.0,"key":"Regen Potion"},{"floor":27.0,"key":"AttackPotion"},{"floor":29.0,"key":"EssenceOfSteel"},{"floor":30.0,"key":"SteroidPotion"},{"floor":33.0,"key":"SpeedPotion"},{"floor":39,"key":"Regen Potion"},{"floor":45,"key":"FearPotion"},{"floor":46,"key":"Poison Potion"}],"is_trial":false,"path_per_floor":["M","M","?","$","?","E","R","E","E","T","E","M","M","R","M","R","B",null,"M","M","$","M","?","E","M","R","T","E","R","E","M","M","R","B",null,"M","$","M","?","M","E","R","E","T","E","?","M","R","M","R","B",null],"character_chosen":"IRONCLAD","items_purchased":["Rupture","Reaper","Exhume","Sling"],"campfire_rested":1,"item_purchase_floors":[4,20,20,36],"current_hp_per_floor":[80,80,64,64,64,70,70,66,66,41,47,53,53,59,86,66,97,94,93,93,101,101,88,80,80,80,84,84,87,116,121,121,121,121,115,115,129,129,129,97,97,81,81,113,116,127,127,130,130,133],"gold":220,"neow_bonus":"THREE_ENEMY_KILL","is_prod":false,"is_daily":false,"chose_seed":false,"campfire_upgraded":8,"win_rate":0,"timestamp":1545597645,"path_taken":["M","M","?","$","?","E","R","E","T","E","M","M","R","M","R","BOSS","M","M","$","M","?","E","M","R","T","E","R","E","M","?","R","BOSS","M","$","M","?","M","E","R","E","T","E","?","M","R","M","R","BOSS"],"build_version":"2018-12-20","purchased_purges":2,"victory":true,"max_hp_per_floor":[80,80,80,80,80,80,80,90,90,90,90,93,93,93,93,97,97,97,97,97,101,101,105,105,105,105,109,109,109,117,121,121,121,121,121,121,129,129,129,129,129,129,129,129,133,133,133,133,133,133],"card_choices":[{"not_picked":["Armaments","Headbutt"],"picked":"Bloodletting","floor":1.0},{"not_picked":["Thunderclap","Headbutt"],"picked":"Disarm","floor":2.0},{"not_picked":["Warcry","Twin Strike"],"picked":"Demon Form","floor":6.0},{"not_picked":["Rupture","Perfected Strike"],"picked":"Uppercut","floor":8.0},{"not_picked":["Sword Boomerang","Armaments"],"picked":"Feed","floor":10.0},{"not_picked":["Pommel Strike","Flex"],"picked":"Metallicize","floor":11.0},{"not_picked":["Sentinel","Armaments","True Grit"],"picked":"SKIP","floor":12.0},{"not_picked":["Body Slam","Warcry"],"picked":"Shrug It Off","floor":14.0},{"not_picked":["Impervious","Demon Form"],"picked":"Limit Break","floor":16.0},{"not_picked":["Reckless Charge+1","Iron Wave"],"picked":"Heavy Blade","floor":18.0},{"not_picked":["Anger","Headbutt"],"picked":"Flex+1","floor":19.0},{"not_picked":["Clothesline","Warcry+1"],"picked":"Shrug It Off+1","floor":21.0},{"not_picked":["Exhume","Armaments","Wild Strike"],"picked":"SKIP","floor":23.0},{"not_picked":["Perfected Strike","Anger+1","Cleave"],"picked":"SKIP","floor":24.0},{"not_picked":["Perfected Strike","Havoc","Pommel Strike"],"picked":"SKIP","floor":27.0},{"not_picked":["Fiend Fire","Warcry"],"picked":"Metallicize+1","floor":29.0},{"not_picked":["Clash+1","Twin Strike","Evolve+1"],"picked":"SKIP","floor":30.0},{"not_picked":["True Grit","Pommel Strike","Havoc"],"picked":"SKIP","floor":31.0},{"not_picked":["Bludgeon","Fiend Fire"],"picked":"Limit Break","floor":33.0},{"not_picked":["True Grit","Iron Wave"],"picked":"Heavy Blade","floor":35},{"not_picked":["Anger+1","Immolate","Armaments"],"picked":"SKIP","floor":37},{"not_picked":["Warcry+1","Cleave","Evolve+1"],"picked":"SKIP","floor":39},{"not_picked":["Anger","Sever Soul","Reckless Charge+1"],"picked":"SKIP","floor":40},{"not_picked":["Anger","Sever Soul","Reckless Charge+1"],"picked":"SKIP","floor":40},{"not_picked":["Thunderclap","Infernal Blade+1"],"picked":"Offering","floor":42},{"not_picked":["Pummel","Burning Pact+1"],"picked":"Heavy Blade+1","floor":44},{"not_picked":["Sword Boomerang","Shrug It Off+1","Perfected Strike"],"picked":"SKIP","floor":46},{"not_picked":["Perfected Strike+1","Heavy Blade+1","Body Slam"],"picked":"SKIP","floor":48}],"player_experience":256689,"relics_obtained":[{"floor":6.0,"key":"Oddly Smooth Stone"},{"floor":8.0,"key":"Pear"},{"floor":9.0,"key":"Self Forming Clay"},{"floor":10.0,"key":"Thread and Needle"},{"floor":23.0,"key":"Incense Burner"},{"floor":26.0,"key":"Bag of Preparation"},{"floor":27.0,"key":"Letter Opener"},{"floor":29.0,"key":"Anchor"},{"floor":40,"key":"Bronze Scales"},{"floor":42,"key":"Whetstone"},{"floor":43,"key":"Dream Catcher"},{"floor":44,"key":"Orichalcum"},{"floor":45,"key":"Ice Cream"}],"event_choices":[{"damage_healed":0.0,"max_hp_gain":0.0,"max_hp_loss":0.0,"gold_gain":0.0,"event_name":"Shining Light","player_choice":"Entered Light","floor":3.0,"gold_loss":0.0,"damage_taken":16.0,"cards_upgraded":["Strike_R","Defend_R"]},{"damage_healed":0.0,"max_hp_gain":0.0,"max_hp_loss":0.0,"gold_gain":0.0,"event_name":"The Cleric","player_choice":"Leave","floor":5.0,"gold_loss":0.0,"damage_taken":0.0},{"damage_healed":0.0,"max_hp_gain":0.0,"max_hp_loss":0.0,"gold_gain":0.0,"event_name":"Match and Keep!","player_choice":"1 cards matched","floor":22.0,"gold_loss":0.0,"damage_taken":0.0,"cards_obtained":["Pummel"]},{"damage_healed":0.0,"max_hp_gain":0.0,"max_hp_loss":0.0,"gold_gain":0.0,"event_name":"Match and Keep!","player_choice":"1 cards matched","floor":22.0,"gold_loss":0.0,"damage_taken":0.0,"cards_obtained":["Pummel"]},{"damage_healed":0,"gold_gain":0,"player_choice":"Paid","damage_taken":0,"relics_obtained":["Red Mask"],"max_hp_gain":0,"max_hp_loss":0,"event_name":"Tomb of Lord Red Mask","floor":38,"gold_loss":27},{"damage_healed":0,"gold_gain":0,"player_choice":"Fight","damage_taken":0,"max_hp_gain":0,"max_hp_loss":0,"event_name":"MindBloom","floor":45,"gold_loss":0}],"is_beta":false,"boss_relics":[{"not_picked":["White Beast Statue","Tiny House"],"picked":"Coffee Dripper"},{"not_picked":["Astrolabe","Runic Cube"],"picked":"Snecko Eye"}],"items_purged_floors":[20,36],"is_endless":false,"potions_floor_spawned":[12,16,23,27,29,30,33,39,45,46],"ascension_level":4}