{"gold_per_floor":[118,4,28,28,45,45,78,78,102,128,146,158,158,176,176,271,271,258,270,270,287,287,287,287,314,386,386,63,77,77,102,102,207,207,223,323,323,64,14,39,39,72,117,129,142,154,204,222,222,222,222,222,26,54,54],"floor_reached":55,"playtime":5825,"items_purged":["Strike_G","Strike_G"],"score":1260,"play_id":"19900d1c-bb07-4bce-aea0-3498505d497d","local_time":"20190915232914","is_ascension_mode":true,"campfire_choices":[{"data":"Neutralize","floor":6.0,"key":"SMITH"},{"data":"Deadly Poison","floor":8.0,"key":"SMITH"},{"floor":13.0,"key":"REST"},{"data":"Caltrops","floor":15.0,"key":"SMITH"},{"floor":23.0,"key":"REST"},{"floor":27.0,"key":"REST"},{"floor":30.0,"key":"REST"},{"floor":32.0,"key":"RECALL"},{"floor":41.0,"key":"REST"},{"floor":49.0,"key":"REST"},{"floor":52.0,"key":"REST"}],"neow_cost":"NONE","seed_source_timestamp":353150623293500,"circlet_count":0,"master_deck":["AscendersBane","Survivor","Neutralize+1","Deadly Poison+1","Caltrops+1","Dagger Spray","Flying Knee","All Out Attack","PiercingWail","Bullet Time","Acrobatics","Dash","Necronomicurse","Underhanded Strike","Prepared+1","Footwork","Blade Dance+1","Underhanded Strike+1","Dodge and Roll","Footwork","Infinite Blades","Acrobatics","Accuracy","Endless Agony","Flechettes","Skewer","Dodge and Roll+1","Prepared","Acrobatics+1","Acrobatics+1","Dodge and Roll+1","Cloak And Dagger+1","Setup+1"],"special_seed":0,"relics":["Ring of the Snake","NeowsBlessing","Lantern","Oddly Smooth Stone","Whetstone","Blood Vial","Orichalcum","Fusion Hammer","Necronomicon","PreservedInsect","Shuriken","Strawberry","Centennial Puzzle","Pandora\u0027s Box","Ice Cream","Gremlin Horn","Torii","Ninja Scroll","Vajra","Bronze Scales","Pen Nib"],"potions_floor_usage":[55],"damage_taken":[{"damage":0.0,"enemies":"Cultist","floor":1.0,"turns":1.0},{"damage":0.0,"enemies":"Jaw Worm","floor":5.0,"turns":1.0},{"damage":0.0,"enemies":"3 Sentries","floor":7.0,"turns":2.0},{"damage":13.0,"enemies":"Gremlin Nob","floor":10.0,"turns":4.0},{"damage":0.0,"enemies":"2 Louse","floor":11.0,"turns":2.0},{"damage":0.0,"enemies":"Exordium Wildlife","floor":12.0,"turns":4.0},{"damage":0.0,"enemies":"Large Slime","floor":14.0,"turns":4.0},{"damage":11.0,"enemies":"The Guardian","floor":16.0,"turns":9.0},{"damage":12.0,"enemies":"2 Thieves","floor":18.0,"turns":4.0},{"damage":12.0,"enemies":"Chosen","floor":19.0,"turns":5.0},{"damage":19.0,"enemies":"Snecko","floor":21.0,"turns":6.0},{"damage":24.0,"enemies":"Slavers","floor":25.0,"turns":7.0},{"damage":13.0,"enemies":"Sentry and Sphere","floor":29.0,"turns":5.0},{"damage":0.0,"enemies":"Book of Stabbing","floor":31.0,"turns":3.0},{"damage":23.0,"enemies":"Collector","floor":33.0,"turns":9.0},{"damage":3.0,"enemies":"3 Shapes","floor":35.0,"turns":5.0},{"damage":0.0,"enemies":"Mind Bloom Boss Battle","floor":36.0,"turns":5.0},{"damage":0.0,"enemies":"Reptomancer","floor":40.0,"turns":4.0},{"damage":1.0,"enemies":"Giant Head","floor":42.0,"turns":4.0},{"damage":0.0,"enemies":"Orb Walker","floor":44.0,"turns":2.0},{"damage":0.0,"enemies":"Spire Growth","floor":45.0,"turns":4.0},{"damage":1.0,"enemies":"3 Darklings","floor":46.0,"turns":2.0},{"damage":0.0,"enemies":"Transient","floor":48.0,"turns":5.0},{"damage":13.0,"enemies":"Donu and Deca","floor":50.0,"turns":5.0},{"damage":12.0,"enemies":"Shield and Spear","floor":54.0,"turns":3.0},{"damage":73,"enemies":"The Heart","floor":55,"turns":2}],"seed_played":"9207340078506512032","potions_obtained":[{"floor":1.0,"key":"PowerPotion"},{"floor":10.0,"key":"Swift Potion"},{"floor":16.0,"key":"SteroidPotion"},{"floor":25.0,"key":"SteroidPotion"},{"floor":29.0,"key":"Weak Potion"},{"floor":33.0,"key":"Block Potion"},{"floor":35.0,"key":"Ancient Potion"},{"floor":40.0,"key":"GamblersBrew"},{"floor":46.0,"key":"Energy Potion"}],"is_trial":false,"path_per_floor":["M","$","T","?","M","R","E","R","T","E","M","M","R","M","R","B",null,"M","M","?","M","?","R","?","E","T","R","$","M","R","E","R","B",null,"M","?","?","$","$","E","R","E","T","M","M","M","T","M","R","B",null,"R","$","E","B"],"character_chosen":"THE_SILENT","items_purchased":["Caltrops","Footwork","Strawberry","Gremlin Horn","Prepared","Bronze Scales","PowerPotion"],"campfire_rested":7,"item_purchase_floors":[2,28,28,38,39,53,53],"current_hp_per_floor":[63,63,63,38,38,38,38,38,38,27,29,31,52,54,54,45,64,54,44,28,11,34,55,42,20,20,42,49,38,62,64,64,43,72,71,73,73,73,73,75,82,81,81,82,82,81,81,82,82,69,79,82,82,70,0],"gold":54,"neow_bonus":"THREE_ENEMY_KILL","is_prod":false,"is_daily":false,"chose_seed":false,"campfire_upgraded":3,"win_rate":0,"timestamp":1568579354,"path_taken":["M","$","?","?","M","R","E","R","T","E","M","M","R","M","R","BOSS","M","M","?","M","?","R","?","E","T","R","?","M","R","E","R","BOSS","M","?","?","?","$","E","R","E","T","M","?","M","?","M","R","BOSS","R","$","E","BOSS"],"build_version":"2019-07-17","purchased_purges":2,"victory":false,"max_hp_per_floor":[70,70,70,70,70,70,70,70,70,70,70,70,70,70,70,70,70,70,70,70,70,70,70,75,75,75,75,82,82,82,82,82,82,82,82,82,82,82,82,82,82,82,82,82,82,82,82,82,82,82,82,82,82,82,82],"card_choices":[{"not_picked":["Accuracy","Deflect"],"picked":"Deadly Poison","floor":1.0},{"not_picked":["Quick Slash","Backflip"],"picked":"Dagger Spray","floor":5.0},{"not_picked":["Choke","Concentrate"],"picked":"Flying Knee","floor":7.0},{"not_picked":["Tactician","Escape Plan"],"picked":"All Out Attack","floor":10.0},{"not_picked":["Deadly Poison","Calculated Gamble","Blade Dance"],"picked":"SKIP","floor":11.0},{"not_picked":["Setup","Choke"],"picked":"PiercingWail","floor":12.0},{"not_picked":["Calculated Gamble","Slice","Underhanded Strike"],"picked":"SKIP","floor":14.0},{"not_picked":["Die Die Die","Malaise"],"picked":"Bullet Time","floor":16.0},{"not_picked":["Bouncing Flask","Endless Agony"],"picked":"Acrobatics","floor":18.0},{"not_picked":["Bane","Endless Agony"],"picked":"Dash","floor":19.0},{"not_picked":["Riddle With Holes","Crippling Poison"],"picked":"Underhanded Strike","floor":21.0},{"not_picked":["Slice","All Out Attack+1"],"picked":"Prepared+1","floor":25.0},{"not_picked":["Backflip","Endless Agony"],"picked":"Blade Dance+1","floor":29.0},{"not_picked":["Flying Knee","Distraction"],"picked":"Underhanded Strike+1","floor":31.0},{"not_picked":["Doppelganger","Wraith Form v2"],"picked":"A Thousand Cuts","floor":33.0},{"not_picked":["Slice+1","Masterful Stab"],"picked":"Dodge and Roll+1","floor":35.0},{"not_picked":["Footwork+1","Eviscerate+1"],"picked":"Acrobatics+1","floor":40.0},{"not_picked":["Slice+1","Bane"],"picked":"Acrobatics+1","floor":42.0},{"not_picked":["Leg Sweep","Slice+1","Deadly Poison+1"],"picked":"SKIP","floor":44.0},{"not_picked":["Sucker Punch","Slice+1","Flying Knee"],"picked":"SKIP","floor":45.0},{"not_picked":["Slice","Die Die Die"],"picked":"Dodge and Roll+1","floor":46.0},{"not_picked":["Slice+1","Catalyst"],"picked":"Cloak And Dagger+1","floor":48.0},{"not_picked":["Blur","PiercingWail+1"],"picked":"Setup+1","floor":54.0}],"player_experience":284688,"relics_obtained":[{"floor":3.0,"key":"Lantern"},{"floor":7.0,"key":"Whetstone"},{"floor":9.0,"key":"Blood Vial"},{"floor":10.0,"key":"Orichalcum"},{"floor":20.0,"key":"Necronomicon"},{"floor":25.0,"key":"PreservedInsect"},{"floor":26.0,"key":"Shuriken"},{"floor":31.0,"key":"Centennial Puzzle"},{"floor":36.0,"key":"Ice Cream"},{"floor":40.0,"key":"Torii"},{"floor":42.0,"key":"Ninja Scroll"},{"floor":43.0,"key":"Vajra"},{"floor":54.0,"key":"Pen Nib"}],"event_choices":[{"damage_healed":0.0,"max_hp_gain":0.0,"max_hp_loss":0.0,"gold_gain":0.0,"event_name":"Scrap Ooze","player_choice":"Success","floor":4.0,"gold_loss":0.0,"damage_taken":25.0,"relics_obtained":["Oddly Smooth Stone"]},{"damage_healed":0.0,"max_hp_gain":0.0,"max_hp_loss":0.0,"gold_gain":0.0,"event_name":"Cursed Tome","player_choice":"Obtained Book","floor":20.0,"gold_loss":0.0,"damage_taken":16.0},{"damage_healed":23.0,"max_hp_gain":0.0,"max_hp_loss":0.0,"gold_gain":0.0,"event_name":"The Library","player_choice":"Heal","floor":22.0,"gold_loss":0.0,"damage_taken":0.0},{"damage_healed":0.0,"max_hp_gain":5.0,"max_hp_loss":0.0,"gold_gain":0.0,"event_name":"Forgotten Altar","player_choice":"Shed Blood","floor":24.0,"gold_loss":0.0,"damage_taken":18.0},{"damage_healed":0.0,"max_hp_gain":0.0,"max_hp_loss":0.0,"gold_gain":0.0,"event_name":"MindBloom","player_choice":"Fight","floor":36.0,"gold_loss":0.0,"damage_taken":0.0},{"cards_removed":["A Thousand Cuts"],"damage_healed":0.0,"max_hp_gain":0.0,"max_hp_loss":0.0,"gold_gain":0.0,"event_name":"Falling","player_choice":"Removed Power","floor":37.0,"gold_loss":0.0,"damage_taken":0.0}],"is_beta":false,"boss_relics":[{"not_picked":["Eternal Feather","Velvet Choker"],"picked":"Fusion Hammer"},{"not_picked":["HoveringKite","Calling Bell"],"picked":"Pandora\u0027s Box"}],"items_purged_floors":[2,28],"is_endless":false,"potions_floor_spawned":[1,10,16,25,29,33,35,40,46],"killed_by":"The Heart","ascension_level":10}