{"gold_per_floor":[168,168,168,184,208,239,315,330,330,3,19,50,50,20,20,114,114,137,137,151,151,162,190,208,237,237,237,157,175,18,47,47,120,120,135,152,152,204,220,248,248,276,301,301,301,301,319,13,13,13],"floor_reached":51,"playtime":4210,"items_purged":["Strike_B"],"score":1571,"play_id":"028dbc9c-6f47-46ed-b8ee-d7efcb78cc75","local_time":"20190226054944","is_ascension_mode":true,"campfire_choices":[{"data":"Amplify","floor":13,"key":"SMITH"},{"floor":15,"key":"REST"},{"data":"Consume","floor":27,"key":"SMITH"},{"data":"Creative AI","floor":32,"key":"SMITH"},{"data":"Biased Cognition","floor":41,"key":"SMITH"},{"data":"Darkness","floor":44,"key":"SMITH"},{"data":"Tempest","floor":46,"key":"SMITH"},{"data":"Leap","floor":49,"key":"SMITH"}],"neow_cost":"NONE","seed_source_timestamp":350510179112839,"circlet_count":0,"master_deck":["AscendersBane","Strike_B","Defend_B","Defend_B","Defend_B","Zap+1","Dualcast","Darkness+1","Glacier+1","Darkness+1","Biased Cognition+1","Creative AI+1","Self Repair+1","Chill","Amplify+1","Consume+1","Electrodynamics+1","Heatsinks+1","Storm+1","Tempest+1","Leap+1","Capacitor+1","Core Surge","Coolheaded+1","Capacitor+1","Defragment+1","Core Surge"],"relics":["Tiny House","Bloody Idol","Mummified Hand","Frozen Egg 2","Letter Opener","Blood Vial","Pen Nib","Nuclear Battery","Turnip","Calipers","Gremlin Horn","War Paint","Anchor","Philosopher\u0027s Stone","Emotion Chip","Dead Branch","Art of War","Oddly Smooth Stone"],"potions_floor_usage":[6,6,16,16,18,23,24,25,33,33,38,40,50,50],"damage_taken":[{"damage":9,"enemies":"Jaw Worm","floor":1,"turns":5},{"damage":5,"enemies":"Small Slimes","floor":4,"turns":3},{"damage":1,"enemies":"Cultist","floor":5,"turns":4},{"damage":0,"enemies":"Lagavulin","floor":6,"turns":6},{"damage":31,"enemies":"3 Sentries","floor":7,"turns":12},{"damage":13,"enemies":"3 Louse","floor":8,"turns":5},{"damage":6,"enemies":"Exordium Wildlife","floor":11,"turns":5},{"damage":18,"enemies":"3 Sentries","floor":12,"turns":7},{"damage":7,"enemies":"Slime Boss","floor":16,"turns":10},{"damage":7,"enemies":"Spheric Guardian","floor":18,"turns":4},{"damage":1,"enemies":"3 Byrds","floor":20,"turns":2},{"damage":9,"enemies":"Centurion and Healer","floor":22,"turns":2},{"damage":0,"enemies":"Book of Stabbing","floor":23,"turns":3},{"damage":0,"enemies":"Snecko","floor":24,"turns":4},{"damage":13,"enemies":"Gremlin Leader","floor":25,"turns":3},{"damage":21,"enemies":"Shelled Parasite and Fungi","floor":29,"turns":3},{"damage":6,"enemies":"Book of Stabbing","floor":31,"turns":4},{"damage":0,"enemies":"Collector","floor":33,"turns":6},{"damage":11,"enemies":"3 Darklings","floor":35,"turns":2},{"damage":0,"enemies":"Orb Walker","floor":36,"turns":3},{"damage":27,"enemies":"2 Orb Walkers","floor":38,"turns":3},{"damage":0,"enemies":"Sphere and 2 Shapes","floor":39,"turns":3},{"damage":0,"enemies":"Giant Head","floor":40,"turns":7},{"damage":0,"enemies":"Reptomancer","floor":42,"turns":3},{"damage":0,"enemies":"Spire Growth","floor":47,"turns":3},{"damage":25,"enemies":"Time Eater","floor":50,"turns":5}],"seed_played":"-3890555260432917727","potions_obtained":[{"floor":0,"key":"Dexterity Potion"},{"floor":4,"key":"Explosive Potion"},{"floor":5,"key":"Fire Potion"},{"floor":12,"key":"Energy Potion"},{"floor":14,"key":"Regen Potion"},{"floor":14,"key":"EssenceOfSteel"},{"floor":16,"key":"SkillPotion"},{"floor":18,"key":"SpeedPotion"},{"floor":20,"key":"Energy Potion"},{"floor":24,"key":"Fire Potion"},{"floor":29,"key":"Poison Potion"},{"floor":31,"key":"SteroidPotion"},{"floor":36,"key":"FocusPotion"},{"floor":38,"key":"Energy Potion"},{"floor":39,"key":"Poison Potion"},{"floor":47,"key":"LiquidBronze"}],"is_trial":false,"path_per_floor":["M","?","?","M","M","E","?","M","T","$","M","E","R","?","R","B",null,"M","?","M","?","M","E","M","E","T","R","$","M","$","E","R","B",null,"M","M","?","?","M","E","R","E","T","R","$","R","M","$","R","B",null],"character_chosen":"DEFECT","items_purchased":["Blood Vial","Amplify","Capacitor+1","War Paint","Defragment+1","Core Surge","Block Potion"],"campfire_rested":1,"item_purchase_floors":[10,10,28,30,48,48,48],"current_hp_per_floor":[60,60,60,55,54,54,23,20,20,20,26,20,20,20,40,60,67,69,69,68,68,69,69,69,69,69,69,69,53,53,64,64,69,69,69,69,69,47,64,69,69,69,69,69,69,69,69,69,69,54],"gold":13,"neow_bonus":"BOSS_RELIC","is_prod":false,"is_daily":false,"chose_seed":false,"campfire_upgraded":7,"win_rate":0,"timestamp":1551188984,"path_taken":["M","?","?","M","M","E","?","M","T","$","M","E","R","?","R","BOSS","M","?","M","?","M","E","M","E","T","R","?","?","$","E","R","BOSS","M","M","?","?","M","E","R","E","T","R","?","R","?","$","R","BOSS"],"build_version":"2019-01-23","purchased_purges":1,"victory":true,"max_hp_per_floor":[76,76,69,69,69,69,69,69,69,69,69,69,69,69,69,69,69,69,69,69,69,69,69,69,69,69,69,69,69,69,69,69,69,69,69,69,69,69,69,69,69,69,69,69,69,69,69,69,69,69],"card_choices":[{"not_picked":["Redo","Beam Cell"],"picked":"Darkness","floor":0},{"not_picked":["Stack","Coolheaded"],"picked":"Glacier","floor":1},{"not_picked":["Recycle","Double Energy"],"picked":"Darkness","floor":4},{"not_picked":["Hologram","Steam"],"picked":"Biased Cognition","floor":5},{"not_picked":["Lockon","Redo"],"picked":"Creative AI","floor":6},{"not_picked":["Double Energy","Reinforced Body"],"picked":"Self Repair","floor":7},{"not_picked":["Conserve Battery","Sunder"],"picked":"Chill","floor":8},{"not_picked":["Cold Snap","Streamline","Reinforced Body"],"picked":"SKIP","floor":11},{"not_picked":["Lockon","Reboot"],"picked":"Consume","floor":12},{"not_picked":["Amplify","Reboot"],"picked":"Electrodynamics+1","floor":16},{"not_picked":["Ball Lightning","BootSequence"],"picked":"Heatsinks+1","floor":18},{"not_picked":["Sweeping Beam","Double Energy"],"picked":"Leap","floor":20},{"not_picked":["Ball Lightning","Undo","Beam Cell"],"picked":"SKIP","floor":22},{"not_picked":["Ball Lightning","Undo","Beam Cell"],"picked":"SKIP","floor":22},{"not_picked":["Compile Driver","Scrape","Turbo"],"picked":"SKIP","floor":23},{"not_picked":["Compile Driver","Scrape","Turbo"],"picked":"SKIP","floor":23},{"not_picked":["Machine Learning+1","Gash","Barrage"],"picked":"SKIP","floor":24},{"not_picked":["Conserve Battery","Static Discharge+1","Coolheaded"],"picked":"SKIP","floor":25},{"not_picked":["Steam","Conserve Battery","Go for the Eyes"],"picked":"SKIP","floor":29},{"not_picked":["White Noise","Rebound","Ball Lightning"],"picked":"SKIP","floor":31},{"not_picked":["Rainbow","Meteor Strike"],"picked":"Core Surge","floor":33},{"not_picked":["Compile Driver+1","Beam Cell"],"picked":"Coolheaded+1","floor":35},{"not_picked":["Barrage+1","Conserve Battery","Cold Snap+1"],"picked":"SKIP","floor":36},{"not_picked":["Chaos","Melter"],"picked":"Capacitor+1","floor":39},{"not_picked":["Ball Lightning","Steam","Auto Shields"],"picked":"SKIP","floor":40},{"not_picked":["Beam Cell","Machine Learning+1","Rebound"],"picked":"SKIP","floor":42},{"not_picked":["Darkness","Barrage","Redo"],"picked":"SKIP","floor":47}],"player_experience":719995,"relics_obtained":[{"floor":6,"key":"Mummified Hand"},{"floor":7,"key":"Frozen Egg 2"},{"floor":9,"key":"Letter Opener"},{"floor":12,"key":"Pen Nib"},{"floor":23,"key":"Turnip"},{"floor":25,"key":"Calipers"},{"floor":26,"key":"Gremlin Horn"},{"floor":31,"key":"Anchor"},{"floor":38,"key":"Emotion Chip"},{"floor":40,"key":"Dead Branch"},{"floor":42,"key":"Art of War"},{"floor":43,"key":"Oddly Smooth Stone"}],"event_choices":[{"damage_healed":0,"gold_gain":0,"player_choice":"Ignored","damage_taken":0,"max_hp_gain":0,"max_hp_loss":0,"event_name":"Liars Game","floor":2,"gold_loss":0},{"damage_healed":0,"gold_gain":0,"player_choice":"Lose Max HP","damage_taken":0,"relics_obtained":["Golden Idol"],"max_hp_gain":0,"max_hp_loss":7,"event_name":"Golden Idol","floor":3,"gold_loss":0},{"damage_healed":0,"gold_gain":0,"player_choice":"Searched \u00271\u0027 times","damage_taken":0,"max_hp_gain":0,"max_hp_loss":0,"event_name":"Dead Adventurer","floor":7,"gold_loss":0},{"damage_healed":0,"gold_gain":0,"player_choice":"Bought 2 Potions","damage_taken":0,"max_hp_gain":0,"max_hp_loss":0,"event_name":"The Woman in Blue","floor":14,"gold_loss":0},{"damage_healed":0,"gold_gain":0,"cards_transformed":["Strike_B","Strike_B"],"player_choice":"Became Test Subject","damage_taken":0,"max_hp_gain":0,"max_hp_loss":0,"event_name":"Drug Dealer","floor":19,"gold_loss":0,"cards_obtained":["Storm","Tempest"]},{"damage_healed":0,"gold_gain":0,"player_choice":"Gave Idol","damage_taken":0,"relics_obtained":["Bloody Idol"],"max_hp_gain":0,"max_hp_loss":0,"event_name":"Forgotten Altar","floor":21,"relics_lost":["Golden Idol"],"gold_loss":0},{"cards_removed":["Defend_B"],"damage_healed":0,"gold_gain":0,"player_choice":"Removed Skill","damage_taken":0,"max_hp_gain":0,"max_hp_loss":0,"event_name":"Falling","floor":37,"gold_loss":0},{"damage_healed":0,"gold_gain":0,"player_choice":"Fight","damage_taken":0,"max_hp_gain":0,"max_hp_loss":0,"event_name":"Mysterious Sphere","floor":38,"gold_loss":0}],"is_beta":false,"boss_relics":[{"not_picked":["Lizard Tail","Snecko Eye"],"picked":"Nuclear Battery"},{"not_picked":["Pandora\u0027s Box","Cursed Key"],"picked":"Philosopher\u0027s Stone"}],"items_purged_floors":[10],"is_endless":false,"potions_floor_spawned":[4,5,12,16,18,20,24,29,31,36,38,39,47],"ascension_level":16}