{"gold_per_floor":[118,130,19,36,36,61,61,96,96,115,115,133,133,158,158,257,307,326,338,338,47,57,57,83,93,93,93,93,107,107,119,119,216,216,231,231,231,244,244,272,272,285,340,340,340,340,32,51,51,51],"floor_reached":50,"playtime":5282,"items_purged":["Regret","Decay"],"score":790,"play_id":"cca27127-f669-4011-846d-4084c73100c1","local_time":"20190105184159","is_ascension_mode":true,"campfire_choices":[{"data":"Armaments","floor":7,"key":"SMITH"},{"data":"Anger","floor":11,"key":"SMITH"},{"data":"Disarm","floor":15,"key":"SMITH"},{"data":"Fiend Fire","floor":23,"key":"SMITH"},{"data":"Shockwave","floor":28,"key":"SMITH"},{"data":"Inflame","floor":30,"key":"SMITH"},{"data":"Iron Wave","floor":32,"key":"SMITH"},{"data":"Metallicize","floor":41,"key":"SMITH"},{"data":"Corruption","floor":49,"key":"SMITH"}],"neow_cost":"CURSE","seed_source_timestamp":333327207783806,"circlet_count":0,"master_deck":["Strike_R","Defend_R","Defend_R","Defend_R","Bash+1","Flash of Steel","Bandage Up","Anger+1","Disarm+1","Inflame+1","Armaments+1","Pommel Strike+1","Headbutt+1","Exhume","Iron Wave+1","Metallicize+1","Fiend Fire+1","Shockwave+1","Ghostly","Ghostly","Ghostly","Ghostly","Ghostly","Corruption+1","Offering","Metallicize+1","Carnage+1","Shockwave+1","Madness","Madness","Disarm+1","Seeing Red+1","Sentinel","Uppercut+1","Finesse"],"special_seed":0,"relics":["Burning Blood","Strawberry","Singing Bowl","Mercury Hourglass","Sundial","Red Skull","Tiny House","Strange Spoon","Art of War","Ice Cream","Astrolabe","Molten Egg 2","Thread and Needle","Juzu Bracelet","Whetstone"],"potions_floor_usage":[6,12,16,22,22,24,29,33,48,50],"damage_taken":[{"damage":8,"enemies":"Small Slimes","floor":1,"turns":5},{"damage":9,"enemies":"2 Louse","floor":2,"turns":3},{"damage":7,"enemies":"Jaw Worm","floor":4,"turns":4},{"damage":40,"enemies":"3 Sentries","floor":6,"turns":9},{"damage":23,"enemies":"Gremlin Nob","floor":8,"turns":4},{"damage":10,"enemies":"2 Fungi Beasts","floor":10,"turns":3},{"damage":0,"enemies":"Looter","floor":12,"turns":3},{"damage":25,"enemies":"3 Sentries","floor":14,"turns":4},{"damage":34,"enemies":"The Guardian","floor":16,"turns":10},{"damage":28,"enemies":"Spheric Guardian","floor":18,"turns":4},{"damage":27,"enemies":"Shell Parasite","floor":19,"turns":6},{"damage":32,"enemies":"Centurion and Healer","floor":22,"turns":4},{"damage":10,"enemies":"Book of Stabbing","floor":24,"turns":5},{"damage":18,"enemies":"3 Cultists","floor":25,"turns":5},{"damage":6,"enemies":"Chosen and Byrds","floor":29,"turns":7},{"damage":3,"enemies":"Snake Plant","floor":31,"turns":6},{"damage":24,"enemies":"Champ","floor":33,"turns":14},{"damage":25,"enemies":"Orb Walker","floor":35,"turns":3},{"damage":7,"enemies":"3 Darklings","floor":38,"turns":6},{"damage":20,"enemies":"Giant Head","floor":40,"turns":12},{"damage":14,"enemies":"Spire Growth","floor":42,"turns":8},{"damage":0,"enemies":"Jaw Worm Horde","floor":48,"turns":7},{"damage":58,"enemies":"Donu and Deca","floor":50,"turns":12}],"seed_played":"-8535167858681537585","potions_obtained":[{"floor":2,"key":"BloodPotion"},{"floor":4,"key":"GamblersBrew"},{"floor":10,"key":"Regen Potion"},{"floor":14,"key":"Block Potion"},{"floor":17,"key":"Explosive Potion"},{"floor":19,"key":"Dexterity Potion"},{"floor":25,"key":"Block Potion"},{"floor":29,"key":"Block Potion"},{"floor":35,"key":"LiquidBronze"},{"floor":42,"key":"Explosive Potion"}],"is_trial":false,"path_per_floor":["M","M","$","M","?","E","R","E","T","M","R","M","?","E","R","B",null,"M","M","?","$","M","R","E","M","T","?","R","M","R","M","R","B",null,"M","?","?","M","?","E","R","M","T","$","?","?","$","M","R","B"],"character_chosen":"IRONCLAD","items_purchased":["Inflame","Strange Spoon","Uppercut+1","Whetstone","Finesse"],"campfire_rested":0,"item_purchase_floors":[3,21,47,47,47],"current_hp_per_floor":[74,75,75,78,67,37,37,24,24,26,26,47,77,62,62,40,83,65,52,52,52,39,39,39,33,33,33,33,39,39,46,46,36,48,35,35,28,31,31,29,29,31,31,31,31,31,31,43,43,0],"gold":51,"neow_bonus":"RANDOM_COLORLESS_2","is_prod":false,"is_daily":false,"chose_seed":false,"campfire_upgraded":9,"win_rate":0,"timestamp":1546742519,"path_taken":["M","M","$","M","?","E","R","E","T","M","R","M","?","E","R","BOSS","M","M","?","$","M","R","E","M","T","?","R","M","R","M","R","BOSS","M","?","?","M","?","E","R","M","T","$","?","?","$","M","R","BOSS"],"build_version":"2019-01-03v4","purchased_purges":2,"victory":false,"max_hp_per_floor":[80,80,80,80,87,87,87,87,87,89,89,91,91,91,91,91,96,96,98,98,98,98,98,98,100,100,50,50,52,52,52,52,52,52,54,54,54,54,54,54,54,56,56,56,56,56,56,58,58,58],"card_choices":[{"not_picked":["Clash","Infernal Blade"],"picked":"Anger","floor":1},{"not_picked":["Intimidate","Flex"],"picked":"Disarm","floor":2},{"not_picked":["Hemokinesis","Pummel"],"picked":"Armaments","floor":4},{"not_picked":["Feel No Pain","Heavy Blade"],"picked":"Pommel Strike","floor":6},{"not_picked":["True Grit","Dropkick"],"picked":"Headbutt","floor":8},{"not_picked":["Reckless Charge","Sword Boomerang","Uppercut"],"picked":"Singing Bowl","floor":10},{"not_picked":["Clothesline","True Grit","Cleave"],"picked":"Singing Bowl","floor":12},{"not_picked":["Berserk","Corruption"],"picked":"Anger","floor":14},{"not_picked":["Fiend Fire","Impervious"],"picked":"Exhume","floor":16},{"not_picked":["Twin Strike","Feel No Pain"],"picked":"Iron Wave","floor":17},{"not_picked":["Warcry","Sword Boomerang"],"picked":"Metallicize","floor":18},{"not_picked":["Flex+1","Warcry","Twin Strike"],"picked":"Singing Bowl","floor":19},{"not_picked":["Clash","Power Through+1"],"picked":"Fiend Fire","floor":22},{"not_picked":["Blood for Blood+1","Headbutt"],"picked":"Shockwave","floor":24},{"not_picked":["Anger+1","Wild Strike","Entrench"],"picked":"Singing Bowl","floor":25},{"not_picked":["Flame Barrier","Headbutt+1","Carnage"],"picked":"Singing Bowl","floor":29},{"not_picked":["Battle Trance","Wild Strike+1"],"picked":"Corruption","floor":31},{"not_picked":["Berserk","Fiend Fire"],"picked":"Offering","floor":33},{"not_picked":["Fire Breathing","Sever Soul+1","Anger+1"],"picked":"Singing Bowl","floor":35},{"not_picked":["Shrug It Off","Sword Boomerang"],"picked":"Disarm+1","floor":38},{"not_picked":["Pummel+1","Spot Weakness"],"picked":"Seeing Red+1","floor":40},{"not_picked":["Cleave+1","Sword Boomerang+1","Heavy Blade+1"],"picked":"Singing Bowl","floor":42},{"not_picked":["Flex","Heavy Blade+1","Iron Wave+1"],"picked":"Singing Bowl","floor":48}],"player_experience":355662,"relics_obtained":[{"floor":6,"key":"Singing Bowl"},{"floor":8,"key":"Mercury Hourglass"},{"floor":9,"key":"Sundial"},{"floor":14,"key":"Red Skull"},{"floor":24,"key":"Art of War"},{"floor":26,"key":"Ice Cream"},{"floor":40,"key":"Thread and Needle"},{"floor":43,"key":"Juzu Bracelet"}],"event_choices":[{"damage_healed":0,"gold_gain":0,"player_choice":"Success","damage_taken":18,"relics_obtained":["Strawberry"],"max_hp_gain":0,"max_hp_loss":0,"event_name":"Scrap Ooze","floor":5,"gold_loss":0},{"damage_healed":30,"gold_gain":0,"player_choice":"Banana","damage_taken":0,"max_hp_gain":0,"max_hp_loss":0,"event_name":"Big Fish","floor":13,"gold_loss":0},{"damage_healed":0,"gold_gain":0,"player_choice":"Smashed Altar","damage_taken":0,"max_hp_gain":0,"max_hp_loss":0,"event_name":"Forgotten Altar","floor":20,"gold_loss":0,"cards_obtained":["Decay"]},{"damage_healed":0,"gold_gain":0,"player_choice":"Became a Ghost","damage_taken":0,"max_hp_gain":0,"max_hp_loss":50,"event_name":"Ghosts","floor":27,"gold_loss":0,"cards_obtained":["Ghostly","Ghostly","Ghostly","Ghostly","Ghostly"]},{"damage_healed":0,"gold_gain":0,"player_choice":"Ignored","damage_taken":0,"max_hp_gain":0,"max_hp_loss":0,"event_name":"Mysterious Sphere","floor":36,"gold_loss":0},{"damage_healed":0,"gold_gain":0,"player_choice":"Embrace Madness","damage_taken":7,"max_hp_gain":0,"max_hp_loss":0,"event_name":"Winding Halls","floor":37,"gold_loss":0,"cards_obtained":["Madness","Madness"]},{"cards_removed":["Anger"],"damage_healed":0,"gold_gain":0,"player_choice":"Gave Card","damage_taken":0,"relics_obtained":["Molten Egg 2"],"max_hp_gain":0,"max_hp_loss":0,"event_name":"WeMeetAgain","floor":39,"gold_loss":0},{"damage_healed":0,"gold_gain":0,"cards_transformed":["Strike_R"],"player_choice":"Transformed","damage_taken":0,"max_hp_gain":0,"max_hp_loss":0,"event_name":"Transmorgrifier","floor":45,"gold_loss":0,"cards_obtained":["Sentinel"]},{"cards_removed":["Defend_R"],"damage_healed":0,"gold_gain":0,"player_choice":"Removed Skill","damage_taken":0,"max_hp_gain":0,"max_hp_loss":0,"event_name":"Falling","floor":46,"gold_loss":0}],"is_beta":false,"boss_relics":[{"not_picked":["Mark of Pain","Velvet Choker"],"picked":"Tiny House"},{"not_picked":["Runic Cube","Calling Bell"],"picked":"Astrolabe"}],"items_purged_floors":[3,21],"is_endless":false,"potions_floor_spawned":[2,4,10,14,19,25,29,35,42],"killed_by":"Donu and Deca","ascension_level":9}