{"gold_per_floor":[109,129,129,142,142,142,173,173,173,209,209,15,33,46,46,145,145,169,169,7,22,22],"floor_reached":22,"playtime":1808,"items_purged":["Decay"],"score":388,"play_id":"e1451760-8a0c-4160-8e8e-f45f74f86265","local_time":"20190407200950","is_ascension_mode":true,"campfire_choices":[{"data":"Capacitor","floor":6,"key":"SMITH"},{"floor":8,"key":"REST"},{"floor":15,"key":"REST"}],"neow_cost":"CURSE","seed_source_timestamp":378486112706290,"circlet_count":0,"master_deck":["AscendersBane","Strike_B","Strike_B","Strike_B","Strike_B","Defend_B","Defend_B","Defend_B","Defend_B","Zap","Dualcast","Electrodynamics","Cold Snap","Capacitor+1","Conserve Battery","Coolheaded","All For One","Genetic Algorithm","Steam","Steam","Buffer","Coolheaded"],"relics":["Cracked Core","Golden Idol","Kunai","Orichalcum","Pear","Regal Pillow","Inserter","Lantern"],"potions_floor_usage":[4,7,13,14,16,21],"damage_taken":[{"damage":0,"enemies":"2 Louse","floor":1,"turns":1},{"damage":4,"enemies":"Jaw Worm","floor":2,"turns":3},{"damage":0,"enemies":"Small Slimes","floor":4,"turns":1},{"damage":37,"enemies":"Gremlin Nob","floor":7,"turns":4},{"damage":38,"enemies":"Lagavulin","floor":10,"turns":8},{"damage":13,"enemies":"Red Slaver","floor":13,"turns":4},{"damage":0,"enemies":"Blue Slaver","floor":14,"turns":1},{"damage":37,"enemies":"The Guardian","floor":16,"turns":12},{"damage":30,"enemies":"Spheric Guardian","floor":18,"turns":9},{"damage":13,"enemies":"Chosen","floor":21,"turns":7},{"damage":28,"enemies":"Centurion and Healer","floor":22,"turns":5}],"seed_played":"1253371338832375677","potions_obtained":[{"floor":1,"key":"Fire Potion"},{"floor":2,"key":"Swift Potion"},{"floor":10,"key":"SpeedPotion"},{"floor":13,"key":"AttackPotion"},{"floor":18,"key":"Weak Potion"}],"is_trial":false,"path_per_floor":["M","M","?","M","?","R","E","R","T","E","?","$","M","M","R","B",null,"M","?","$","M","M"],"character_chosen":"DEFECT","items_purchased":["Genetic Algorithm","LiquidBronze","Lantern"],"campfire_rested":2,"item_purchase_floors":[12,12,20],"current_hp_per_floor":[64,60,65,65,65,65,28,48,48,20,15,15,2,2,40,3,60,30,30,30,17,0],"gold":22,"neow_bonus":"THREE_RARE_CARDS","is_prod":false,"is_daily":false,"chose_seed":false,"campfire_upgraded":1,"win_rate":0,"timestamp":1554692990,"path_taken":["M","M","?","M","?","R","E","R","T","E","?","$","M","?","R","BOSS","M","?","$","M","M"],"build_version":"2019-01-23","purchased_purges":1,"victory":false,"max_hp_per_floor":[71,71,76,76,69,69,69,69,69,79,79,79,79,79,79,79,79,79,79,79,79,79],"card_choices":[{"not_picked":["Creative AI","Thunder Strike"],"picked":"Electrodynamics","floor":0},{"not_picked":["Go for the Eyes","Barrage"],"picked":"Cold Snap","floor":1},{"not_picked":["Skim","Gash"],"picked":"Capacitor","floor":2},{"not_picked":["Barrage","Hologram"],"picked":"Conserve Battery","floor":4},{"not_picked":["Reinforced Body","Steam Power"],"picked":"Coolheaded","floor":7},{"not_picked":["Defragment","Gash"],"picked":"All For One","floor":10},{"not_picked":["Coolheaded","Compile Driver"],"picked":"Steam","floor":13},{"not_picked":["Blizzard","Multi-Cast"],"picked":"Steam","floor":14},{"not_picked":["Machine Learning","Thunder Strike"],"picked":"Buffer","floor":16},{"not_picked":["Aggregate","Leap","Ball Lightning"],"picked":"SKIP","floor":18},{"not_picked":["Compile Driver","Leap"],"picked":"Coolheaded","floor":21}],"player_experience":849073,"relics_obtained":[{"floor":7,"key":"Kunai"},{"floor":9,"key":"Orichalcum"},{"floor":10,"key":"Pear"}],"event_choices":[{"damage_healed":0,"gold_gain":0,"player_choice":"Donut","damage_taken":0,"max_hp_gain":5,"max_hp_loss":0,"event_name":"Big Fish","floor":3,"gold_loss":0},{"damage_healed":0,"gold_gain":0,"player_choice":"Lose Max HP","damage_taken":0,"relics_obtained":["Golden Idol"],"max_hp_gain":0,"max_hp_loss":7,"event_name":"Golden Idol","floor":5,"gold_loss":0},{"damage_healed":0,"gold_gain":0,"player_choice":"Success","damage_taken":5,"relics_obtained":["Regal Pillow"],"max_hp_gain":0,"max_hp_loss":0,"event_name":"Scrap Ooze","floor":11,"gold_loss":0},{"damage_healed":0,"gold_gain":0,"player_choice":"Ignored","damage_taken":0,"max_hp_gain":0,"max_hp_loss":0,"event_name":"Ghosts","floor":19,"gold_loss":0}],"is_beta":false,"boss_relics":[{"not_picked":["Calling Bell","Fusion Hammer"],"picked":"Inserter"}],"items_purged_floors":[12],"is_endless":false,"potions_floor_spawned":[1,2,10,13,18],"killed_by":"Centurion and Healer","ascension_level":20}