{"gold_per_floor":[116,126,140,154,164,198,198,232,232,243,243,243,263,282,282,378,378,390,390,390,413,413,413,438,450,501,157,171,171],"floor_reached":29,"playtime":5958,"items_purged":[],"score":257,"play_id":"2bbfbe9a-2f0a-4efa-9ec6-7a229faf937c","local_time":"20190703235755","is_ascension_mode":false,"campfire_choices":[{"floor":12.0,"key":"REST"},{"floor":15.0,"key":"REST"},{"floor":23,"key":"REST"}],"neow_cost":"","seed_source_timestamp":98200605006680,"circlet_count":0,"master_deck":["Strike_R","Strike_R","Strike_R","Strike_R","Strike_R","Defend_R","Defend_R","Defend_R","Defend_R","Bash","Anger","Whirlwind","Headbutt","Cleave","Anger","Pommel Strike","Rampage","Warcry","Anger","Clash","Demon Form","Searing Blow","Flex","Feed","Rage","Inflame","Armaments+1","Flex","Pommel Strike+1","Bloodletting","Thinking Ahead","Impervious","Shrug It Off"],"special_seed":0,"relics":["Burning Blood","Ginger","Potion Belt","Bottled Flame","Orrery","MutagenicStrength","Molten Egg 2","Bag of Preparation","Pear","Ancient Tea Set"],"potions_floor_usage":[18,28],"damage_taken":[{"damage":5.0,"enemies":"Cultist","floor":1.0,"turns":4.0},{"damage":3.0,"enemies":"Small Slimes","floor":2.0,"turns":3.0},{"damage":0.0,"enemies":"2 Louse","floor":3.0,"turns":3.0},{"damage":6.0,"enemies":"Blue Slaver","floor":4.0,"turns":4.0},{"damage":9.0,"enemies":"2 Fungi Beasts","floor":5.0,"turns":3.0},{"damage":44.0,"enemies":"Lagavulin","floor":6.0,"turns":6.0},{"damage":22.0,"enemies":"3 Sentries","floor":8.0,"turns":5.0},{"damage":3.0,"enemies":"Lots of Slimes","floor":10.0,"turns":3.0},{"damage":27.0,"enemies":"Exordium Wildlife","floor":13.0,"turns":4.0},{"damage":2.0,"enemies":"Blue Slaver","floor":14.0,"turns":2.0},{"damage":52.0,"enemies":"The Guardian","floor":16.0,"turns":9.0},{"damage":26,"enemies":"3 Byrds","floor":18,"turns":6},{"damage":67,"enemies":"Book of Stabbing","floor":24,"turns":6},{"damage":2,"enemies":"Spheric Guardian","floor":25,"turns":3},{"damage":24,"enemies":"Cultist and Chosen","floor":28,"turns":5},{"damage":25,"enemies":"Chosen and Byrds","floor":29,"turns":6}],"seed_played":"-8471255525759641892","potions_obtained":[{"floor":3.0,"key":"Ancient Potion"},{"floor":5.0,"key":"FearPotion"},{"floor":10.0,"key":"Strength Potion"},{"floor":13.0,"key":"FearPotion"},{"floor":16.0,"key":"PowerPotion"},{"floor":24,"key":"AttackPotion"}],"is_trial":false,"path_per_floor":["M","M","M","M","M","E","?","E","T","M","?","R","M","M","R","B",null,"M","?","?","T","?","R","E","M","T","$","M","M"],"character_chosen":"IRONCLAD","items_purchased":["Bloodletting","Thinking Ahead","Impervious"],"campfire_rested":3,"item_purchase_floors":[27,27,27],"current_hp_per_floor":[80,80,80,80,77,39,39,23,23,26,26,50,29,33,57,11,80,60,60,60,60,60,80,29,33,33,33,15,0],"gold":171,"neow_bonus":"","is_prod":false,"is_daily":false,"chose_seed":false,"campfire_upgraded":0,"win_rate":0.0,"timestamp":1562212675,"path_taken":["M","M","M","M","M","E","?","E","T","M","?","R","M","?","R","BOSS","M","?","?","?","?","R","E","?","T","$","M","M"],"build_version":"2019-07-01","purchased_purges":0,"victory":false,"max_hp_per_floor":[80,80,80,80,80,80,80,80,80,80,80,80,80,80,80,80,80,80,80,80,80,80,80,90,90,90,90,90,90],"card_choices":[{"not_picked":["Iron Wave","Body Slam"],"picked":"Anger","floor":1.0},{"not_picked":["Twin Strike","Dual Wield"],"picked":"Whirlwind","floor":2.0},{"not_picked":["Clothesline","Perfected Strike"],"picked":"Headbutt","floor":3.0},{"not_picked":["Perfected Strike","Battle Trance"],"picked":"Cleave","floor":4.0},{"not_picked":["Body Slam","Intimidate"],"picked":"Anger","floor":5.0},{"not_picked":["Clash","Perfected Strike"],"picked":"Barricade","floor":6.0},{"not_picked":["Sword Boomerang","Shrug It Off"],"picked":"Pommel Strike","floor":8.0},{"not_picked":["Twin Strike","Clash"],"picked":"Rampage","floor":10.0},{"not_picked":["Flame Barrier","Twin Strike"],"picked":"Anger","floor":13.0},{"not_picked":["Sword Boomerang","Rage"],"picked":"Clash","floor":14.0},{"not_picked":["Berserk","Barricade"],"picked":"Demon Form","floor":16.0},{"not_picked":["Burning Pact","Body Slam"],"picked":"Searing Blow","floor":17},{"not_picked":["Cleave","Perfected Strike"],"picked":"Flex","floor":17},{"not_picked":["Anger","Clothesline"],"picked":"Feed","floor":17},{"not_picked":["Headbutt","Rupture"],"picked":"Rage","floor":17},{"not_picked":["Shrug It Off","Reckless Charge"],"picked":"Inflame","floor":17},{"not_picked":["Second Wind","Corruption+1"],"picked":"Armaments+1","floor":18},{"not_picked":["Clash+1","Perfected Strike+1"],"picked":"Flex","floor":24},{"not_picked":["Blood for Blood+1","Feel No Pain"],"picked":"Pommel Strike+1","floor":25},{"not_picked":["Pummel+1","Searing Blow+1"],"picked":"Shrug It Off","floor":28}],"player_experience":0,"relics_obtained":[{"floor":6.0,"key":"Ginger"},{"floor":8.0,"key":"Potion Belt"},{"floor":9.0,"key":"Bottled Flame"},{"floor":21,"key":"Bag of Preparation"},{"floor":24,"key":"Pear"},{"floor":26,"key":"Ancient Tea Set"}],"event_choices":[{"damage_healed":0.0,"max_hp_gain":0.0,"max_hp_loss":0.0,"gold_gain":0.0,"event_name":"Golden Wing","player_choice":"Ignored","floor":7.0,"gold_loss":0.0,"damage_taken":0.0},{"damage_healed":0.0,"max_hp_gain":0.0,"max_hp_loss":0.0,"gold_gain":0.0,"cards_transformed":["Barricade"],"event_name":"Transmorgrifier","player_choice":"Transformed","floor":11.0,"gold_loss":0.0,"damage_taken":0.0,"cards_obtained":["Warcry"]},{"damage_healed":0,"gold_gain":0,"player_choice":"Inject Mutagens","damage_taken":0,"relics_obtained":["MutagenicStrength"],"max_hp_gain":0,"max_hp_loss":0,"event_name":"Drug Dealer","floor":19,"gold_loss":0},{"damage_healed":0,"gold_gain":0,"player_choice":"Opened","damage_taken":0,"relics_obtained":["Molten Egg 2"],"max_hp_gain":0,"max_hp_loss":0,"event_name":"The Mausoleum","floor":20,"gold_loss":0},{"damage_healed":0,"gold_gain":0,"player_choice":"0 cards matched","damage_taken":0,"max_hp_gain":0,"max_hp_loss":0,"event_name":"Match and Keep!","floor":22,"gold_loss":0,"cards_obtained":[]}],"is_beta":false,"boss_relics":[{"not_picked":["Sozu","Snecko Eye"],"picked":"Orrery"}],"items_purged_floors":[],"is_endless":false,"potions_floor_spawned":[3,5,10,13,16,24],"killed_by":"Chosen and Byrds","ascension_level":0}