{"gold_per_floor":[115,14,28,44,44,44,78,97,97,97,115,146,146,165,165,267,267,282,296,44,61,61,61,76,76,76,95,95,112,141,152,152,152],"floor_reached":33,"playtime":2466,"items_purged":[],"score":295,"play_id":"d7a582ae-8dcb-44d8-adea-0ae94a56a24e","local_time":"20190820222023","is_ascension_mode":true,"campfire_choices":[{"data":"Poisoned Stab","floor":6,"key":"SMITH"},{"data":"Bouncing Flask","floor":10,"key":"SMITH"},{"floor":13,"key":"REST"},{"floor":15,"key":"REST"},{"floor":23,"key":"REST"},{"floor":25,"key":"REST"},{"floor":32,"key":"REST"}],"neow_cost":"NONE","seed_source_timestamp":38535201205241,"circlet_count":0,"master_deck":["Strike_G","Strike_G","Strike_G","Strike_G","Defend_G","Defend_G","Defend_G","Defend_G","Defend_G","Survivor","Neutralize","Poisoned Stab+1","Prepared","Sucker Punch","PiercingWail","Bouncing Flask+1","Dagger Throw","Bane","Envenom","Footwork","Dark Shackles","Bane","Crippling Poison","Die Die Die","Finisher","Deadly Poison"],"relics":["Ring of the Snake","Orichalcum","Omamori","Pen Nib","Anchor","Cursed Key","Gremlin Horn","Mummified Hand","Sundial"],"potions_floor_usage":[4,12,16,16,21,24,30,31,33,33],"damage_taken":[{"damage":1,"enemies":"Cultist","floor":1,"turns":4},{"damage":3,"enemies":"2 Louse","floor":3,"turns":3},{"damage":2,"enemies":"Small Slimes","floor":4,"turns":3},{"damage":12,"enemies":"Gremlin Nob","floor":7,"turns":4},{"damage":3,"enemies":"2 Fungi Beasts","floor":8,"turns":3},{"damage":1,"enemies":"Red Slaver","floor":11,"turns":3},{"damage":21,"enemies":"Lagavulin","floor":12,"turns":5},{"damage":0,"enemies":"Blue Slaver","floor":14,"turns":3},{"damage":24,"enemies":"Hexaghost","floor":16,"turns":8},{"damage":0,"enemies":"Chosen","floor":18,"turns":4},{"damage":15,"enemies":"Spheric Guardian","floor":19,"turns":4},{"damage":17,"enemies":"3 Cultists","floor":21,"turns":6},{"damage":0,"enemies":"Snake Plant","floor":24,"turns":4},{"damage":6,"enemies":"Snecko","floor":27,"turns":4},{"damage":2,"enemies":"Shelled Parasite and Fungi","floor":29,"turns":6},{"damage":28,"enemies":"Slavers","floor":30,"turns":5},{"damage":11,"enemies":"Chosen and Byrds","floor":31,"turns":5},{"damage":40,"enemies":"Champ","floor":33,"turns":11}],"seed_played":"-2958132610037999955","potions_obtained":[{"floor":8,"key":"SteroidPotion"},{"floor":11,"key":"AttackPotion"},{"floor":14,"key":"SteroidPotion"},{"floor":16,"key":"Poison Potion"},{"floor":18,"key":"Poison Potion"},{"floor":19,"key":"SpeedPotion"},{"floor":27,"key":"Explosive Potion"},{"floor":29,"key":"Swift Potion"},{"floor":30,"key":"Energy Potion"}],"is_trial":false,"path_per_floor":["M","$","M","M","?","R","E","M","T","R","M","E","R","M","R","B",null,"M","M","$","M","?","R","M","R","T","M","?","M","E","M","R","B"],"character_chosen":"THE_SILENT","items_purchased":["Energy Potion","Poison Potion","Gremlin Horn"],"campfire_rested":5,"item_purchase_floors":[2,2,20],"current_hp_per_floor":[69,69,66,64,64,64,52,49,49,49,48,27,48,48,69,45,70,70,55,55,38,24,45,45,66,66,60,60,58,30,19,40,0],"gold":152,"neow_bonus":"RANDOM_COMMON_RELIC","is_prod":false,"is_daily":false,"chose_seed":false,"campfire_upgraded":2,"win_rate":0,"timestamp":1566354023,"path_taken":["M","?","M","M","?","R","E","M","T","R","M","E","R","M","R","BOSS","M","M","$","M","?","R","M","R","T","?","?","?","E","M","R","BOSS"],"build_version":"2019-07-17","purchased_purges":0,"victory":false,"max_hp_per_floor":[70,70,70,70,70,70,70,70,70,70,70,70,70,70,70,70,70,70,70,70,70,70,70,70,70,70,70,70,70,70,70,70,70],"card_choices":[{"not_picked":["Cloak And Dagger","Flying Knee"],"picked":"Poisoned Stab","floor":1},{"not_picked":["All Out Attack","Dagger Spray"],"picked":"Prepared","floor":3},{"not_picked":["Prepared","Cloak And Dagger"],"picked":"Sucker Punch","floor":4},{"not_picked":["A Thousand Cuts","Sucker Punch"],"picked":"PiercingWail","floor":7},{"not_picked":["Underhanded Strike","Unload"],"picked":"Bouncing Flask","floor":8},{"not_picked":["Well Laid Plans","Predator"],"picked":"Dagger Throw","floor":11},{"not_picked":["Slice","Cloak And Dagger","Flying Knee"],"picked":"SKIP","floor":12},{"not_picked":["Cloak And Dagger","Prepared"],"picked":"Bane","floor":14},{"not_picked":["Venomology","Die Die Die"],"picked":"Envenom","floor":16},{"not_picked":["Outmaneuver","Underhanded Strike","Prepared"],"picked":"SKIP","floor":18},{"not_picked":["Acrobatics+1","Underhanded Strike+1","Deflect"],"picked":"SKIP","floor":19},{"not_picked":["Deflect","Underhanded Strike"],"picked":"Footwork","floor":21},{"not_picked":["Slice","Cloak And Dagger"],"picked":"Bane","floor":24},{"not_picked":["Outmaneuver","Deflect"],"picked":"Crippling Poison","floor":27},{"not_picked":["Backstab","Quick Slash"],"picked":"Die Die Die","floor":29},{"not_picked":["Acrobatics","Calculated Gamble"],"picked":"Finisher","floor":30},{"not_picked":["Backflip","Dagger Spray+1"],"picked":"Deadly Poison","floor":31}],"player_experience":218075,"relics_obtained":[{"floor":7,"key":"Omamori"},{"floor":9,"key":"Pen Nib"},{"floor":12,"key":"Anchor"},{"floor":26,"key":"Mummified Hand"},{"floor":30,"key":"Sundial"}],"event_choices":[{"damage_healed":0,"gold_gain":0,"player_choice":"Ignored","damage_taken":0,"max_hp_gain":0,"max_hp_loss":0,"event_name":"Golden Wing","floor":5,"gold_loss":0},{"damage_healed":0,"gold_gain":0,"player_choice":"CARD ","damage_taken":14,"max_hp_gain":0,"max_hp_loss":0,"event_name":"Knowing Skull","floor":22,"potions_obtained":[],"gold_loss":0,"cards_obtained":["Dark Shackles"]},{"cards_removed":["Strike_G"],"damage_healed":0,"gold_gain":0,"player_choice":"Offered Basic","damage_taken":0,"max_hp_gain":0,"max_hp_loss":0,"event_name":"Bonfire Elementals","floor":28,"gold_loss":0}],"is_beta":false,"boss_relics":[{"not_picked":["Astrolabe","Ring of the Serpent"],"picked":"Cursed Key"}],"items_purged_floors":[],"is_endless":false,"potions_floor_spawned":[8,11,14,16,18,19,27,29,30],"killed_by":"Champ","ascension_level":1}