{"gold_per_floor":[115,134,23,34,51,80,42,54,91,113,125,137,167,213,225,334,346,376,388,19,39,39,69,79,79,130,145,145,162,177,208,208,308,308,325,146,166,166,179,179,179,179,202,202],"floor_reached":44,"playtime":7488,"items_purged":["Strike_R","Strike_R"],"score":460,"play_id":"2e831f8a-ac68-42bb-a792-a49443e3aeb0","local_time":"20190812000341","is_ascension_mode":false,"campfire_choices":[{"data":"Combust","floor":12,"key":"SMITH"},{"data":"Barricade","floor":15,"key":"SMITH"},{"floor":25,"key":"REST"},{"data":"Combust","floor":28,"key":"SMITH"},{"data":"Apotheosis","floor":32,"key":"SMITH"},{"data":"Limit Break","floor":42,"key":"SMITH"}],"neow_cost":"NONE","seed_source_timestamp":186045121620364,"circlet_count":0,"master_deck":["Defend_R","Defend_R","Defend_R","Defend_R","Bash","Rage","Carnage","Anger","Combust+1","Shrug It Off","Iron Wave","Armaments+1","Barricade+1","Flex","Double Tap","Pommel Strike+1","Combust+1","Apotheosis+1","Intimidate","Sword Boomerang","Impervious","Headbutt+1","Disarm+1","Berserk","Limit Break+1","Whirlwind","Shrug It Off","Bandage Up","Bandage Up","Dramatic Entrance","Inflame"],"relics":["Burning Blood","MawBank","Bag of Marbles","Orichalcum","Philosopher\u0027s Stone","Happy Flower","CultistMask","Juzu Bracelet","Strawberry","PreservedInsect","Runic Pyramid","Pen Nib"],"potions_floor_usage":[6,14,16,31,31,44],"damage_taken":[{"damage":0,"enemies":"Small Slimes","floor":1,"turns":4},{"damage":3,"enemies":"Jaw Worm","floor":2,"turns":3},{"damage":0,"enemies":"2 Louse","floor":4,"turns":2},{"damage":10,"enemies":"Red Slaver","floor":5,"turns":4},{"damage":19,"enemies":"Lagavulin","floor":6,"turns":5},{"damage":0,"enemies":"Exordium Wildlife","floor":10,"turns":2},{"damage":2,"enemies":"Gremlin Gang","floor":13,"turns":3},{"damage":8,"enemies":"Gremlin Nob","floor":14,"turns":3},{"damage":27,"enemies":"Hexaghost","floor":16,"turns":9},{"damage":6,"enemies":"2 Thieves","floor":18,"turns":4},{"damage":21,"enemies":"3 Byrds","floor":21,"turns":3},{"damage":38,"enemies":"Gremlin Leader","floor":23,"turns":5},{"damage":7,"enemies":"3 Cultists","floor":24,"turns":5},{"damage":19,"enemies":"Snake Plant","floor":27,"turns":4},{"damage":8,"enemies":"Centurion and Healer","floor":29,"turns":4},{"damage":0,"enemies":"Snecko","floor":30,"turns":5},{"damage":23,"enemies":"Slavers","floor":31,"turns":3},{"damage":19,"enemies":"Champ","floor":33,"turns":9},{"damage":24,"enemies":"3 Shapes","floor":35,"turns":4},{"damage":16,"enemies":"3 Darklings","floor":37,"turns":5},{"damage":29,"enemies":"Jaw Worm Horde","floor":39,"turns":5},{"damage":41,"enemies":"Transient","floor":44,"turns":4}],"seed_played":"8769070943379609418","potions_obtained":[{"floor":1,"key":"PowerPotion"},{"floor":4,"key":"LiquidBronze"},{"floor":10,"key":"SkillPotion"},{"floor":14,"key":"Ancient Potion"},{"floor":23,"key":"Explosive Potion"},{"floor":29,"key":"Explosive Potion"},{"floor":30,"key":"LiquidBronze"},{"floor":33,"key":"Regen Potion"},{"floor":37,"key":"FearPotion"}],"is_trial":false,"path_per_floor":["M","M","$","M","M","E","?","?","T","M","?","R","M","E","R","B",null,"M","?","$","M","?","E","M","R","T","M","R","M","M","E","R","B",null,"M","$","M","?","M","?","?","R","T","M"],"character_chosen":"IRONCLAD","items_purchased":["Combust","Apotheosis","Happy Flower","Intimidate","Whirlwind"],"campfire_rested":1,"item_purchase_floors":[3,20,20,20,36],"current_hp_per_floor":[80,80,80,80,76,63,63,68,68,74,74,74,78,76,76,55,85,85,85,85,70,70,38,37,62,69,56,56,54,60,43,43,30,92,74,74,64,64,41,31,31,31,31,0],"gold":202,"neow_bonus":"TRANSFORM_CARD","is_prod":false,"is_daily":false,"chose_seed":false,"campfire_upgraded":5,"win_rate":0,"timestamp":1565582621,"path_taken":["M","M","$","M","M","E","?","?","T","M","?","R","M","E","R","BOSS","M","?","$","M","?","E","M","R","T","M","R","M","M","E","R","BOSS","M","$","M","?","M","?","?","R","T","M"],"build_version":"2019-07-17","purchased_purges":2,"victory":false,"max_hp_per_floor":[80,80,80,80,80,80,80,85,85,85,85,85,85,85,85,85,85,85,85,85,85,85,85,85,85,92,92,92,92,92,92,92,92,92,92,92,92,92,92,92,92,92,92,92],"card_choices":[{"not_picked":["Ghostly Armor","Anger"],"picked":"Carnage","floor":1},{"not_picked":["Perfected Strike","Clash"],"picked":"Anger","floor":2},{"not_picked":["Infernal Blade","Warcry"],"picked":"Shrug It Off","floor":4},{"not_picked":["Body Slam","Seeing Red"],"picked":"Iron Wave","floor":5},{"not_picked":["Sentinel","Heavy Blade"],"picked":"Armaments","floor":6},{"not_picked":["Wild Strike","Hemokinesis","Clash"],"picked":"SKIP","floor":10},{"not_picked":["Blood for Blood","Havoc"],"picked":"Barricade","floor":13},{"not_picked":["Rupture","Anger"],"picked":"Flex","floor":14},{"not_picked":["Impervious","Dark Embrace"],"picked":"Double Tap","floor":16},{"not_picked":["Anger+1","Heavy Blade"],"picked":"Pommel Strike+1","floor":18},{"not_picked":["Iron Wave","Shockwave"],"picked":"Sword Boomerang","floor":21},{"not_picked":["Uppercut","Intimidate"],"picked":"Impervious","floor":23},{"not_picked":["Shockwave","Flex"],"picked":"Headbutt+1","floor":24},{"not_picked":["Clothesline","Armaments","Anger"],"picked":"SKIP","floor":27},{"not_picked":["Wild Strike","Havoc"],"picked":"Disarm+1","floor":29},{"not_picked":["Searing Blow","Wild Strike","Anger"],"picked":"SKIP","floor":30},{"not_picked":["Corruption","Clash"],"picked":"Berserk","floor":31},{"not_picked":["Impervious","Offering"],"picked":"Limit Break","floor":33},{"not_picked":["Pummel+1","Wild Strike","Warcry+1"],"picked":"SKIP","floor":35},{"not_picked":["Metallicize","Iron Wave+1","Pommel Strike"],"picked":"SKIP","floor":37},{"not_picked":["Pummel+1","Cleave"],"picked":"Shrug It Off","floor":39},{"not_picked":["Finesse","Mind Blast"],"picked":"Bandage Up","floor":40},{"not_picked":["Thinking Ahead","Secret Weapon"],"picked":"Bandage Up","floor":40},{"not_picked":["Trip","Purity"],"picked":"Dramatic Entrance","floor":40}],"player_experience":72628,"relics_obtained":[{"floor":6,"key":"MawBank"},{"floor":9,"key":"Bag of Marbles"},{"floor":14,"key":"Orichalcum"},{"floor":23,"key":"Juzu Bracelet"},{"floor":26,"key":"Strawberry"},{"floor":31,"key":"PreservedInsect"},{"floor":43,"key":"Pen Nib"}],"event_choices":[{"cards_removed":["Strike_R"],"damage_healed":0,"gold_gain":0,"player_choice":"Card Removal","damage_taken":0,"max_hp_gain":0,"max_hp_loss":0,"event_name":"The Cleric","floor":7,"gold_loss":50},{"damage_healed":0,"gold_gain":0,"player_choice":"Donut","damage_taken":0,"max_hp_gain":5,"max_hp_loss":0,"event_name":"Big Fish","floor":8,"gold_loss":0},{"damage_healed":0,"gold_gain":0,"player_choice":"Upgraded","damage_taken":0,"max_hp_gain":0,"max_hp_loss":0,"event_name":"Upgrade Shrine","floor":11,"gold_loss":0,"cards_upgraded":["Armaments"]},{"damage_healed":0,"gold_gain":0,"player_choice":"Read","damage_taken":0,"max_hp_gain":0,"max_hp_loss":0,"event_name":"The Library","floor":19,"gold_loss":0,"cards_obtained":["Combust"]},{"damage_healed":0,"gold_gain":0,"player_choice":"Trade","damage_taken":0,"relics_obtained":["CultistMask"],"max_hp_gain":0,"max_hp_loss":0,"event_name":"FaceTrader","floor":22,"gold_loss":0},{"damage_healed":0,"gold_gain":0,"player_choice":"Ignored","damage_taken":0,"max_hp_gain":0,"max_hp_loss":0,"event_name":"Tomb of Lord Red Mask","floor":38,"gold_loss":0},{"damage_healed":0,"gold_gain":0,"player_choice":"Memory 3","damage_taken":10,"max_hp_gain":0,"max_hp_loss":0,"event_name":"SensoryStone","floor":40,"gold_loss":0},{"damage_healed":0,"gold_gain":0,"cards_transformed":["Strike_R"],"player_choice":"Transformed","damage_taken":0,"max_hp_gain":0,"max_hp_loss":0,"event_name":"Transmorgrifier","floor":41,"gold_loss":0,"cards_obtained":["Inflame"]}],"is_beta":false,"boss_relics":[{"not_picked":["Sozu","Eternal Feather"],"picked":"Philosopher\u0027s Stone"},{"not_picked":["Fusion Hammer","Empty Cage"],"picked":"Runic Pyramid"}],"items_purged_floors":[3,36],"is_endless":false,"potions_floor_spawned":[1,4,10,14,23,29,30,33,37],"killed_by":"Transient","ascension_level":0}