{"gold_per_floor":[110,122,41,57,57,87,87,107,107,125,125,138,87,106,106,207,207,226,243,13,13,26,26],"floor_reached":23,"playtime":3823,"items_purged":[],"score":195,"play_id":"65e01d37-295d-492b-8f2e-6cf5d6f3dbc3","local_time":"20190704034519","is_ascension_mode":false,"campfire_choices":[{"floor":7,"key":"REST"},{"floor":11,"key":"REST"},{"data":"Sweeping Beam","floor":15,"key":"SMITH"}],"neow_cost":"NONE","seed_source_timestamp":114577267361495,"circlet_count":0,"master_deck":["Strike_B","Strike_B","Strike_B","Defend_B","Defend_B","Defend_B","Defend_B","Zap","Dualcast","Conserve Battery","Gash","Melter","Double Energy","FTL","Leap","Chill","Coolheaded","Barrage","Compile Driver","Loop","Sweeping Beam+1","Tempest","Seek","Storm+1","Beam Cell+1","Self Repair","Shame","Steam"],"relics":["Cracked Core","Dream Catcher","Bag of Preparation","Philosopher\u0027s Stone","MealTicket","Shuriken"],"potions_floor_usage":[23],"damage_taken":[{"damage":6,"enemies":"Cultist","floor":1,"turns":3},{"damage":0,"enemies":"Small Slimes","floor":2,"turns":4},{"damage":3,"enemies":"2 Louse","floor":4,"turns":2},{"damage":27,"enemies":"Gremlin Nob","floor":6,"turns":5},{"damage":6,"enemies":"Exordium Thugs","floor":8,"turns":6},{"damage":0,"enemies":"Looter","floor":10,"turns":2},{"damage":3,"enemies":"Large Slime","floor":12,"turns":6},{"damage":0,"enemies":"Red Slaver","floor":14,"turns":4},{"damage":24,"enemies":"Slime Boss","floor":16,"turns":12},{"damage":0,"enemies":"Spheric Guardian","floor":18,"turns":1},{"damage":35,"enemies":"2 Thieves","floor":19,"turns":4},{"damage":11,"enemies":"Centurion and Healer","floor":22,"turns":8},{"damage":45,"enemies":"Gremlin Leader","floor":23,"turns":3}],"seed_played":"-6063976446825768254","potions_obtained":[{"floor":1,"key":"SpeedPotion"},{"floor":4,"key":"Weak Potion"},{"floor":6,"key":"SpeedPotion"},{"floor":12,"key":"Ancient Potion"},{"floor":14,"key":"Energy Potion"}],"is_trial":false,"path_per_floor":["M","M","$","M","?","E","R","M","T","M","R","M","$","M","R","B",null,"M","M","$","?","M","E"],"character_chosen":"DEFECT","items_purchased":["Melter","Sweeping Beam","Self Repair","MealTicket"],"campfire_rested":2,"item_purchase_floors":[3,13,20,20],"current_hp_per_floor":[76,76,76,73,73,46,70,64,64,64,82,79,79,79,79,55,82,82,47,47,47,43,0],"gold":26,"neow_bonus":"TEN_PERCENT_HP_BONUS","is_prod":false,"is_daily":false,"chose_seed":false,"campfire_upgraded":1,"win_rate":0.0,"timestamp":1562226319,"path_taken":["M","?","$","M","?","E","R","M","T","M","R","M","?","M","R","BOSS","M","M","$","?","M","E"],"build_version":"2019-07-01","purchased_purges":0,"victory":false,"max_hp_per_floor":[82,82,82,82,82,82,82,82,82,82,82,82,82,82,82,82,82,82,82,82,82,82,82],"card_choices":[{"not_picked":["Steam Power","Barrage"],"picked":"Conserve Battery","floor":1},{"not_picked":["Barrage","Compile Driver"],"picked":"Gash","floor":2},{"not_picked":["Steam","Amplify"],"picked":"Double Energy","floor":4},{"not_picked":["Storm","Cold Snap"],"picked":"Leap","floor":6},{"not_picked":["Double Energy","Cold Snap"],"picked":"Chill","floor":7},{"not_picked":["Stack","Force Field"],"picked":"Coolheaded","floor":8},{"not_picked":["Steam","Skim"],"picked":"Barrage","floor":10},{"not_picked":["Redo","Chill"],"picked":"Compile Driver","floor":11},{"not_picked":["Heatsinks","Compile Driver"],"picked":"Loop","floor":12},{"not_picked":["Gash","Cold Snap"],"picked":"Tempest","floor":14},{"not_picked":["Creative AI","Biased Cognition"],"picked":"Seek","floor":16},{"not_picked":["Go for the Eyes","Compile Driver"],"picked":"Storm+1","floor":18},{"not_picked":["Stack","Ball Lightning+1"],"picked":"Beam Cell+1","floor":19},{"not_picked":["Storm+1","Conserve Battery"],"picked":"Steam","floor":22}],"player_experience":15417,"relics_obtained":[{"floor":6,"key":"Dream Catcher"},{"floor":9,"key":"Bag of Preparation"}],"event_choices":[{"damage_healed":0,"gold_gain":0,"cards_transformed":["Strike_B"],"player_choice":"Transformed","damage_taken":0,"max_hp_gain":0,"max_hp_loss":0,"event_name":"Transmorgrifier","floor":5,"gold_loss":0,"cards_obtained":["FTL"]},{"damage_healed":0,"gold_gain":0,"player_choice":"Stole Relic","damage_taken":0,"relics_obtained":["Shuriken"],"max_hp_gain":0,"max_hp_loss":0,"event_name":"Addict","floor":21,"gold_loss":0,"cards_obtained":["Shame"]}],"is_beta":false,"boss_relics":[{"not_picked":["Sozu","Ectoplasm"],"picked":"Philosopher\u0027s Stone"}],"items_purged_floors":[],"is_endless":false,"potions_floor_spawned":[1,4,6,12,14,19,22],"killed_by":"Gremlin Leader","ascension_level":0}