{"gold_per_floor":[110,75,75,94,94,94,94,94,394,394,426,426,446,462,462,567,567,577,594,104,116,133,133],"floor_reached":23,"playtime":1758,"items_purged":[],"score":212,"play_id":"9c34930b-a60b-4a8f-8858-6eef1c7aed3f","local_time":"20190826210730","is_ascension_mode":true,"campfire_choices":[{"data":"Bane","floor":6,"key":"SMITH"},{"data":"Neutralize","floor":8,"key":"SMITH"},{"floor":12,"key":"REST"},{"floor":15,"key":"REST"}],"neow_cost":"NONE","seed_source_timestamp":191090738191848,"circlet_count":0,"master_deck":["Strike_G","Strike_G","Strike_G","Strike_G","Defend_G","Defend_G","Defend_G","Defend_G","Defend_G+1","Survivor","Neutralize+1","Bane+1","Prepared","Poisoned Stab","Sucker Punch","Corpse Explosion","PiercingWail","Dagger Spray","Secret Technique","Heel Hook+1","Bouncing Flask"],"relics":["Ring of the Snake","NeowsBlessing","WarpedTongs","Old Coin","Ancient Tea Set","Empty Cage","Membership Card","Matryoshka","PreservedInsect"],"potions_floor_usage":[5,21,23,23],"damage_taken":[{"damage":0,"enemies":"2 Louse","floor":1,"turns":1},{"damage":0,"enemies":"Cultist","floor":4,"turns":1},{"damage":0,"enemies":"Jaw Worm","floor":5,"turns":1},{"damage":34,"enemies":"Gremlin Nob","floor":11,"turns":6},{"damage":4,"enemies":"Looter","floor":13,"turns":2},{"damage":35,"enemies":"Lots of Slimes","floor":14,"turns":6},{"damage":41,"enemies":"Hexaghost","floor":16,"turns":10},{"damage":10,"enemies":"3 Byrds","floor":18,"turns":3},{"damage":0,"enemies":"Chosen","floor":19,"turns":5},{"damage":24,"enemies":"Shelled Parasite and Fungi","floor":21,"turns":9},{"damage":37,"enemies":"Snecko","floor":22,"turns":6},{"damage":4,"enemies":"Gremlin Leader","floor":23,"turns":3}],"seed_played":"2000633593255109716","potions_obtained":[{"floor":1,"key":"SmokeBomb"},{"floor":13,"key":"Weak Potion"},{"floor":18,"key":"FearPotion"},{"floor":22,"key":"Fire Potion"}],"is_trial":false,"path_per_floor":["M","?","?","M","M","R","?","R","T","?","E","R","M","M","R","B",null,"M","M","$","M","M","E"],"character_chosen":"THE_SILENT","items_purchased":["Membership Card","Matryoshka","PreservedInsect","Secret Technique"],"campfire_rested":2,"item_purchase_floors":[20,20,20,20],"current_hp_per_floor":[70,70,70,70,70,70,75,75,75,75,41,63,59,24,46,5,75,65,65,65,41,4,0],"gold":133,"neow_bonus":"THREE_ENEMY_KILL","is_prod":false,"is_daily":false,"chose_seed":false,"campfire_upgraded":2,"win_rate":0,"timestamp":1566868050,"path_taken":["M","?","?","M","?","R","?","R","T","?","E","R","M","M","R","BOSS","M","M","$","M","M","E"],"build_version":"2019-07-17","purchased_purges":0,"victory":false,"max_hp_per_floor":[70,70,70,70,70,70,75,75,75,75,75,75,75,75,75,75,75,75,75,75,75,75,75],"card_choices":[{"not_picked":["Skewer","Backflip"],"picked":"Bane","floor":1},{"not_picked":["Well Laid Plans","Backflip"],"picked":"Prepared","floor":4},{"not_picked":["Endless Agony","Quick Slash"],"picked":"Poisoned Stab","floor":11},{"not_picked":["Expertise","Tactician"],"picked":"Sucker Punch","floor":13},{"not_picked":["Acrobatics","Predator","Cloak And Dagger"],"picked":"SKIP","floor":14},{"not_picked":["Doppelganger","Bullet Time"],"picked":"Corpse Explosion","floor":16},{"not_picked":["Well Laid Plans","Outmaneuver"],"picked":"PiercingWail","floor":18},{"not_picked":["Sucker Punch","Outmaneuver"],"picked":"Dagger Spray","floor":19},{"not_picked":["Acrobatics+1","Accuracy+1"],"picked":"Heel Hook+1","floor":21},{"not_picked":["Outmaneuver","Flying Knee"],"picked":"Bouncing Flask","floor":22}],"player_experience":244823,"relics_obtained":[{"floor":9,"key":"Old Coin"},{"floor":11,"key":"Ancient Tea Set"}],"event_choices":[{"damage_healed":0,"gold_gain":0,"player_choice":"Left Gold","damage_taken":0,"max_hp_gain":0,"max_hp_loss":0,"event_name":"World of Goop","floor":2,"gold_loss":35},{"damage_healed":0,"gold_gain":0,"player_choice":"Rummage","damage_taken":0,"relics_obtained":["WarpedTongs"],"max_hp_gain":0,"max_hp_loss":0,"event_name":"Accursed Blacksmith","floor":3,"gold_loss":0,"cards_obtained":["Pain"]},{"damage_healed":0,"gold_gain":0,"player_choice":"Donut","damage_taken":0,"max_hp_gain":5,"max_hp_loss":0,"event_name":"Big Fish","floor":7,"gold_loss":0},{"damage_healed":0,"gold_gain":0,"player_choice":"Upgraded","damage_taken":0,"max_hp_gain":0,"max_hp_loss":0,"event_name":"Upgrade Shrine","floor":10,"gold_loss":0,"cards_upgraded":["Defend_G"]}],"is_beta":false,"boss_relics":[{"not_picked":["White Beast Statue","Eternal Feather"],"picked":"Empty Cage"}],"items_purged_floors":[],"is_endless":false,"potions_floor_spawned":[1,5,13,18,22],"killed_by":"Gremlin Leader","ascension_level":2}