{"gold_per_floor":[114,114,114,125,0,0,30,30,30,30,30,54,72,172,172,302,302,323,344,367,367,390,390,409,409,409,440,454,189,189,207,207,326,326,349,474,474,474,807,838,852,877,877,888,624,640,189,201,201,201],"floor_reached":51,"playtime":5734,"items_purged":["Defend_P","Strike_P","Defend_P"],"score":777,"play_id":"7b726053-ba3e-42d9-b2e4-447a02316402","local_time":"20190910225421","is_ascension_mode":false,"campfire_choices":[{"data":"Eruption","floor":6.0,"key":"SMITH"},{"data":"WindmillStrike","floor":15.0,"key":"SMITH"},{"data":"JustLucky","floor":23,"key":"SMITH"},{"floor":25,"key":"REST"},{"floor":32,"key":"REST"},{"floor":49,"key":"REST"}],"neow_cost":"NONE","seed_source_timestamp":0,"circlet_count":0,"master_deck":["Eruption+1","Vigilance","Establishment","Perseverance","WindmillStrike+1","ForeignInfluence","DeusExMachina","SandsOfTime+1","Protect+1","Judgement+1","FlyingSleeves+1","JustLucky+1","CleanseEvil+1","CrushJoints","Crescendo","JustLucky+1","Apotheosis","RitualDagger","EmptyBody","DevaForm","ClearTheMind","WindmillStrike+1","Protect+1","Evaluate","EmptyBody","DeusExMachina","Crescendo","DevaForm"],"special_seed":0,"relics":["HolyWater","NeowsBlessing","MealTicket","Mango","Mercury Hourglass","Astrolabe","Strawberry","PreservedInsect","Gambling Chip","Dream Catcher","Whetstone","Calipers","DollysMirror","Sundial"],"potions_floor_usage":[27,27,33,46,48,50,50],"damage_taken":[{"damage":0.0,"enemies":"Small Slimes","floor":1.0,"turns":1.0},{"damage":0.0,"enemies":"Jaw Worm","floor":4.0,"turns":1.0},{"damage":0.0,"enemies":"Gremlin Nob","floor":7.0,"turns":1.0},{"damage":5.0,"enemies":"2 Louse","floor":12.0,"turns":3.0},{"damage":3.0,"enemies":"Gremlin Gang","floor":13.0,"turns":3.0},{"damage":33.0,"enemies":"Hexaghost","floor":16.0,"turns":7.0},{"damage":15.0,"enemies":"2 Thieves","floor":18.0,"turns":3.0},{"damage":15.0,"enemies":"Chosen","floor":19.0,"turns":2.0},{"damage":3.0,"enemies":"Snecko","floor":20.0,"turns":3.0},{"damage":0.0,"enemies":"Chosen and Byrds","floor":22.0,"turns":3.0},{"damage":15,"enemies":"Snake Plant","floor":24,"turns":3},{"damage":24,"enemies":"Book of Stabbing","floor":27,"turns":5},{"damage":0,"enemies":"Cultist and Chosen","floor":28,"turns":3},{"damage":5,"enemies":"Centurion and Healer","floor":31,"turns":5},{"damage":20,"enemies":"Automaton","floor":33,"turns":10},{"damage":1,"enemies":"Orb Walker","floor":35,"turns":3},{"damage":0,"enemies":"Mind Bloom Boss Battle","floor":36,"turns":8},{"damage":10,"enemies":"Nemesis","floor":40,"turns":5},{"damage":8,"enemies":"3 Darklings","floor":41,"turns":4},{"damage":19,"enemies":"Reptomancer","floor":42,"turns":4},{"damage":12,"enemies":"Maw","floor":44,"turns":9},{"damage":0,"enemies":"4 Shapes","floor":46,"turns":4},{"damage":0,"enemies":"Transient","floor":48,"turns":5},{"damage":6,"enemies":"Donu and Deca","floor":50,"turns":14}],"seed_played":"6065509870513150067","potions_obtained":[{"floor":1.0,"key":"Poison Potion"},{"floor":12.0,"key":"Strength Potion"},{"floor":13.0,"key":"Swift Potion"},{"floor":16.0,"key":"PowerPotion"},{"floor":19.0,"key":"Block Potion"},{"floor":22,"key":"Dexterity Potion"},{"floor":24,"key":"Regen Potion"},{"floor":27,"key":"Explosive Potion"},{"floor":28,"key":"Dexterity Potion"},{"floor":35,"key":"SpeedPotion"},{"floor":44,"key":"PowerPotion"},{"floor":46,"key":"Poison Potion"},{"floor":48,"key":"Dexterity Potion"}],"is_trial":false,"path_per_floor":["M","?","?","M","$","R","E","?","T","?","?","M","M","?","R","B",null,"M","M","M","?","M","R","M","R","T","E","M","$","?","M","R","B",null,"M","?","?","?","?","E","M","E","T","M","$","M","$","M","R","B",null],"character_chosen":"WATCHER","items_purchased":["Fire Potion","Apotheosis","DeusExMachina","DollysMirror","Sundial","PowerPotion"],"campfire_rested":3,"item_purchase_floors":[5,29,45,47,47,47],"current_hp_per_floor":[65,58,51,51,65,65,79,79,79,84,78,73,70,70,70,37,78,63,48,45,38,38,38,23,46,53,43,43,58,52,47,72,52,85,84,84,84,84,84,74,66,47,47,35,50,50,65,65,85,79],"gold":201,"neow_bonus":"THREE_ENEMY_KILL","is_prod":false,"is_daily":false,"chose_seed":false,"campfire_upgraded":3,"win_rate":0.0,"timestamp":1568181261,"path_taken":["M","?","?","?","$","R","E","?","T","?","?","M","M","?","R","BOSS","M","?","M","?","?","R","M","R","T","E","M","$","?","M","R","BOSS","M","?","?","?","?","E","M","E","T","M","$","M","$","M","R","BOSS"],"build_version":"2019-09-10","purchased_purges":3,"victory":true,"max_hp_per_floor":[65,65,65,65,65,65,79,79,79,84,78,78,78,78,78,78,78,78,78,78,78,78,78,78,78,85,85,85,85,85,85,85,85,85,85,85,85,85,85,85,85,85,85,85,85,85,85,85,85,85],"card_choices":[{"not_picked":["WreathOfFlame","Consecrate"],"picked":"Establishment","floor":1.0},{"not_picked":["SpiritShield","Sanctity"],"picked":"Perseverance","floor":4.0},{"not_picked":["FlowState","Protect"],"picked":"WindmillStrike","floor":7.0},{"not_picked":["BowlingBash","ClearTheMind"],"picked":"ForeignInfluence","floor":12.0},{"not_picked":["Halt","EmptyFist","ThirdEye"],"picked":"SKIP","floor":13.0},{"not_picked":["Halt","EmptyFist","ThirdEye"],"picked":"SKIP","floor":13.0},{"not_picked":["SignatureMove","Ragnarok"],"picked":"DeusExMachina","floor":16.0},{"not_picked":["Swivel","Weave"],"picked":"FlyingSleeves+1","floor":18.0},{"not_picked":["ThirdEye","Establishment+1","Adaptation"],"picked":"SKIP","floor":19.0},{"not_picked":["Sanctity","BowlingBash+1"],"picked":"JustLucky","floor":20.0},{"not_picked":["ForeignInfluence+1","EmptyBody+1"],"picked":"CleanseEvil+1","floor":22},{"not_picked":["Consecrate","Tantrum+1"],"picked":"CrushJoints","floor":24},{"not_picked":["Tantrum","JustLucky"],"picked":"Crescendo","floor":27},{"not_picked":["Swivel","WaveOfTheHand"],"picked":"JustLucky","floor":28},{"not_picked":["EmptyMind","CleanseEvil"],"picked":"EmptyBody","floor":31},{"not_picked":["ReachHeaven","Ragnarok"],"picked":"DevaForm","floor":33},{"not_picked":["FlyingSleeves+1","JustLucky+1","Sanctity"],"picked":"SKIP","floor":35},{"not_picked":["Fasting+1","SpiritShield+1"],"picked":"ClearTheMind","floor":36},{"not_picked":["Conclude","SandsOfTime"],"picked":"WindmillStrike","floor":40},{"not_picked":["Vengeance+1","TalkToTheHand+1"],"picked":"Protect+1","floor":41},{"not_picked":["FollowUp+1","Meditate"],"picked":"Evaluate","floor":42},{"not_picked":["Sanctity","CrushJoints+1"],"picked":"EmptyBody","floor":44},{"not_picked":["ReachHeaven","Meditate"],"picked":"Crescendo","floor":46},{"not_picked":["ForeignInfluence","Halt+1","PathToVictory"],"picked":"SKIP","floor":48}],"player_experience":5258,"relics_obtained":[{"floor":7.0,"key":"Mango"},{"floor":9.0,"key":"Mercury Hourglass"},{"floor":26,"key":"Strawberry"},{"floor":27,"key":"PreservedInsect"},{"floor":36,"key":"Gambling Chip"},{"floor":40,"key":"Dream Catcher"},{"floor":42,"key":"Whetstone"},{"floor":43,"key":"Calipers"}],"event_choices":[{"cards_removed":["Strike_P"],"damage_healed":0.0,"max_hp_gain":0.0,"max_hp_loss":0.0,"gold_gain":0.0,"event_name":"Golden Wing","player_choice":"Card Removal","floor":2.0,"gold_loss":0.0,"damage_taken":7.0},{"damage_healed":0.0,"max_hp_gain":0.0,"max_hp_loss":0.0,"gold_gain":0.0,"event_name":"Scrap Ooze","player_choice":"Success","floor":3.0,"gold_loss":0.0,"damage_taken":7.0,"relics_obtained":["MealTicket"]},{"damage_healed":0.0,"max_hp_gain":0.0,"max_hp_loss":0.0,"gold_gain":0.0,"event_name":"Liars Game","player_choice":"Ignored","floor":8.0,"gold_loss":0.0,"damage_taken":0.0},{"damage_healed":0.0,"max_hp_gain":5.0,"max_hp_loss":0.0,"gold_gain":0.0,"event_name":"Big Fish","player_choice":"Donut","floor":10.0,"gold_loss":0.0,"damage_taken":0.0},{"damage_healed":0.0,"max_hp_gain":0.0,"max_hp_loss":6.0,"gold_gain":0.0,"event_name":"Golden Idol","player_choice":"Lose Max HP","floor":11.0,"gold_loss":0.0,"damage_taken":0.0,"relics_obtained":["Golden Idol"]},{"damage_healed":0.0,"max_hp_gain":0.0,"max_hp_loss":0.0,"gold_gain":100.0,"event_name":"Golden Shrine","player_choice":"Pray","floor":14.0,"gold_loss":0.0,"damage_taken":0.0},{"damage_healed":0.0,"max_hp_gain":0.0,"max_hp_loss":0.0,"gold_gain":0.0,"event_name":"Knowing Skull","player_choice":"","floor":21.0,"potions_obtained":[],"gold_loss":0.0,"damage_taken":7.0,"cards_obtained":[]},{"damage_healed":0,"gold_gain":0,"player_choice":"Joined the Cult","damage_taken":6,"max_hp_gain":0,"max_hp_loss":0,"event_name":"Nest","floor":30,"gold_loss":0,"cards_obtained":["RitualDagger"]},{"damage_healed":0,"gold_gain":0,"player_choice":"Fight","damage_taken":0,"max_hp_gain":0,"max_hp_loss":0,"event_name":"MindBloom","floor":36,"gold_loss":0},{"cards_removed":["Defend_P"],"damage_healed":0,"gold_gain":0,"player_choice":"Removed Skill","damage_taken":0,"max_hp_gain":0,"max_hp_loss":0,"event_name":"Falling","floor":37,"gold_loss":0},{"damage_healed":0,"gold_gain":0,"player_choice":"Ignored","damage_taken":0,"max_hp_gain":0,"max_hp_loss":0,"event_name":"Tomb of Lord Red Mask","floor":38,"gold_loss":0},{"damage_healed":0,"gold_gain":333,"player_choice":"Gave Idol","damage_taken":0,"max_hp_gain":0,"max_hp_loss":0,"event_name":"The Moai Head","floor":39,"relics_lost":["Golden Idol"],"gold_loss":0}],"is_beta":true,"boss_relics":[{"not_picked":["Coffee Dripper","VioletLotus"],"picked":"Astrolabe"},{"not_picked":["SacredBark","Philosopher\u0027s Stone"],"picked":"HolyWater"}],"items_purged_floors":[5,29,45],"is_endless":false,"potions_floor_spawned":[1,12,13,16,19,22,24,27,28,35,44,46,48],"ascension_level":0}