{"gold_per_floor":[112,112,125,143,163,191,71,71,97,97,128,148,164,198,198,302,302,322,342,302,315,64,64,74,103,130,143,160,160,174,186,186,286,286,301,317,138,138,0,29,29,56,83,83,117,135,135,152,152,152],"floor_reached":51,"playtime":4630,"items_purged":["Strike_B","Strike_B"],"score":756,"play_id":"67f87bc7-6709-466e-85e5-471b3d63d086","local_time":"20190916145930","is_ascension_mode":false,"campfire_choices":[{"data":"Dualcast","floor":8,"key":"SMITH"},{"data":"Reinforced Body","floor":15,"key":"SMITH"},{"floor":23,"key":"REST"},{"floor":29,"key":"REST"},{"data":"Creative AI","floor":32,"key":"SMITH"},{"data":"Buffer","floor":41,"key":"SMITH"},{"data":"Barrage","floor":44,"key":"SMITH"},{"data":"Blizzard","floor":49,"key":"SMITH"}],"neow_cost":"NONE","seed_source_timestamp":2923589115262829,"circlet_count":0,"master_deck":["Strike_B+1","Defend_B","Defend_B","Defend_B","Defend_B","Zap","Dualcast+1","Glacier","Melter","Coolheaded","Static Discharge+1","Conserve Battery","Compile Driver","Ball Lightning","Self Repair","Amplify","Reinforced Body+1","Creative AI+1","Loop+1","Doom and Gloom+1","Barrage+1","Darkness","Blizzard+1","Glacier","Buffer+1","Storm","Darkness+1","The Bomb"],"relics":["Cracked Core","PreservedInsect","Bronze Scales","Toy Ornithopter","Mercury Hourglass","SacredBark","Runic Capacitor","Letter Opener","Art of War","Snecko Eye","Red Mask","Bag of Marbles","Nunchaku","Smiling Mask","Anchor"],"potions_floor_usage":[3,6,14,25,33,50],"damage_taken":[{"damage":3,"enemies":"Jaw Worm","floor":1,"turns":4},{"damage":2,"enemies":"Cultist","floor":3,"turns":4},{"damage":1,"enemies":"Small Slimes","floor":4,"turns":4},{"damage":5,"enemies":"2 Fungi Beasts","floor":5,"turns":4},{"damage":8,"enemies":"Lagavulin","floor":6,"turns":10},{"damage":4,"enemies":"3 Sentries","floor":11,"turns":6},{"damage":3,"enemies":"Looter","floor":12,"turns":2},{"damage":0,"enemies":"Blue Slaver","floor":13,"turns":4},{"damage":9,"enemies":"Lagavulin","floor":14,"turns":7},{"damage":3,"enemies":"The Guardian","floor":16,"turns":12},{"damage":38,"enemies":"2 Thieves","floor":18,"turns":3},{"damage":0,"enemies":"Chosen","floor":19,"turns":7},{"damage":36,"enemies":"Shelled Parasite and Fungi","floor":21,"turns":4},{"damage":11,"enemies":"Cultist and Chosen","floor":24,"turns":6},{"damage":20,"enemies":"Slavers","floor":25,"turns":2},{"damage":23,"enemies":"3 Cultists","floor":27,"turns":5},{"damage":0,"enemies":"Centurion and Healer","floor":28,"turns":6},{"damage":6,"enemies":"Cultist and Chosen","floor":30,"turns":5},{"damage":4,"enemies":"Snecko","floor":31,"turns":4},{"damage":32,"enemies":"Collector","floor":33,"turns":11},{"damage":21,"enemies":"3 Darklings","floor":35,"turns":4},{"damage":9,"enemies":"Orb Walker","floor":36,"turns":4},{"damage":12,"enemies":"Giant Head","floor":40,"turns":8},{"damage":0,"enemies":"Reptomancer","floor":42,"turns":7},{"damage":3,"enemies":"Nemesis","floor":45,"turns":7},{"damage":16,"enemies":"3 Darklings","floor":46,"turns":4},{"damage":0,"enemies":"Jaw Worm Horde","floor":48,"turns":5},{"damage":27,"enemies":"Time Eater","floor":50,"turns":11}],"seed_played":"6696718134287464299","potions_obtained":[{"floor":1,"key":"EntropicBrew"},{"floor":3,"key":"Fruit Juice"},{"floor":12,"key":"Fire Potion"},{"floor":13,"key":"PowerPotion"},{"floor":14,"key":"Explosive Potion"},{"floor":27,"key":"AttackPotion"},{"floor":28,"key":"Explosive Potion"},{"floor":33,"key":"Fire Potion"}],"is_trial":false,"path_per_floor":["M","?","M","M","M","E","$","R","T","?","E","M","M","E","R","B",null,"M","M","?","M","$","R","M","E","T","M","M","R","M","M","R","B",null,"M","M","$","?","?","E","R","E","T","R","E","M","?","M","R","B",null],"character_chosen":"DEFECT","items_purchased":["Compile Driver","Runic Capacitor","Barrage","Darkness","Storm"],"campfire_rested":2,"item_purchase_floors":[7,22,22,22,37],"current_hp_per_floor":[79,79,82,81,76,68,68,68,68,68,64,61,68,78,78,82,87,56,63,63,34,34,60,49,34,34,18,25,51,52,48,48,21,87,66,64,64,64,64,59,59,66,66,66,63,54,54,61,61,39],"gold":152,"neow_bonus":"TEN_PERCENT_HP_BONUS","is_prod":false,"is_daily":false,"chose_seed":false,"campfire_upgraded":6,"win_rate":0,"timestamp":1568660370,"path_taken":["M","?","M","?","M","E","$","R","T","?","E","M","M","E","R","BOSS","M","M","?","M","$","R","M","E","T","M","M","R","M","M","R","BOSS","M","M","$","?","?","E","R","E","T","R","E","M","?","M","R","BOSS"],"build_version":"2019-09-12","purchased_purges":2,"victory":true,"max_hp_per_floor":[82,82,87,87,87,87,87,87,87,87,87,87,87,87,87,87,87,87,87,87,87,87,87,87,87,87,87,87,87,87,87,87,87,87,87,87,87,83,83,83,83,83,83,83,83,83,83,83,83,83],"card_choices":[{"not_picked":["Consume","Streamline"],"picked":"Glacier","floor":1},{"not_picked":["Hello World","Redo"],"picked":"Melter","floor":3},{"not_picked":["Chaos","Hello World"],"picked":"Coolheaded","floor":4},{"not_picked":["Aggregate","Fusion"],"picked":"Static Discharge","floor":5},{"not_picked":["Reboot","Beam Cell"],"picked":"Conserve Battery","floor":6},{"not_picked":["Hello World","Rebound"],"picked":"Ball Lightning","floor":11},{"not_picked":["Turbo","Compile Driver"],"picked":"Self Repair","floor":12},{"not_picked":["Skim","Glacier"],"picked":"Amplify","floor":13},{"not_picked":["Stack","Hologram"],"picked":"Reinforced Body","floor":14},{"not_picked":["All For One","Multi-Cast"],"picked":"Creative AI","floor":16},{"not_picked":["Consume","Reprogram","Steam"],"picked":"SKIP","floor":18},{"not_picked":["Darkness","Tempest"],"picked":"Loop+1","floor":19},{"not_picked":["Recycle","Auto Shields+1"],"picked":"Doom and Gloom+1","floor":21},{"not_picked":["Streamline+1","Go for the Eyes"],"picked":"Blizzard","floor":24},{"not_picked":["Static Discharge","Scrape"],"picked":"Glacier","floor":25},{"not_picked":["Leap","Redo","Cold Snap"],"picked":"SKIP","floor":27},{"not_picked":["Genetic Algorithm","Steam Power","Turbo+1"],"picked":"SKIP","floor":28},{"not_picked":["Scrape","FTL","Go for the Eyes"],"picked":"SKIP","floor":30},{"not_picked":["Steam+1","Sweeping Beam+1","Undo"],"picked":"SKIP","floor":31},{"not_picked":["Reboot","Echo Form"],"picked":"Buffer","floor":33},{"not_picked":["Darkness","Gash+1","Redo"],"picked":"SKIP","floor":35},{"not_picked":["Lockon+1","Tempest+1","Reprogram+1"],"picked":"SKIP","floor":36},{"not_picked":["Leap","Stack","Reinforced Body"],"picked":"SKIP","floor":40},{"not_picked":["Gash+1","Turbo"],"picked":"Darkness+1","floor":42},{"not_picked":["Capacitor+1","Rip and Tear","Sweeping Beam+1"],"picked":"SKIP","floor":45},{"not_picked":["Darkness","Conserve Battery","Ball Lightning"],"picked":"SKIP","floor":46},{"not_picked":["Panacea","Enlightenment"],"picked":"The Bomb","floor":47},{"not_picked":["Stack+1","Hologram","Beam Cell+1"],"picked":"SKIP","floor":48}],"player_experience":201351,"relics_obtained":[{"floor":6,"key":"PreservedInsect"},{"floor":9,"key":"Bronze Scales"},{"floor":11,"key":"Toy Ornithopter"},{"floor":14,"key":"Mercury Hourglass"},{"floor":25,"key":"Letter Opener"},{"floor":26,"key":"Art of War"},{"floor":40,"key":"Bag of Marbles"},{"floor":42,"key":"Nunchaku"},{"floor":43,"key":"Smiling Mask"},{"floor":45,"key":"Anchor"}],"event_choices":[{"damage_healed":0,"gold_gain":0,"player_choice":"Ignored","damage_taken":0,"max_hp_gain":0,"max_hp_loss":0,"event_name":"WeMeetAgain","floor":2,"gold_loss":0},{"cards_removed":["Strike_B"],"damage_healed":0,"gold_gain":0,"player_choice":"Purged","damage_taken":0,"max_hp_gain":0,"max_hp_loss":0,"event_name":"Purifier","floor":10,"gold_loss":0},{"damage_healed":0,"gold_gain":0,"player_choice":"Upgraded Two","damage_taken":0,"max_hp_gain":0,"max_hp_loss":0,"event_name":"Designer","floor":20,"gold_loss":40,"cards_upgraded":["Strike_B","Static Discharge"]},{"damage_healed":0,"gold_gain":0,"player_choice":"Max HP","damage_taken":0,"max_hp_gain":0,"max_hp_loss":4,"event_name":"Winding Halls","floor":38,"gold_loss":0},{"damage_healed":0,"gold_gain":0,"player_choice":"Paid","damage_taken":0,"relics_obtained":["Red Mask"],"max_hp_gain":0,"max_hp_loss":0,"event_name":"Tomb of Lord Red Mask","floor":39,"gold_loss":138},{"damage_healed":0,"gold_gain":0,"player_choice":"Memory 1","damage_taken":0,"max_hp_gain":0,"max_hp_loss":0,"event_name":"SensoryStone","floor":47,"gold_loss":0}],"is_beta":true,"boss_relics":[{"not_picked":["Pandora\u0027s Box","Astrolabe"],"picked":"SacredBark"},{"not_picked":["Black Star","Runic Pyramid"],"picked":"Snecko Eye"}],"items_purged_floors":[7,37],"is_endless":false,"potions_floor_spawned":[1,3,12,13,14,19,27,28,31,33,36,40],"ascension_level":0}