{"gold_per_floor":[213,224,299,249,249,285,285,353,379,413,413,155,155,189,189,278,278,291,305,505,129,145,481,481,521,521,535,535,554,579,494,494,494],"floor_reached":33,"playtime":2147,"items_purged":["Strike_R","Strike_R"],"score":538,"play_id":"64e38c15-7543-4d78-99a5-236d96d7fe01","local_time":"20190111221106","is_ascension_mode":true,"campfire_choices":[{"floor":7,"key":"REST"},{"floor":11,"key":"REST"},{"data":"Bash","floor":13,"key":"SMITH"},{"data":"Flame Barrier","floor":15,"key":"SMITH"},{"data":"Clothesline","floor":24,"key":"SMITH"},{"data":"Rage","floor":28,"key":"SMITH"},{"data":"Heavy Blade","floor":32,"key":"SMITH"}],"neow_cost":"NONE","seed_source_timestamp":508114177494668,"circlet_count":0,"master_deck":["AscendersBane","Strike_R","Strike_R","Defend_R","Defend_R","Defend_R+1","Defend_R+1","Bash+1","Iron Wave","Reaper","Spot Weakness","Clothesline+1","Flame Barrier+1","Twin Strike","Double Tap","Feed","Heavy Blade+1","Sword Boomerang","Ghostly Armor","Flame Barrier","Rage+1","Pummel","Cleave"],"relics":["Burning Blood","Golden Idol","Vajra","Tiny Chest","Oddly Smooth Stone","Bottled Flame","Red Skull","Coffee Dripper","Sling","Old Coin","War Paint","Self Forming Clay","Ancient Tea Set"],"potions_floor_usage":[6,8,14,25,29,33],"damage_taken":[{"damage":4,"enemies":"Small Slimes","floor":1,"turns":4},{"damage":7,"enemies":"2 Louse","floor":2,"turns":3},{"damage":34,"enemies":"Gremlin Nob","floor":6,"turns":5},{"damage":35,"enemies":"Lagavulin","floor":8,"turns":6},{"damage":24,"enemies":"Gremlin Nob","floor":10,"turns":4},{"damage":13,"enemies":"3 Sentries","floor":14,"turns":7},{"damage":22,"enemies":"Slime Boss","floor":16,"turns":10},{"damage":22,"enemies":"Spheric Guardian","floor":18,"turns":4},{"damage":6,"enemies":"Chosen","floor":19,"turns":4},{"damage":18,"enemies":"Snake Plant","floor":22,"turns":5},{"damage":31,"enemies":"Gremlin Leader","floor":23,"turns":6},{"damage":34,"enemies":"Slavers","floor":25,"turns":6},{"damage":9,"enemies":"Sentry and Sphere","floor":27,"turns":4},{"damage":0,"enemies":"Snecko","floor":29,"turns":3},{"damage":3,"enemies":"Cultist and Chosen","floor":30,"turns":4},{"damage":101,"enemies":"Automaton","floor":33,"turns":10}],"seed_played":"8327700286258438679","potions_obtained":[{"floor":2,"key":"Swift Potion"},{"floor":6,"key":"PowerPotion"},{"floor":14,"key":"FairyPotion"},{"floor":23,"key":"Ancient Potion"},{"floor":27,"key":"EssenceOfSteel"},{"floor":29,"key":"Dexterity Potion"}],"is_trial":false,"path_per_floor":["M","M","?","?","?","E","R","E","T","E","R","$","R","E","R","B",null,"M","M","?","$","M","E","R","E","T","M","R","M","M","?","R","B"],"character_chosen":"IRONCLAD","items_purchased":["Flame Barrier","Twin Strike","Strength Potion","Ghostly Armor","Sling"],"campfire_rested":2,"item_purchase_floors":[12,12,12,21,21],"current_hp_per_floor":[74,73,62,62,62,38,60,45,45,32,54,54,54,68,68,52,69,53,60,60,60,53,41,41,16,16,13,13,19,22,22,22,0],"gold":494,"neow_bonus":"HUNDRED_GOLD","is_prod":false,"is_daily":false,"chose_seed":false,"campfire_upgraded":5,"win_rate":0,"timestamp":1547273466,"path_taken":["M","M","?","?","?","E","R","E","T","E","R","$","R","E","R","BOSS","M","M","?","$","M","E","R","E","T","M","R","?","M","?","R","BOSS"],"build_version":"2019-01-10","purchased_purges":2,"victory":false,"max_hp_per_floor":[80,80,80,80,74,74,74,74,74,74,74,74,74,74,74,74,74,74,74,74,74,74,74,74,77,77,77,77,77,77,77,77,77],"card_choices":[{"not_picked":["Heavy Blade","Dual Wield"],"picked":"Iron Wave","floor":1},{"not_picked":["Pommel Strike","Clothesline"],"picked":"Reaper","floor":2},{"not_picked":["Heavy Blade","Headbutt"],"picked":"Spot Weakness","floor":6},{"not_picked":["Havoc","Feel No Pain","Sentinel"],"picked":"SKIP","floor":8},{"not_picked":["Fire Breathing","Anger"],"picked":"Clothesline","floor":10},{"not_picked":["Battle Trance","Fiend Fire"],"picked":"Double Tap","floor":14},{"not_picked":["Impervious","Barricade"],"picked":"Feed","floor":16},{"not_picked":["Intimidate","Disarm"],"picked":"Heavy Blade","floor":18},{"not_picked":["Headbutt","Perfected Strike"],"picked":"Sword Boomerang","floor":19},{"not_picked":["Dark Embrace","Entrench","Warcry"],"picked":"SKIP","floor":22},{"not_picked":["Corruption","Headbutt+1","Dual Wield"],"picked":"SKIP","floor":23},{"not_picked":["Double Tap","Immolate"],"picked":"Flame Barrier","floor":25},{"not_picked":["Sword Boomerang","Intimidate"],"picked":"Rage","floor":27},{"not_picked":["Perfected Strike","Headbutt+1"],"picked":"Pummel","floor":29},{"not_picked":["Wild Strike+1","Reckless Charge+1"],"picked":"Cleave","floor":30}],"player_experience":428002,"relics_obtained":[{"floor":6,"key":"Vajra"},{"floor":8,"key":"Tiny Chest"},{"floor":9,"key":"Oddly Smooth Stone"},{"floor":10,"key":"Bottled Flame"},{"floor":14,"key":"Red Skull"},{"floor":23,"key":"Old Coin"},{"floor":25,"key":"War Paint"},{"floor":26,"key":"Self Forming Clay"}],"event_choices":[{"damage_healed":0,"gold_gain":75,"player_choice":"Gather Gold","damage_taken":11,"max_hp_gain":0,"max_hp_loss":0,"event_name":"World of Goop","floor":3,"gold_loss":0},{"cards_removed":["Strike_R"],"damage_healed":0,"gold_gain":0,"player_choice":"Card Removal","damage_taken":0,"max_hp_gain":0,"max_hp_loss":0,"event_name":"The Cleric","floor":4,"gold_loss":50},{"damage_healed":0,"gold_gain":0,"player_choice":"Lose Max HP","damage_taken":0,"relics_obtained":["Golden Idol"],"max_hp_gain":0,"max_hp_loss":6,"event_name":"Golden Idol","floor":5,"gold_loss":0},{"damage_healed":0,"gold_gain":200,"player_choice":"Gold","damage_taken":0,"max_hp_gain":0,"max_hp_loss":0,"event_name":"Wheel of Change","floor":20,"gold_loss":0},{"damage_healed":0,"gold_gain":0,"player_choice":"Obtained Relic","damage_taken":0,"relics_obtained":["Ancient Tea Set"],"max_hp_gain":0,"max_hp_loss":0,"event_name":"Addict","floor":31,"gold_loss":85}],"is_beta":false,"boss_relics":[{"not_picked":["White Beast Statue","Empty Cage"],"picked":"Coffee Dripper"}],"items_purged_floors":[12,21],"is_endless":false,"potions_floor_spawned":[2,6,14,23,27,29],"killed_by":"Automaton","ascension_level":13}