{"gold_per_floor":[113,125,2,16,16,46,46,62,62,62,87,87,104,116,116,218,218,232,232,63,78,90,120,120,139,139,18,34,45,59,9,9,109,109,124,135,0,100,32,32,43,43,43,43,57,17,36,52,52,52],"floor_reached":51,"playtime":6756,"items_purged":["Strike_G","Strike_G","Strike_G","Strike_G"],"score":648,"play_id":"f37458a8-7444-4f14-8d5d-c2228b5a115a","local_time":"20190904003550","is_ascension_mode":false,"campfire_choices":[{"data":"Neutralize","floor":7.0,"key":"SMITH"},{"data":"Deadly Poison","floor":10.0,"key":"SMITH"},{"floor":15.0,"key":"REST"},{"data":"After Image","floor":24,"key":"SMITH"},{"data":"Caltrops","floor":32,"key":"SMITH"},{"floor":40,"key":"RECALL"},{"data":"Footwork","floor":49,"key":"SMITH"}],"neow_cost":"NONE","seed_source_timestamp":0,"circlet_count":0,"master_deck":["Defend_G","Defend_G","Defend_G","Defend_G","Defend_G","Survivor","Neutralize+1","PiercingWail","Noxious Fumes+1","Flying Knee","Deadly Poison+1","Deadly Poison","After Image+1","Die Die Die","Predator","Skewer","Well Laid Plans","Acrobatics+1","Caltrops+1","Leg Sweep+1","Catalyst+1","Night Terror+1","Bane+1","Backstab+1","Corpse Explosion+1","Panacea+1","PiercingWail+1","Footwork+1","Bouncing Flask+1","Parasite","Outmaneuver+1"],"special_seed":0,"relics":["Ring of the Snake","Art of War","Anchor","Smiling Mask","Pen Nib","Coffee Dripper","Toxic Egg 2","Orichalcum","Snecko Eye","Red Mask","FossilizedHelix","Singing Bowl"],"potions_floor_usage":[22,29,30,33,33,33,35,47,50],"damage_taken":[{"damage":0.0,"enemies":"Jaw Worm","floor":1.0,"turns":4.0},{"damage":1.0,"enemies":"Cultist","floor":2.0,"turns":4.0},{"damage":0.0,"enemies":"Small Slimes","floor":4.0,"turns":5.0},{"damage":27.0,"enemies":"Gremlin Nob","floor":6.0,"turns":6.0},{"damage":0.0,"enemies":"Red Slaver","floor":8.0,"turns":3.0},{"damage":0.0,"enemies":"Blue Slaver","floor":13.0,"turns":3.0},{"damage":0.0,"enemies":"Looter","floor":14.0,"turns":3.0},{"damage":14.0,"enemies":"The Guardian","floor":16.0,"turns":9.0},{"damage":0,"enemies":"Shell Parasite","floor":18,"turns":5},{"damage":0,"enemies":"3 Byrds","floor":21,"turns":4},{"damage":14,"enemies":"Sentry and Sphere","floor":22,"turns":5},{"damage":21,"enemies":"Slavers","floor":23,"turns":5},{"damage":8,"enemies":"3 Cultists","floor":25,"turns":5},{"damage":5,"enemies":"Snake Plant","floor":28,"turns":4},{"damage":0,"enemies":"Chosen and Byrds","floor":29,"turns":4},{"damage":8,"enemies":"Centurion and Healer","floor":30,"turns":4},{"damage":23,"enemies":"Automaton","floor":33,"turns":8},{"damage":5,"enemies":"3 Shapes","floor":35,"turns":3},{"damage":0,"enemies":"Orb Walker","floor":36,"turns":4},{"damage":7,"enemies":"Mind Bloom Boss Battle","floor":38,"turns":6},{"damage":0,"enemies":"Maw","floor":41,"turns":7},{"damage":0,"enemies":"Transient","floor":45,"turns":5},{"damage":5,"enemies":"Sphere and 2 Shapes","floor":47,"turns":5},{"damage":0,"enemies":"Writhing Mass","floor":48,"turns":5},{"damage":35,"enemies":"Time Eater","floor":50,"turns":13}],"seed_played":"8806440507209520954","potions_obtained":[{"floor":4.0,"key":"SpeedPotion"},{"floor":8.0,"key":"SpeedPotion"},{"floor":14.0,"key":"Weak Potion"},{"floor":16.0,"key":"GamblersBrew"},{"floor":18,"key":"Strength Potion"},{"floor":22,"key":"Swift Potion"},{"floor":29,"key":"Regen Potion"},{"floor":30,"key":"LiquidBronze"},{"floor":33,"key":"Fruit Juice"},{"floor":45,"key":"Poison Potion"},{"floor":48,"key":"SpeedPotion"}],"is_trial":false,"path_per_floor":["M","M","$","M","?","E","R","M","T","R","T","?","M","M","R","B",null,"M","?","$","M","M","E","R","M","T","$","M","M","M","$","R","B",null,"M","M","?","?","$","R","M","?","T","?","M","$","M","M","R","B",null],"character_chosen":"THE_SILENT","items_purchased":["Block Potion","Skewer","Well Laid Plans","Catalyst+1","Corpse Explosion+1","Footwork"],"campfire_rested":1,"item_purchase_floors":[3,20,20,27,39,46],"current_hp_per_floor":[70,69,69,69,69,42,42,42,42,42,42,35,35,35,56,42,70,70,70,70,70,56,35,35,27,27,27,22,22,28,28,28,5,70,70,70,70,63,63,63,63,63,63,63,63,63,58,58,58,23],"gold":52,"neow_bonus":"RANDOM_COMMON_RELIC","is_prod":false,"is_daily":false,"chose_seed":false,"campfire_upgraded":5,"win_rate":0,"timestamp":1567571750,"path_taken":["M","M","$","M","?","E","R","?","T","R","?","?","M","M","R","BOSS","M","?","$","?","M","E","R","M","T","?","M","M","M","$","R","BOSS","M","M","?","?","$","R","M","?","T","?","M","$","?","M","R","BOSS"],"build_version":"2019-07-17","purchased_purges":4,"victory":true,"max_hp_per_floor":[70,70,70,70,70,70,70,70,70,70,70,70,70,70,70,70,70,70,70,70,70,70,70,70,70,70,70,70,70,70,70,70,70,70,75,75,75,75,75,75,75,75,75,75,75,75,75,75,75,75],"card_choices":[{"not_picked":["Deflect","Terror"],"picked":"PiercingWail","floor":1.0},{"not_picked":["Expertise","Slice"],"picked":"Noxious Fumes","floor":2.0},{"not_picked":["All Out Attack","Blade Dance"],"picked":"Flying Knee","floor":4.0},{"not_picked":["Storm of Steel","Prepared"],"picked":"Deadly Poison","floor":6.0},{"not_picked":["Quick Slash","Dagger Throw"],"picked":"Deadly Poison","floor":8.0},{"not_picked":["Underhanded Strike","Dagger Throw","Deadly Poison"],"picked":"SKIP","floor":13.0},{"not_picked":["Dagger Throw","Distraction"],"picked":"After Image","floor":14.0},{"not_picked":["Venomology","Unload"],"picked":"Die Die Die","floor":16.0},{"not_picked":["Deflect","Dash"],"picked":"Predator","floor":18},{"not_picked":["Dagger Throw","Accuracy+1"],"picked":"Acrobatics+1","floor":21},{"not_picked":["Heel Hook","Flying Knee","Underhanded Strike"],"picked":"SKIP","floor":22},{"not_picked":["Storm of Steel","Tools of the Trade"],"picked":"Caltrops","floor":23},{"not_picked":["Cloak And Dagger+1","Terror+1"],"picked":"Leg Sweep+1","floor":25},{"not_picked":["Slice","Distraction+1","Infinite Blades"],"picked":"SKIP","floor":28},{"not_picked":["Predator","Underhanded Strike","Sucker Punch"],"picked":"SKIP","floor":29},{"not_picked":["Flying Knee","Prepared+1"],"picked":"Dagger Spray","floor":30},{"not_picked":["Malaise+1","After Image"],"picked":"Night Terror+1","floor":33},{"not_picked":["All Out Attack","Setup+1"],"picked":"Bane+1","floor":35},{"not_picked":["Flechettes+1","Slice+1","Prepared+1"],"picked":"SKIP","floor":36},{"not_picked":["Tactician+1","Reflex+1"],"picked":"Backstab+1","floor":38},{"not_picked":["Predator","Backstab","Underhanded Strike"],"picked":"SKIP","floor":41},{"not_picked":["Transmutation+1","Mayhem"],"picked":"Panacea+1","floor":44},{"not_picked":["Backflip+1","Riddle With Holes+1"],"picked":"PiercingWail+1","floor":45},{"not_picked":["Dash","PiercingWail+1"],"picked":"Bouncing Flask+1","floor":47},{"not_picked":["Blade Dance+1","Expertise+1"],"picked":"Outmaneuver+1","floor":48}],"player_experience":233724,"relics_obtained":[{"floor":6.0,"key":"Anchor"},{"floor":9.0,"key":"Smiling Mask"},{"floor":11.0,"key":"Pen Nib"},{"floor":23,"key":"Toxic Egg 2"},{"floor":26,"key":"Orichalcum"},{"floor":38,"key":"FossilizedHelix"},{"floor":43,"key":"Singing Bowl"}],"event_choices":[{"damage_healed":0.0,"max_hp_gain":0.0,"max_hp_loss":0.0,"gold_gain":0.0,"event_name":"Accursed Blacksmith","player_choice":"Forge","floor":5.0,"gold_loss":0.0,"damage_taken":0.0,"cards_upgraded":["Noxious Fumes"]},{"cards_removed":["Strike_G"],"damage_healed":0.0,"max_hp_gain":0.0,"max_hp_loss":0.0,"gold_gain":0.0,"event_name":"Golden Wing","player_choice":"Card Removal","floor":12.0,"gold_loss":0.0,"damage_taken":7.0},{"damage_healed":0,"gold_gain":0,"player_choice":"Ignored","damage_taken":0,"max_hp_gain":0,"max_hp_loss":0,"event_name":"N\u0027loth","floor":19,"gold_loss":0},{"damage_healed":0,"gold_gain":0,"player_choice":"Paid","damage_taken":0,"relics_obtained":["Red Mask"],"max_hp_gain":0,"max_hp_loss":0,"event_name":"Tomb of Lord Red Mask","floor":37,"gold_loss":135},{"damage_healed":0,"gold_gain":0,"player_choice":"Fight","damage_taken":0,"max_hp_gain":0,"max_hp_loss":0,"event_name":"MindBloom","floor":38,"gold_loss":0},{"cards_removed":["Dagger Spray"],"damage_healed":0,"gold_gain":0,"player_choice":"Removed Attack","damage_taken":0,"max_hp_gain":0,"max_hp_loss":0,"event_name":"Falling","floor":42,"gold_loss":0},{"damage_healed":0,"gold_gain":0,"player_choice":"Memory 1","damage_taken":0,"max_hp_gain":0,"max_hp_loss":0,"event_name":"SensoryStone","floor":44,"gold_loss":0}],"is_beta":false,"boss_relics":[{"not_picked":["WristBlade","Runic Pyramid"],"picked":"Coffee Dripper"},{"not_picked":["HoveringKite","Empty Cage"],"picked":"Snecko Eye"}],"items_purged_floors":[3,20,27,31],"is_endless":false,"potions_floor_spawned":[4,8,14,16,18,22,29,30,33,45,48],"ascension_level":0}