{"gold_per_floor":[112,129,52,52,0,0,0,0,51,126,126,58,58,83,83,212,212,236,236,236,110,137,181,181,199,199,212,237,237],"floor_reached":29,"playtime":2337,"items_purged":["Writhe"],"score":229,"play_id":"f333cdd9-3fbb-46f0-b1f2-a5ae2869f368","local_time":"20190723195348","is_ascension_mode":false,"campfire_choices":[{"floor":6,"key":"REST"},{"floor":11,"key":"REST"},{"data":"Blur","floor":15,"key":"SMITH"},{"floor":24,"key":"REST"}],"neow_cost":"PERCENT_DAMAGE","seed_source_timestamp":137845884175120,"circlet_count":0,"master_deck":["Strike_G","Strike_G","Strike_G","Strike_G+1","Strike_G+1","Defend_G","Defend_G","Defend_G","Defend_G","Survivor","Neutralize","Sucker Punch","Terror","Blur+1","Underhanded Strike","Injury","Caltrops","Dagger Throw","Die Die Die","Acrobatics","Heel Hook","Catalyst","Backstab+1","Dagger Spray","Poisoned Stab","Well Laid Plans+1","Dodge and Roll"],"relics":["Ring of the Snake","Golden Idol","Smiling Mask","Boot","White Beast Statue","Vajra","Dream Catcher","Shuriken","The Specimen"],"potions_floor_usage":[18,18,23,23,27,28,29],"damage_taken":[{"damage":0,"enemies":"2 Louse","floor":1,"turns":3},{"damage":0,"enemies":"Jaw Worm","floor":2,"turns":5},{"damage":7,"enemies":"Small Slimes","floor":14,"turns":4},{"damage":30,"enemies":"Hexaghost","floor":16,"turns":12},{"damage":14,"enemies":"Spheric Guardian","floor":18,"turns":4},{"damage":59,"enemies":"Book of Stabbing","floor":23,"turns":7},{"damage":10,"enemies":"2 Thieves","floor":25,"turns":2},{"damage":25,"enemies":"Centurion and Healer","floor":27,"turns":4},{"damage":0,"enemies":"Chosen and Byrds","floor":28,"turns":4},{"damage":3,"enemies":"3 Cultists","floor":29,"turns":2}],"seed_played":"-5145670057164595311","potions_obtained":[{"floor":14,"key":"SkillPotion"},{"floor":16,"key":"Poison Potion"},{"floor":18,"key":"AttackPotion"},{"floor":23,"key":"Ancient Potion"},{"floor":25,"key":"AttackPotion"},{"floor":27,"key":"AttackPotion"},{"floor":28,"key":"Poison Potion"}],"is_trial":false,"path_per_floor":["M","M","$","?","$","R","?","?","T","?","R","$","T","M","R","B",null,"M","?","?","$","T","E","R","M","T","M","M","M"],"character_chosen":"THE_SILENT","items_purchased":["Blur","Energy Potion","Caltrops","Catalyst"],"campfire_rested":3,"item_purchase_floors":[3,5,12,21],"current_hp_per_floor":[63,63,63,46,46,71,71,71,71,60,84,84,84,77,77,47,84,70,70,70,70,70,11,36,26,26,1,1,0],"gold":237,"neow_bonus":"TWENTY_PERCENT_HP_BONUS","is_prod":false,"is_daily":false,"chose_seed":false,"campfire_upgraded":1,"win_rate":0.0,"timestamp":1563926028,"path_taken":["M","M","$","?","$","R","?","?","T","?","R","$","?","M","R","BOSS","M","?","?","$","?","E","R","M","T","M","M","M"],"build_version":"2019-07-17","purchased_purges":1,"victory":false,"max_hp_per_floor":[84,84,84,84,84,84,84,84,84,84,84,84,84,84,84,84,84,84,84,84,84,84,84,84,84,84,84,84,84],"card_choices":[{"not_picked":["Acrobatics","Infinite Blades"],"picked":"Sucker Punch","floor":1},{"not_picked":["Dash","Choke"],"picked":"Terror","floor":2},{"not_picked":["Dodge and Roll","Underhanded Strike"],"picked":"Dagger Throw","floor":14},{"not_picked":["Tools of the Trade","After Image"],"picked":"Die Die Die","floor":16},{"not_picked":["Caltrops","Riddle With Holes"],"picked":"Acrobatics","floor":18},{"not_picked":["Flying Knee+1","Footwork+1"],"picked":"Backstab+1","floor":23},{"not_picked":["Bane","Skewer"],"picked":"Dagger Spray","floor":24},{"not_picked":["Terror+1","Backflip"],"picked":"Poisoned Stab","floor":25},{"not_picked":["Outmaneuver","Choke"],"picked":"Well Laid Plans+1","floor":27},{"not_picked":["Deadly Poison","Dagger Throw"],"picked":"Dodge and Roll","floor":28}],"player_experience":124040,"relics_obtained":[{"floor":9,"key":"Smiling Mask"},{"floor":13,"key":"Boot"},{"floor":22,"key":"Dream Catcher"},{"floor":23,"key":"Shuriken"},{"floor":26,"key":"The Specimen"}],"event_choices":[{"damage_healed":0,"gold_gain":0,"player_choice":"Entered Light","damage_taken":17,"max_hp_gain":0,"max_hp_loss":0,"event_name":"Shining Light","floor":4,"gold_loss":0,"cards_upgraded":["Strike_G","Strike_G"]},{"damage_healed":0,"gold_gain":0,"cards_transformed":["Defend_G"],"player_choice":"Change","damage_taken":0,"max_hp_gain":0,"max_hp_loss":0,"event_name":"Living Wall","floor":7,"gold_loss":0,"cards_obtained":["Underhanded Strike"]},{"damage_healed":0,"gold_gain":0,"player_choice":"Take Wound","damage_taken":0,"relics_obtained":["Golden Idol"],"max_hp_gain":0,"max_hp_loss":0,"event_name":"Golden Idol","floor":8,"gold_loss":0,"cards_obtained":["Injury"]},{"damage_healed":0,"gold_gain":75,"player_choice":"Gather Gold","damage_taken":11,"max_hp_gain":0,"max_hp_loss":0,"event_name":"World of Goop","floor":10,"gold_loss":0},{"damage_healed":0,"gold_gain":0,"player_choice":"Read","damage_taken":0,"max_hp_gain":0,"max_hp_loss":0,"event_name":"The Library","floor":19,"gold_loss":0,"cards_obtained":["Heel Hook"]},{"damage_healed":0,"gold_gain":0,"player_choice":"Opened","damage_taken":0,"relics_obtained":["Vajra"],"max_hp_gain":0,"max_hp_loss":0,"event_name":"The Mausoleum","floor":20,"gold_loss":0,"cards_obtained":["Writhe"]}],"is_beta":false,"boss_relics":[{"not_picked":["Coffee Dripper","Calling Bell"],"picked":"White Beast Statue"}],"items_purged_floors":[21],"is_endless":false,"potions_floor_spawned":[14,16,18,23,25,27,28],"killed_by":"3 Cultists","ascension_level":0}