{"gold_per_floor":[17,17,28,28,43,43,61,61,86,104,140,161,161,197,197,295,295,295,295,295,295,19,19,19,19,19,19,19,19,19,19,19,19,19,19,19,19,0,0,0,0,0,0,0,0,0,0,0,0,0],"floor_reached":50,"playtime":3936,"items_purged":[],"score":858,"play_id":"e5ff0934-ae21-45c9-8deb-a08d2b910f7e","local_time":"20190208015850","is_ascension_mode":true,"campfire_choices":[{"data":"True Grit","floor":6,"key":"SMITH"},{"data":"Whirlwind","floor":8,"key":"SMITH"},{"data":"Flame Barrier","floor":13,"key":"SMITH"},{"data":"Flame Barrier","floor":15,"key":"SMITH"},{"data":"Demon Form","floor":23,"key":"SMITH"},{"data":"Bloodletting","floor":25,"key":"SMITH"},{"data":"Pommel Strike","floor":28,"key":"SMITH"},{"floor":32,"key":"REST"},{"data":"Berserk","floor":40,"key":"SMITH"},{"data":"Fiend Fire","floor":45,"key":"SMITH"},{"data":"Shockwave","floor":47,"key":"SMITH"},{"floor":49,"key":"REST"}],"neow_cost":"NO_GOLD","seed_source_timestamp":359693460639761,"circlet_count":0,"master_deck":["AscendersBane","Strike_R","Strike_R","Defend_R","Defend_R","Defend_R","Bash","Whirlwind+1","Blood for Blood","True Grit+1","Shrug It Off","Bloodletting+1","Cleave","Shockwave+1","Flame Barrier+1","Flame Barrier+1","Demon Form+1","Pommel Strike+1","Headbutt+1","Shrug It Off","Berserk+1","Entrench+1","Bludgeon","Fiend Fire+1","Madness","Madness"],"relics":["Burning Blood","Golden Idol","Juzu Bracelet","Odd Mushroom","Pen Nib","Ectoplasm","Matryoshka","Lantern","Anchor","Nloth\u0027s Gift","Art of War","Pear","Eternal Feather","Old Coin","Red Mask","Ancient Tea Set","MawBank"],"potions_floor_usage":[11,16,33,33,44],"damage_taken":[{"damage":7,"enemies":"Jaw Worm","floor":1,"turns":3},{"damage":0,"enemies":"2 Louse","floor":3,"turns":2},{"damage":8,"enemies":"Small Slimes","floor":5,"turns":2},{"damage":3,"enemies":"Blue Slaver","floor":7,"turns":7},{"damage":9,"enemies":"Exordium Thugs","floor":10,"turns":4},{"damage":3,"enemies":"The Mushroom Lair","floor":11,"turns":1},{"damage":6,"enemies":"Looter","floor":12,"turns":2},{"damage":13,"enemies":"3 Sentries","floor":14,"turns":3},{"damage":59,"enemies":"Hexaghost","floor":16,"turns":12},{"damage":29,"enemies":"Spheric Guardian","floor":18,"turns":7},{"damage":37,"enemies":"3 Byrds","floor":24,"turns":3},{"damage":0,"enemies":"Centurion and Healer","floor":30,"turns":5},{"damage":4,"enemies":"Champ","floor":33,"turns":10},{"damage":2,"enemies":"3 Shapes","floor":35,"turns":4},{"damage":20,"enemies":"Mind Bloom Boss Battle","floor":36,"turns":6},{"damage":68,"enemies":"Giant Head","floor":41,"turns":9},{"damage":12,"enemies":"3 Darklings","floor":42,"turns":4},{"damage":11,"enemies":"Transient","floor":44,"turns":6},{"damage":64,"enemies":"Time Eater","floor":50,"turns":11}],"seed_played":"3383848155188273360","potions_obtained":[{"floor":1,"key":"PowerPotion"},{"floor":3,"key":"Swift Potion"},{"floor":7,"key":"Weak Potion"},{"floor":11,"key":"Fruit Juice"},{"floor":24,"key":"BloodPotion"},{"floor":30,"key":"SteroidPotion"},{"floor":42,"key":"GamblersBrew"}],"is_trial":false,"path_per_floor":["M","?","M","?","M","R","M","R","T","M","?","M","R","E","R","B",null,"M","?","?","T","$","R","M","R","T","$","R","?","M","T","R","B",null,"M","?","?","?","?","R","E","M","T","M","R","$","R","?","R","B"],"character_chosen":"IRONCLAD","items_purchased":["Matryoshka"],"campfire_rested":2,"item_purchase_floors":[22],"current_hp_per_floor":[67,60,66,66,64,64,67,67,67,64,72,72,72,65,65,12,58,35,50,50,50,50,50,19,19,19,19,19,19,25,35,59,69,80,83,69,69,69,69,81,19,13,13,8,20,20,32,17,56,0],"gold":0,"neow_bonus":"TRANSFORM_TWO_CARDS","is_prod":false,"is_daily":false,"chose_seed":false,"campfire_upgraded":10,"win_rate":0,"timestamp":1549619930,"path_taken":["M","?","M","?","M","R","M","R","T","M","?","M","R","E","R","BOSS","M","?","?","?","$","R","M","R","T","?","R","?","M","?","R","BOSS","M","?","?","?","?","R","E","M","T","M","R","$","R","?","R","BOSS"],"build_version":"2019-01-23","purchased_purges":0,"victory":false,"max_hp_per_floor":[75,75,75,68,68,68,68,68,68,68,73,73,73,73,73,73,73,73,73,73,73,73,73,73,73,73,73,73,73,73,83,83,83,83,83,83,83,83,83,83,83,83,83,83,83,83,83,83,83,83],"card_choices":[{"not_picked":["Corruption","Dual Wield"],"picked":"True Grit","floor":1},{"not_picked":["Flex","Warcry"],"picked":"Shrug It Off","floor":3},{"not_picked":["Flex","Entrench","Thunderclap"],"picked":"SKIP","floor":5},{"not_picked":["Fire Breathing","Wild Strike"],"picked":"Bloodletting","floor":7},{"not_picked":["Fire Breathing","Flex"],"picked":"Cleave","floor":10},{"not_picked":["Seeing Red","Burning Pact"],"picked":"Shockwave","floor":11},{"not_picked":["Iron Wave","Anger"],"picked":"Flame Barrier","floor":12},{"not_picked":["Fiend Fire","Battle Trance"],"picked":"Flame Barrier","floor":14},{"not_picked":["Immolate","Feed"],"picked":"Demon Form","floor":16},{"not_picked":["Anger","Flex"],"picked":"Pommel Strike","floor":18},{"not_picked":["Combust","Sword Boomerang","Havoc"],"picked":"Headbutt+1","floor":24},{"not_picked":["Clothesline","Perfected Strike"],"picked":"Shrug It Off","floor":30},{"not_picked":["Brutality","Exhume"],"picked":"Berserk","floor":33},{"not_picked":["Anger","Seeing Red","Pommel Strike"],"picked":"SKIP","floor":35},{"not_picked":["Disarm","Whirlwind"],"picked":"Entrench+1","floor":36},{"not_picked":["Headbutt","Clash"],"picked":"Bludgeon","floor":41},{"not_picked":["Body Slam","Spot Weakness","Second Wind"],"picked":"SKIP","floor":42},{"not_picked":["Perfected Strike+1","Armaments"],"picked":"Fiend Fire","floor":44}],"player_experience":568492,"relics_obtained":[{"floor":9,"key":"Juzu Bracelet"},{"floor":11,"key":"Odd Mushroom"},{"floor":14,"key":"Pen Nib"},{"floor":21,"key":"Question Card"},{"floor":26,"key":"Lantern"},{"floor":26,"key":"Anchor"},{"floor":31,"key":"Art of War"},{"floor":31,"key":"Pear"},{"floor":36,"key":"Old Coin"},{"floor":41,"key":"Ancient Tea Set"},{"floor":43,"key":"MawBank"}],"event_choices":[{"cards_removed":["Strike_R"],"damage_healed":0,"gold_gain":0,"player_choice":"Card Removal","damage_taken":7,"max_hp_gain":0,"max_hp_loss":0,"event_name":"Golden Wing","floor":2,"gold_loss":0},{"damage_healed":0,"gold_gain":0,"player_choice":"Lose Max HP","damage_taken":0,"relics_obtained":["Golden Idol"],"max_hp_gain":0,"max_hp_loss":7,"event_name":"Golden Idol","floor":4,"gold_loss":0},{"damage_healed":0,"gold_gain":0,"player_choice":"Fought Mushrooms","damage_taken":0,"max_hp_gain":0,"max_hp_loss":0,"event_name":"Mushrooms","floor":11,"gold_loss":0},{"damage_healed":15,"gold_gain":0,"player_choice":"Heal","damage_taken":0,"max_hp_gain":0,"max_hp_loss":0,"event_name":"The Library","floor":19,"gold_loss":0},{"damage_healed":0,"gold_gain":0,"player_choice":"Ignored","damage_taken":0,"max_hp_gain":0,"max_hp_loss":0,"event_name":"Vampires","floor":20,"gold_loss":0},{"damage_healed":0,"gold_gain":0,"player_choice":"Traded Relic","damage_taken":0,"relics_obtained":["Nloth\u0027s Gift"],"max_hp_gain":0,"max_hp_loss":0,"event_name":"N\u0027loth","floor":29,"relics_lost":["Question Card"],"gold_loss":0},{"damage_healed":0,"gold_gain":0,"player_choice":"Fight","damage_taken":0,"max_hp_gain":0,"max_hp_loss":0,"event_name":"MindBloom","floor":36,"gold_loss":0},{"cards_removed":["Strike_R"],"damage_healed":0,"gold_gain":0,"player_choice":"Offered Basic","damage_taken":0,"max_hp_gain":0,"max_hp_loss":0,"event_name":"Bonfire Elementals","floor":37,"gold_loss":0},{"damage_healed":0,"gold_gain":0,"player_choice":"Paid","damage_taken":0,"relics_obtained":["Red Mask"],"max_hp_gain":0,"max_hp_loss":0,"event_name":"Tomb of Lord Red Mask","floor":38,"gold_loss":19},{"damage_healed":0,"gold_gain":0,"player_choice":"Ignored","damage_taken":0,"max_hp_gain":0,"max_hp_loss":0,"event_name":"Mysterious Sphere","floor":39,"gold_loss":0},{"damage_healed":0,"gold_gain":0,"player_choice":"Embrace Madness","damage_taken":15,"max_hp_gain":0,"max_hp_loss":0,"event_name":"Winding Halls","floor":48,"gold_loss":0,"cards_obtained":["Madness","Madness"]}],"is_beta":false,"boss_relics":[{"not_picked":["Orrery","Fusion Hammer"],"picked":"Ectoplasm"},{"not_picked":["Snecko Eye","Lizard Tail"],"picked":"Eternal Feather"}],"items_purged_floors":[],"is_endless":false,"potions_floor_spawned":[1,3,7,11,24,30,42],"killed_by":"Time Eater","ascension_level":17}