{"gold_per_floor":[112,37,50,50,68,68,96,126,126,145,165,184,210,32,32,132,132,150,176,176,30,47,60,134,134,134,134,153,153,163,187,187,285,285,303,378,389,3,3,3,35,35,35,55,73,73,90,120,120,120],"floor_reached":50,"playtime":5700,"items_purged":["Writhe","Defend_B"],"score":721,"play_id":"51b439fa-79d0-4c91-969e-d60cd51c2171","local_time":"20181210181752","is_ascension_mode":true,"campfire_choices":[{"data":"Mind Blast","floor":6,"key":"SMITH"},{"data":"Genetic Algorithm","floor":15,"key":"SMITH"},{"floor":25,"key":"REST"},{"floor":27,"key":"REST"},{"data":"Darkness","floor":29,"key":"SMITH"},{"floor":32,"key":"REST"},{"data":"Coolheaded","floor":40,"key":"SMITH"},{"data":"Reinforced Body","floor":42,"key":"SMITH"},{"data":"Dualcast","floor":49,"key":"SMITH"}],"neow_cost":"CURSE","seed_source_timestamp":79151971851570,"circlet_count":0,"master_deck":["Strike_B","Strike_B","Strike_B","Defend_B","Defend_B","Defend_B","Zap","Dualcast+1","Forethought","Mind Blast+1","Turbo","Darkness+1","Ball Lightning","Electrodynamics","Reinforced Body+1","Stack+1","Steam Power","Glacier+1","Genetic Algorithm+1","Stack","Good Instincts","Coolheaded+1","Buffer+1","Turbo+1","Doom and Gloom","Steam Power","Defragment+1","Fusion","Aggregate+1","Auto Shields+1","Creative AI+1","Ball Lightning+1","Glacier+1","Turbo+1","Hologram+1","Redo+1","Echo Form+1","Steam+1","Beam Cell+1","Conserve Battery+1","Double Energy+1","Stack+1","Reprogram+1","Force Field+1","Chaos+1","Fusion+1","Capacitor+1"],"relics":["Cracked Core","Gambling Chip","Tiny Chest","Frozen Egg 2","Prayer Wheel","Philosopher\u0027s Stone","Red Mask","Darkstone Periapt","Kunai","DataDisk","Eternal Feather","Symbiotic Virus","War Paint","The Courier","Molten Egg 2"],"potions_floor_usage":[12,13,16,18,33,37,47,48,50,50],"damage_taken":[{"damage":2,"enemies":"Jaw Worm","floor":1,"turns":5},{"damage":0,"enemies":"Cultist","floor":3,"turns":4},{"damage":2,"enemies":"2 Louse","floor":5,"turns":2},{"damage":15,"enemies":"3 Sentries","floor":7,"turns":3},{"damage":23,"enemies":"Exordium Thugs","floor":10,"turns":4},{"damage":0,"enemies":"3 Louse","floor":11,"turns":3},{"damage":3,"enemies":"Blue Slaver","floor":12,"turns":4},{"damage":0,"enemies":"Lagavulin","floor":13,"turns":6},{"damage":26,"enemies":"Slime Boss","floor":16,"turns":10},{"damage":0,"enemies":"Shell Parasite","floor":18,"turns":4},{"damage":35,"enemies":"Masked Bandits","floor":19,"turns":4},{"damage":14,"enemies":"Colosseum Slavers","floor":20,"turns":2},{"damage":0,"enemies":"Chosen","floor":22,"turns":4},{"damage":3,"enemies":"Sentry and Sphere","floor":23,"turns":5},{"damage":16,"enemies":"Snecko","floor":28,"turns":4},{"damage":6,"enemies":"Snake Plant","floor":30,"turns":5},{"damage":13,"enemies":"Automaton","floor":33,"turns":9},{"damage":1,"enemies":"Orb Walker","floor":35,"turns":4},{"damage":4,"enemies":"3 Shapes","floor":37,"turns":2},{"damage":12,"enemies":"Nemesis","floor":41,"turns":9},{"damage":0,"enemies":"Transient","floor":44,"turns":5},{"damage":3,"enemies":"4 Shapes","floor":45,"turns":5},{"damage":0,"enemies":"Maw","floor":47,"turns":7},{"damage":14,"enemies":"Giant Head","floor":48,"turns":8},{"damage":94,"enemies":"Awakened One","floor":50,"turns":13}],"seed_played":"4483568678476140489","potions_obtained":[{"floor":3,"key":"SteroidPotion"},{"floor":11,"key":"Regen Potion"},{"floor":12,"key":"SkillPotion"},{"floor":13,"key":"PowerPotion"},{"floor":16,"key":"SneckoOil"},{"floor":19,"key":"Energy Potion"},{"floor":28,"key":"PowerPotion"},{"floor":33,"key":"Explosive Potion"},{"floor":37,"key":"Block Potion"},{"floor":45,"key":"SteroidPotion"},{"floor":47,"key":"Fire Potion"}],"is_trial":false,"path_per_floor":["M","$","M","?","M","R","E","?","T","M","M","M","E","$","R","B",null,"M","?","?","$","M","M","T","R","T","R","M","R","M","T","R","B",null,"M","?","M","$","?","R","E","R","T","M","M","?","M","E","R","B"],"character_chosen":"DEFECT","items_purchased":["Stack","Good Instincts","Coolheaded","Defragment+1","Fusion","Symbiotic Virus","Double Energy"],"campfire_rested":3,"item_purchase_floors":[14,14,14,21,21,38,38],"current_hp_per_floor":[73,73,73,73,71,71,56,56,56,33,33,42,42,42,42,16,60,60,25,11,11,11,8,8,30,30,52,36,36,30,30,52,39,66,65,58,54,54,54,75,63,75,75,75,72,72,72,58,75,0],"gold":120,"neow_bonus":"RANDOM_COLORLESS_2","is_prod":false,"is_daily":false,"chose_seed":false,"campfire_upgraded":6,"win_rate":0,"timestamp":1544494672,"path_taken":["M","$","M","?","?","R","E","?","T","M","M","M","E","?","R","BOSS","M","?","?","$","M","M","?","R","T","R","?","R","M","?","R","BOSS","M","?","?","$","?","R","E","R","T","M","?","?","?","E","R","BOSS"],"build_version":"2018-12-06","purchased_purges":2,"victory":false,"max_hp_per_floor":[75,75,75,75,75,75,75,75,75,75,75,75,75,75,75,75,75,75,75,75,75,75,75,75,75,75,75,75,75,75,75,75,75,75,75,75,75,75,75,75,75,75,75,75,75,75,75,75,75,75],"card_choices":[{"not_picked":["Streamline","Beam Cell"],"picked":"Turbo","floor":1},{"not_picked":["Gash","Cold Snap"],"picked":"Darkness","floor":3},{"not_picked":["Coolheaded","Ball Lightning"],"picked":"Electrodynamics","floor":5},{"not_picked":["Fusion","Leap"],"picked":"Reinforced Body","floor":7},{"not_picked":["Redo","Beam Cell"],"picked":"Stack","floor":10},{"not_picked":["Auto Shields","Streamline"],"picked":"Steam Power","floor":11},{"not_picked":["Rebound","Hologram"],"picked":"Glacier","floor":12},{"not_picked":["Glacier","Compile Driver"],"picked":"Genetic Algorithm","floor":13},{"not_picked":["Amplify","Core Surge"],"picked":"Buffer+1","floor":16},{"not_picked":["Barrage","Coolheaded"],"picked":"Turbo+1","floor":18},{"not_picked":["Barrage+1","Force Field+1"],"picked":"Doom and Gloom","floor":18},{"not_picked":["Beam Cell+1","Compile Driver"],"picked":"Steam Power","floor":19},{"not_picked":["Sweeping Beam+1","FTL+1"],"picked":"Aggregate+1","floor":22},{"not_picked":["Ball Lightning","Sweeping Beam"],"picked":"Auto Shields+1","floor":22},{"not_picked":["Undo","Streamline"],"picked":"Creative AI+1","floor":23},{"not_picked":["Leap","Sweeping Beam"],"picked":"Ball Lightning+1","floor":23},{"not_picked":["Beam Cell","Leap+1"],"picked":"Glacier+1","floor":28},{"not_picked":["Barrage+1","Genetic Algorithm+1"],"picked":"Turbo","floor":28},{"not_picked":["Recycle+1","Reinforced Body"],"picked":"Hologram+1","floor":30},{"not_picked":["Go for the Eyes","Electrodynamics+1"],"picked":"Redo+1","floor":30},{"not_picked":["Machine Learning+1","Seek"],"picked":"Echo Form+1","floor":33},{"not_picked":["Rebound","Consume+1"],"picked":"Steam+1","floor":35},{"not_picked":["Sweeping Beam+1","Streamline+1","Redo"],"picked":"SKIP","floor":35},{"not_picked":["Barrage","Recycle"],"picked":"Beam Cell+1","floor":37},{"not_picked":["BootSequence+1","Consume+1"],"picked":"Conserve Battery+1","floor":37},{"not_picked":["Auto Shields","Blizzard","Amplify"],"picked":"SKIP","floor":41},{"not_picked":["Beam Cell+1","Heatsinks+1"],"picked":"Stack+1","floor":44},{"not_picked":["Turbo","Redo+1"],"picked":"Reprogram+1","floor":44},{"not_picked":["Static Discharge+1","Steam"],"picked":"Force Field+1","floor":45},{"not_picked":["Genetic Algorithm+1","Ball Lightning","Beam Cell"],"picked":"SKIP","floor":45},{"not_picked":["Fusion+1","Turbo+1"],"picked":"Chaos+1","floor":47},{"not_picked":["Coolheaded","Hologram"],"picked":"Fusion+1","floor":47},{"not_picked":["Rebound+1","Compile Driver"],"picked":"Capacitor+1","floor":48}],"player_experience":204697,"relics_obtained":[{"floor":7,"key":"Gambling Chip"},{"floor":9,"key":"Frozen Egg 2"},{"floor":13,"key":"Prayer Wheel"},{"floor":19,"key":"Red Mask"},{"floor":24,"key":"Darkstone Periapt"},{"floor":26,"key":"Kunai"},{"floor":31,"key":"DataDisk"},{"floor":41,"key":"War Paint"},{"floor":43,"key":"The Courier"},{"floor":48,"key":"Molten Egg 2"}],"event_choices":[{"damage_healed":0,"gold_gain":0,"cards_transformed":["Strike_B"],"player_choice":"Transformed","damage_taken":0,"max_hp_gain":0,"max_hp_loss":0,"event_name":"Transmorgrifier","floor":4,"gold_loss":0,"cards_obtained":["Ball Lightning"]},{"damage_healed":0,"gold_gain":0,"player_choice":"Gave Potion","damage_taken":0,"relics_obtained":["Tiny Chest"],"max_hp_gain":0,"max_hp_loss":0,"event_name":"WeMeetAgain","floor":8,"gold_loss":0},{"damage_healed":0,"gold_gain":0,"player_choice":"Fought Bandits","damage_taken":0,"max_hp_gain":0,"max_hp_loss":0,"event_name":"Masked Bandits","floor":19,"gold_loss":0},{"damage_healed":0,"gold_gain":0,"player_choice":"Fight","damage_taken":0,"max_hp_gain":0,"max_hp_loss":0,"event_name":"Colosseum","floor":20,"gold_loss":0},{"damage_healed":0,"gold_gain":0,"player_choice":"Fled From Nobs","damage_taken":0,"max_hp_gain":0,"max_hp_loss":0,"event_name":"Colosseum","floor":20,"gold_loss":0},{"damage_healed":0,"gold_gain":75,"player_choice":"Touch","damage_taken":7,"max_hp_gain":0,"max_hp_loss":0,"event_name":"FaceTrader","floor":36,"gold_loss":0},{"damage_healed":0,"gold_gain":0,"player_choice":"Upgraded","damage_taken":0,"max_hp_gain":0,"max_hp_loss":0,"event_name":"Upgrade Shrine","floor":39,"gold_loss":0,"cards_upgraded":["Turbo"]},{"damage_healed":0,"gold_gain":0,"player_choice":"Forge","damage_taken":0,"max_hp_gain":0,"max_hp_loss":0,"event_name":"Accursed Blacksmith","floor":46,"gold_loss":0,"cards_upgraded":["Double Energy"]}],"is_beta":false,"boss_relics":[{"not_picked":["Fusion Hammer","Runic Pyramid"],"picked":"Philosopher\u0027s Stone"},{"not_picked":["Black Star","Sozu"],"picked":"Eternal Feather"}],"items_purged_floors":[2,38],"is_endless":false,"potions_floor_spawned":[3,11,12,13,16,19,28,33,37,45,47],"killed_by":"Awakened One","ascension_level":5}