{"gold_per_floor":[362,362,45,64,74,74,15,28,28,28,58,58,73,91,91,91],"floor_reached":16,"playtime":1035,"items_purged":[],"score":204,"play_id":"48ab3679-1740-40f5-9c07-d8cfc8c624da","local_time":"20190407190952","is_ascension_mode":true,"campfire_choices":[{"data":"Doom and Gloom","floor":6,"key":"SMITH"},{"floor":12,"key":"REST"},{"data":"Double Energy","floor":15,"key":"SMITH"}],"neow_cost":"PERCENT_DAMAGE","seed_source_timestamp":375660667450900,"circlet_count":0,"master_deck":["AscendersBane","Strike_B","Strike_B","Strike_B","Defend_B","Defend_B","Defend_B","Defend_B","Zap","Dualcast","Conserve Battery","Ball Lightning","Doom and Gloom+1","Coolheaded","Leap","Double Energy+1","BootSequence","Self Repair"],"relics":["Cracked Core","Dead Branch","Singing Bowl","Mercury Hourglass"],"potions_floor_usage":[5,16],"damage_taken":[{"damage":4,"enemies":"Jaw Worm","floor":1,"turns":4},{"damage":1,"enemies":"Cultist","floor":4,"turns":4},{"damage":0,"enemies":"2 Louse","floor":5,"turns":2},{"damage":7,"enemies":"Exordium Thugs","floor":8,"turns":3},{"damage":18,"enemies":"Gremlin Nob","floor":11,"turns":4},{"damage":0,"enemies":"3 Louse","floor":13,"turns":3},{"damage":2,"enemies":"Red Slaver","floor":14,"turns":3},{"damage":39,"enemies":"Hexaghost","floor":16,"turns":9}],"seed_played":"6061303279915096493","potions_obtained":[{"floor":1,"key":"Energy Potion"},{"floor":11,"key":"Fire Potion"}],"is_trial":false,"path_per_floor":["M","?","$","M","M","R","$","M","T","?","E","R","M","M","R","B"],"character_chosen":"DEFECT","items_purchased":["Dead Branch","Coolheaded"],"campfire_rested":1,"item_purchase_floors":[3,7],"current_hp_per_floor":[42,42,42,41,41,41,41,34,34,34,16,37,37,35,35,0],"gold":91,"neow_bonus":"TWO_FIFTY_GOLD","is_prod":false,"is_daily":false,"chose_seed":false,"campfire_upgraded":2,"win_rate":0,"timestamp":1554689392,"path_taken":["M","?","$","M","M","R","$","M","T","?","E","R","?","M","R","BOSS"],"build_version":"2019-01-23","purchased_purges":0,"victory":false,"max_hp_per_floor":[71,71,71,71,71,71,71,71,71,71,71,71,71,71,71,71],"card_choices":[{"not_picked":["Capacitor","Barrage"],"picked":"Conserve Battery","floor":1},{"not_picked":["Barrage","Fusion"],"picked":"Ball Lightning","floor":4},{"not_picked":["Coolheaded","Lockon"],"picked":"Doom and Gloom","floor":5},{"not_picked":["Skim","Sweeping Beam"],"picked":"Leap","floor":8},{"not_picked":["Force Field","Hologram"],"picked":"Double Energy","floor":11},{"not_picked":["Turbo","Beam Cell"],"picked":"BootSequence","floor":13},{"not_picked":["Go for the Eyes","Streamline"],"picked":"Self Repair","floor":14}],"player_experience":846288,"relics_obtained":[{"floor":9,"key":"Singing Bowl"},{"floor":11,"key":"Mercury Hourglass"}],"event_choices":[{"damage_healed":0,"gold_gain":0,"player_choice":"Ignored","damage_taken":0,"max_hp_gain":0,"max_hp_loss":0,"event_name":"Golden Wing","floor":2,"gold_loss":0},{"cards_removed":["Strike_B"],"damage_healed":0,"gold_gain":0,"player_choice":"Purged","damage_taken":0,"max_hp_gain":0,"max_hp_loss":0,"event_name":"Purifier","floor":10,"gold_loss":0}],"is_beta":false,"boss_relics":[],"items_purged_floors":[],"is_endless":false,"potions_floor_spawned":[1,11],"killed_by":"Hexaghost","ascension_level":20}