{"gold_per_floor":[119,139,158,25,44,44,63,94,94,112,141,141,141,157,157,157],"floor_reached":16,"playtime":480,"items_purged":["Strike_R"],"score":228,"play_id":"455609b7-2310-4755-a074-2a9e2cb16c45","local_time":"20190916090141","is_ascension_mode":true,"campfire_choices":[{"data":"Perfected Strike","floor":6.0,"key":"SMITH"},{"data":"Armaments","floor":12.0,"key":"SMITH"},{"data":"1","floor":15.0,"key":"LIFT"}],"neow_cost":"NONE","seed_source_timestamp":349056269243000,"circlet_count":0,"master_deck":["AscendersBane","Strike_R","Strike_R","Strike_R","Strike_R","Defend_R","Defend_R","Defend_R","Defend_R","Bash","Perfected Strike+1","Anger","Shockwave","Armaments+1","Pommel Strike","Pommel Strike","Juggernaut","Power Through"],"special_seed":0,"relics":["Burning Blood","Boot","Dodecahedron","Regal Pillow","Girya"],"potions_floor_usage":[16,16],"damage_taken":[{"damage":12.0,"enemies":"Jaw Worm","floor":1.0,"turns":2.0},{"damage":6.0,"enemies":"Small Slimes","floor":2.0,"turns":4.0},{"damage":0.0,"enemies":"Cultist","floor":3.0,"turns":3.0},{"damage":5.0,"enemies":"Blue Slaver","floor":5.0,"turns":4.0},{"damage":6.0,"enemies":"3 Louse","floor":7.0,"turns":3.0},{"damage":6.0,"enemies":"Gremlin Nob","floor":8.0,"turns":3.0},{"damage":4.0,"enemies":"2 Fungi Beasts","floor":10.0,"turns":3.0},{"damage":35.0,"enemies":"3 Sentries","floor":11.0,"turns":9.0},{"damage":10.0,"enemies":"Exordium Thugs","floor":14.0,"turns":5.0},{"damage":25,"enemies":"Hexaghost","floor":16,"turns":9}],"seed_played":"-7494085087791904717","potions_obtained":[{"floor":3.0,"key":"GamblersBrew"},{"floor":8.0,"key":"SteroidPotion"},{"floor":11.0,"key":"Dexterity Potion"}],"is_trial":false,"path_per_floor":["M","M","M","$","M","R","M","E","T","M","E","R","?","M","R","B"],"character_chosen":"IRONCLAD","items_purchased":["Pommel Strike"],"campfire_rested":0,"item_purchase_floors":[4],"current_hp_per_floor":[62,62,68,68,69,69,69,69,69,71,42,42,24,20,20,0],"gold":157,"neow_bonus":"THREE_CARDS","is_prod":false,"is_daily":false,"chose_seed":false,"campfire_upgraded":2,"win_rate":0,"timestamp":1568649701,"path_taken":["M","M","M","$","M","R","M","E","T","M","E","R","?","M","R","BOSS"],"build_version":"2019-07-17","purchased_purges":1,"victory":false,"max_hp_per_floor":[75,75,75,75,75,75,75,75,75,75,75,75,75,75,75,75],"card_choices":[{"not_picked":["Flex","Pommel Strike"],"picked":"Perfected Strike","floor":0.0},{"not_picked":["Thunderclap","Flex"],"picked":"Anger","floor":1.0},{"not_picked":["Sword Boomerang","Anger"],"picked":"Shockwave","floor":2.0},{"not_picked":["Flex","Clothesline"],"picked":"Armaments","floor":3.0},{"not_picked":["Armaments","Hemokinesis"],"picked":"Pommel Strike","floor":5.0},{"not_picked":["Pummel","True Grit","Flex"],"picked":"SKIP","floor":7.0},{"not_picked":["Clothesline","Thunderclap","Sword Boomerang"],"picked":"SKIP","floor":8.0},{"not_picked":["Body Slam","Clothesline","Armaments"],"picked":"SKIP","floor":10.0},{"not_picked":["Fire Breathing","Rupture"],"picked":"Juggernaut","floor":11.0},{"not_picked":["Flex","Rampage"],"picked":"Power Through","floor":14.0}],"player_experience":762497,"relics_obtained":[{"floor":8.0,"key":"Boot"},{"floor":9.0,"key":"Dodecahedron"},{"floor":11.0,"key":"Regal Pillow"}],"event_choices":[{"damage_healed":0.0,"max_hp_gain":0.0,"max_hp_loss":0.0,"gold_gain":0.0,"event_name":"Scrap Ooze","player_choice":"Success","floor":13.0,"gold_loss":0.0,"damage_taken":18.0,"relics_obtained":["Girya"]}],"is_beta":false,"boss_relics":[],"items_purged_floors":[4],"is_endless":false,"potions_floor_spawned":[3,8,11],"killed_by":"Hexaghost","ascension_level":20}