{"gold_per_floor":[113,124,74,92,103,103,103,113,113,130,151,151,170,54,54,151,151,164,177,8,18,18,18,45,45,68,86,102,134,151,151,151,248,248,261,272,272,283,348,9,59,59,82,99,99,115,15,15],"floor_reached":48,"playtime":4550,"items_purged":["Defend_G","Defend_G"],"score":595,"play_id":"c92ca7eb-3a1f-42a1-a4fc-992cf79cf9e2","local_time":"20181107200852","is_ascension_mode":true,"campfire_choices":[{"data":"Neutralize","floor":6,"key":"SMITH"},{"floor":15,"key":"REST"},{"data":"Envenom","floor":23,"key":"SMITH"},{"data":"Cloak And Dagger","floor":25,"key":"SMITH"},{"floor":32,"key":"REST"},{"floor":42,"key":"REST"},{"data":"Cloak And Dagger","floor":45,"key":"SMITH"}],"neow_cost":"NONE","seed_source_timestamp":718246413456744,"circlet_count":0,"master_deck":["Defend_G","Defend_G","Defend_G+1","Strike_G+1","Strike_G","Strike_G+1","Survivor+1","Neutralize+1","Dodge and Roll","Cloak And Dagger+1","Well Laid Plans","Backflip","Corpse Explosion","Acrobatics","Catalyst","Footwork","Envenom+1","Deflect","Panache","Poisoned Stab+1","Flying Knee","Expertise","PiercingWail","Backflip+1","Doppelganger","Deadly Poison","Flying Knee","Accuracy+1","Acrobatics","Infinite Blades","Cloak And Dagger+1"],"relics":["Ring of the Snake","Bag of Marbles","Incense Burner","Odd Mushroom","Busted Crown","Nloth\u0027s Gift","Dodecahedron","Whetstone","Mango","HoveringKite","SsserpentHead","WingedGreaves","PreservedInsect"],"potions_floor_usage":[8,16,16,24,29,33,46,46],"damage_taken":[{"damage":0,"enemies":"Small Slimes","floor":1,"turns":4},{"damage":8,"enemies":"Jaw Worm","floor":2,"turns":7},{"damage":0,"enemies":"2 Louse","floor":4,"turns":3},{"damage":0,"enemies":"2 Fungi Beasts","floor":5,"turns":4},{"damage":12,"enemies":"Lots of Slimes","floor":8,"turns":4},{"damage":7,"enemies":"3 Louse","floor":10,"turns":5},{"damage":0,"enemies":"The Mushroom Lair","floor":11,"turns":2},{"damage":3,"enemies":"Looter","floor":13,"turns":4},{"damage":26,"enemies":"Slime Boss","floor":16,"turns":16},{"damage":8,"enemies":"Spheric Guardian","floor":18,"turns":6},{"damage":1,"enemies":"Shell Parasite","floor":19,"turns":8},{"damage":5,"enemies":"Centurion and Healer","floor":21,"turns":5},{"damage":17,"enemies":"Slavers","floor":24,"turns":4},{"damage":7,"enemies":"Snecko","floor":27,"turns":7},{"damage":0,"enemies":"Cultist and Chosen","floor":28,"turns":5},{"damage":0,"enemies":"Gremlin Leader","floor":29,"turns":6},{"damage":0,"enemies":"Shelled Parasite and Fungi","floor":30,"turns":5},{"damage":13,"enemies":"Champ","floor":33,"turns":14},{"damage":0,"enemies":"3 Darklings","floor":35,"turns":4},{"damage":0,"enemies":"3 Shapes","floor":36,"turns":3},{"damage":17,"enemies":"Jaw Worm Horde","floor":38,"turns":5},{"damage":48,"enemies":"Spire Growth","floor":39,"turns":6},{"damage":0,"enemies":"Maw","floor":44,"turns":6},{"damage":30,"enemies":"3 Darklings","floor":46,"turns":3},{"damage":43,"enemies":"Spire Growth","floor":48,"turns":4}],"seed_played":"5085936850529202718","potions_obtained":[{"floor":5,"key":"Explosive Potion"},{"floor":8,"key":"Poison Potion"},{"floor":10,"key":"Explosive Potion"},{"floor":13,"key":"Strength Potion"},{"floor":16,"key":"GhostInAJar"},{"floor":21,"key":"Weak Potion"},{"floor":27,"key":"Poison Potion"},{"floor":29,"key":"SteroidPotion"},{"floor":33,"key":"Weak Potion"},{"floor":36,"key":"Explosive Potion"},{"floor":46,"key":"Ancient Potion"}],"is_trial":false,"path_per_floor":["M","M","?","M","M","R","?","M","T","M","?","T","M","$","R","B",null,"M","M","$","M","?","R","E","R","T","M","M","E","M","?","R","B",null,"M","M","?","M","M","$","?","R","T","M","R","M","$","M"],"character_chosen":"THE_SILENT","items_purchased":["Footwork","Panache","WingedGreaves","Infinite Blades","Cloak And Dagger"],"campfire_rested":3,"item_purchase_floors":[14,20,40,40,40],"current_hp_per_floor":[70,62,62,62,62,62,48,36,36,29,29,29,26,26,47,21,70,62,61,61,56,56,56,39,39,39,32,32,46,46,30,56,43,89,89,89,89,72,24,24,24,50,50,50,50,20,20,0],"gold":15,"neow_bonus":"RANDOM_COMMON_RELIC","is_prod":false,"is_daily":false,"chose_seed":false,"campfire_upgraded":4,"win_rate":0,"timestamp":1541639332,"path_taken":["M","M","?","M","M","R","?","M","T","M","?","?","M","$","R","BOSS","M","M","$","M","?","R","E","R","T","M","?","E","M","?","R","BOSS","M","M","?","M","?","?","?","R","T","M","R","M","$","M"],"build_version":"2018-11-01","purchased_purges":2,"victory":false,"max_hp_per_floor":[70,70,70,70,70,70,70,70,70,70,70,70,70,70,70,70,70,70,70,70,70,70,70,70,70,70,70,70,84,84,89,89,89,89,89,89,89,89,89,89,89,89,89,89,89,89,89,89],"card_choices":[{"not_picked":["Underhanded Strike","Outmaneuver"],"picked":"Dodge and Roll","floor":1},{"not_picked":["Poisoned Stab","Expertise"],"picked":"Cloak And Dagger","floor":2},{"not_picked":["Outmaneuver","Dagger Spray"],"picked":"Well Laid Plans","floor":4},{"not_picked":["Reflex","Outmaneuver","Deadly Poison"],"picked":"SKIP","floor":5},{"not_picked":["Deadly Poison","Dagger Throw"],"picked":"Backflip","floor":8},{"not_picked":["Sucker Punch","Poisoned Stab"],"picked":"Corpse Explosion","floor":10},{"not_picked":["Poisoned Stab","Quick Slash"],"picked":"Acrobatics","floor":11},{"not_picked":["Poisoned Stab","Blade Dance"],"picked":"Catalyst","floor":13},{"not_picked":["Bullet Time","Glass Knife"],"picked":"Envenom","floor":16},{"not_picked":[],"picked":"Deflect","floor":18},{"not_picked":["All Out Attack"],"picked":"SKIP","floor":19},{"not_picked":["Dodge and Roll"],"picked":"SKIP","floor":21},{"not_picked":[],"picked":"Poisoned Stab+1","floor":24},{"not_picked":[],"picked":"Flying Knee","floor":27},{"not_picked":[],"picked":"Expertise","floor":28},{"not_picked":[],"picked":"PiercingWail","floor":29},{"not_picked":[],"picked":"Backflip+1","floor":30},{"not_picked":[],"picked":"Doppelganger","floor":33},{"not_picked":[],"picked":"Deadly Poison","floor":35},{"not_picked":[],"picked":"Flying Knee","floor":36},{"not_picked":[],"picked":"Accuracy+1","floor":38},{"not_picked":[],"picked":"Acrobatics","floor":39},{"not_picked":["Dagger Spray"],"picked":"SKIP","floor":44},{"not_picked":["Riddle With Holes+1"],"picked":"SKIP","floor":46}],"player_experience":86525,"relics_obtained":[{"floor":9,"key":"Incense Burner"},{"floor":11,"key":"Odd Mushroom"},{"floor":12,"key":"Letter Opener"},{"floor":24,"key":"Dodecahedron"},{"floor":26,"key":"Whetstone"},{"floor":29,"key":"Mango"},{"floor":43,"key":"PreservedInsect"}],"event_choices":[{"cards_removed":["Strike_G"],"damage_healed":0,"gold_gain":0,"player_choice":"Card Removal","damage_taken":0,"max_hp_gain":0,"max_hp_loss":0,"event_name":"The Cleric","floor":3,"gold_loss":50},{"damage_healed":0,"gold_gain":0,"player_choice":"Entered Light","damage_taken":14,"max_hp_gain":0,"max_hp_loss":0,"event_name":"Shining Light","floor":7,"gold_loss":0,"cards_upgraded":["Survivor","Defend_G"]},{"damage_healed":0,"gold_gain":0,"player_choice":"Fought Mushrooms","damage_taken":0,"max_hp_gain":0,"max_hp_loss":0,"event_name":"Mushrooms","floor":11,"gold_loss":0},{"damage_healed":0,"gold_gain":0,"player_choice":"Traded Relic","damage_taken":0,"relics_obtained":["Nloth\u0027s Gift"],"max_hp_gain":0,"max_hp_loss":0,"event_name":"N\u0027loth","floor":22,"relics_lost":["Letter Opener"],"gold_loss":0},{"damage_healed":0,"gold_gain":0,"player_choice":"Shed Blood","damage_taken":21,"max_hp_gain":5,"max_hp_loss":0,"event_name":"Forgotten Altar","floor":31,"gold_loss":0},{"damage_healed":0,"gold_gain":0,"player_choice":"Trade","damage_taken":0,"relics_obtained":["SsserpentHead"],"max_hp_gain":0,"max_hp_loss":0,"event_name":"FaceTrader","floor":37,"gold_loss":0},{"cards_removed":["Strike_G"],"damage_healed":0,"gold_gain":0,"player_choice":"Purged","damage_taken":0,"max_hp_gain":0,"max_hp_loss":0,"event_name":"Purifier","floor":41,"gold_loss":0}],"is_beta":false,"boss_relics":[{"not_picked":["Black Star","Empty Cage"],"picked":"Busted Crown"},{"not_picked":["Tiny House","Astrolabe"],"picked":"HoveringKite"}],"items_purged_floors":[14,47],"is_endless":false,"potions_floor_spawned":[5,8,10,13,16,21,27,29,33,36,46],"killed_by":"Spire Growth","ascension_level":2}