{"gold_per_floor":[211,227,241,44,44,77,77,91,91,126,126,136,155,5,5,109,109,126,126,32,45,56,56,83,98,98,118,133,151,151],"floor_reached":30,"playtime":3302,"items_purged":[],"score":279,"play_id":"e881202f-b175-4ff1-b95a-4f20ba6f0d98","local_time":"20190810220236","is_ascension_mode":true,"campfire_choices":[{"floor":7,"key":"REST"},{"floor":11,"key":"REST"},{"floor":15,"key":"REST"},{"floor":23,"key":"REST"}],"neow_cost":"NONE","seed_source_timestamp":98390166607058,"circlet_count":0,"master_deck":["Strike_B","Strike_B","Strike_B","Strike_B","Defend_B","Defend_B","Defend_B","Defend_B","Zap","Dualcast","Beam Cell+1","Streamline","Cold Snap","Doom and Gloom","Stack","Genetic Algorithm","Static Discharge","Melter","Buffer","Hologram+1","Bandage Up","Double Energy","BootSequence+1","Ball Lightning+1","Loop+1","Turbo+1"],"relics":["Cracked Core","ClockworkSouvenir","Lantern","Shuriken","Cables","Regal Pillow","Nuclear Battery","Ancient Tea Set","Bottled Tornado"],"potions_floor_usage":[16,16,24,25,27,28,29],"damage_taken":[{"damage":0,"enemies":"2 Louse","floor":1,"turns":3},{"damage":1,"enemies":"Cultist","floor":2,"turns":3},{"damage":6,"enemies":"Jaw Worm","floor":3,"turns":3},{"damage":24,"enemies":"Gremlin Nob","floor":6,"turns":4},{"damage":18,"enemies":"Exordium Thugs","floor":8,"turns":3},{"damage":16,"enemies":"3 Sentries","floor":10,"turns":5},{"damage":3,"enemies":"Gremlin Gang","floor":12,"turns":4},{"damage":3,"enemies":"Lots of Slimes","floor":13,"turns":2},{"damage":5,"enemies":"Slime Boss","floor":16,"turns":9},{"damage":13,"enemies":"2 Thieves","floor":18,"turns":4},{"damage":0,"enemies":"Shell Parasite","floor":21,"turns":5},{"damage":15,"enemies":"Shelled Parasite and Fungi","floor":22,"turns":5},{"damage":46,"enemies":"Slavers","floor":24,"turns":6},{"damage":17,"enemies":"Snecko","floor":25,"turns":6},{"damage":9,"enemies":"Centurion and Healer","floor":27,"turns":5},{"damage":7,"enemies":"Snake Plant","floor":28,"turns":4},{"damage":2,"enemies":"Shelled Parasite and Fungi","floor":29,"turns":5},{"damage":55,"enemies":"Gremlin Leader","floor":30,"turns":6}],"seed_played":"7694588438092544234","potions_obtained":[{"floor":2,"key":"EssenceOfSteel"},{"floor":3,"key":"Regen Potion"},{"floor":8,"key":"Explosive Potion"},{"floor":16,"key":"Dexterity Potion"},{"floor":19,"key":"FairyPotion"},{"floor":25,"key":"Swift Potion"},{"floor":27,"key":"PowerPotion"},{"floor":28,"key":"Regen Potion"}],"is_trial":false,"path_per_floor":["M","M","M","$","?","E","R","M","T","E","R","M","M","$","R","B",null,"M","?","$","M","M","R","E","M","T","M","M","M","E"],"character_chosen":"DEFECT","items_purchased":["ClockworkSouvenir","Regal Pillow","Bandage Up"],"campfire_rested":4,"item_purchase_floors":[4,14,20],"current_hp_per_floor":[75,74,68,68,68,44,66,48,48,32,54,51,48,48,75,70,75,62,62,62,66,55,75,33,35,35,30,27,43,0],"gold":151,"neow_bonus":"HUNDRED_GOLD","is_prod":false,"is_daily":false,"chose_seed":false,"campfire_upgraded":0,"win_rate":0,"timestamp":1565488956,"path_taken":["M","M","M","$","?","E","R","M","T","E","R","M","?","?","R","BOSS","M","?","?","M","?","R","E","M","T","M","?","M","E"],"build_version":"2019-07-17","purchased_purges":0,"victory":false,"max_hp_per_floor":[75,75,75,75,75,75,75,75,75,75,75,75,75,75,75,75,75,75,75,75,75,75,75,75,75,75,75,75,75,75],"card_choices":[{"not_picked":["Compile Driver","Turbo"],"picked":"Beam Cell","floor":1},{"not_picked":["Redo","Skim"],"picked":"Streamline","floor":2},{"not_picked":["Darkness","Turbo"],"picked":"Cold Snap","floor":3},{"not_picked":["Compile Driver","Capacitor"],"picked":"Doom and Gloom","floor":6},{"not_picked":["FTL","Hologram"],"picked":"Stack","floor":8},{"not_picked":["Rebound","Creative AI"],"picked":"Genetic Algorithm","floor":10},{"not_picked":["Storm","Auto Shields"],"picked":"Static Discharge","floor":12},{"not_picked":["Reprogram","Rebound"],"picked":"Melter","floor":13},{"not_picked":["Core Surge","Creative AI"],"picked":"Buffer","floor":16},{"not_picked":["Steam","Compile Driver"],"picked":"Hologram+1","floor":18},{"not_picked":["Beam Cell","Stack+1"],"picked":"Double Energy","floor":21},{"not_picked":["Coolheaded","Leap","Barrage"],"picked":"SKIP","floor":22},{"not_picked":["Sweeping Beam+1","Aggregate+1"],"picked":"BootSequence+1","floor":24},{"not_picked":["Coolheaded","Genetic Algorithm"],"picked":"Ball Lightning+1","floor":25},{"not_picked":["Beam Cell","Reboot","Barrage"],"picked":"SKIP","floor":27},{"not_picked":["White Noise","Auto Shields"],"picked":"Loop+1","floor":28},{"not_picked":["Steam","Conserve Battery"],"picked":"Turbo+1","floor":29}],"player_experience":166447,"relics_obtained":[{"floor":6,"key":"Lantern"},{"floor":9,"key":"Shuriken"},{"floor":10,"key":"Cables"},{"floor":24,"key":"Ancient Tea Set"},{"floor":26,"key":"Bottled Tornado"}],"event_choices":[{"damage_healed":0,"gold_gain":0,"player_choice":"Upgraded","damage_taken":0,"max_hp_gain":0,"max_hp_loss":0,"event_name":"Upgrade Shrine","floor":5,"gold_loss":0,"cards_upgraded":["Beam Cell"]},{"damage_healed":0,"gold_gain":0,"player_choice":"Got Potions","damage_taken":0,"max_hp_gain":0,"max_hp_loss":0,"event_name":"Lab","floor":19,"gold_loss":0}],"is_beta":false,"boss_relics":[{"not_picked":["Orrery","Cursed Key"],"picked":"Nuclear Battery"}],"items_purged_floors":[],"is_endless":false,"potions_floor_spawned":[2,3,8,10,16,25,27,28],"killed_by":"Gremlin Leader","ascension_level":1}