{"gold_per_floor":[119,119,119,139,139,172,172,185,185,185,204,218,218,242,242,370,370,394,394,394,394,125,125],"floor_reached":23,"playtime":1443,"items_purged":["Shame"],"score":278,"play_id":"9cd50f5f-01d2-4d7a-bae7-ff525cca4669","local_time":"20181231205408","is_ascension_mode":true,"campfire_choices":[{"data":"Seeing Red","floor":7,"key":"SMITH"},{"data":"Bash","floor":10,"key":"SMITH"},{"data":"Flame Barrier","floor":13,"key":"SMITH"},{"data":"Demon Form","floor":15,"key":"SMITH"}],"neow_cost":"NONE","seed_source_timestamp":230397005563135,"circlet_count":0,"master_deck":["Strike_R+1","Strike_R+1","Strike_R+1","Strike_R+1","Defend_R+1","Defend_R+1","Defend_R+1","Defend_R+1","Bash+1","Dropkick","Demon Form+1","Seeing Red+1","Sword Boomerang","Flame Barrier+1","True Grit","Impervious","Writhe"],"relics":["Burning Blood","NeowsBlessing","Golden Idol","Ornamental Fan","Shuriken","Black Star","Meat on the Bone","Molten Egg 2","Sling"],"potions_floor_usage":[12,16,16,23],"damage_taken":[{"damage":0,"enemies":"Cultist","floor":1,"turns":1},{"damage":0,"enemies":"Small Slimes","floor":4,"turns":1},{"damage":0,"enemies":"Gremlin Nob","floor":6,"turns":1},{"damage":0,"enemies":"2 Louse","floor":8,"turns":3},{"damage":9,"enemies":"Red Slaver","floor":11,"turns":4},{"damage":4,"enemies":"Blue Slaver","floor":12,"turns":4},{"damage":1,"enemies":"2 Fungi Beasts","floor":14,"turns":3},{"damage":15,"enemies":"The Guardian","floor":16,"turns":12},{"damage":38,"enemies":"Spheric Guardian","floor":18,"turns":6},{"damage":49,"enemies":"Slavers","floor":23,"turns":5}],"seed_played":"2617580837923734992","potions_obtained":[{"floor":1,"key":"AttackPotion"},{"floor":4,"key":"Dexterity Potion"},{"floor":11,"key":"SpeedPotion"},{"floor":18,"key":"Explosive Potion"}],"is_trial":false,"path_per_floor":["M","?","?","M","?","E","R","M","T","R","M","M","R","M","R","B",null,"M","?","?","?","$","E"],"character_chosen":"IRONCLAD","items_purchased":["Sling"],"campfire_rested":0,"item_purchase_floors":[22],"current_hp_per_floor":[78,58,58,64,64,70,70,76,76,76,73,75,75,80,80,71,78,46,46,46,46,46,0],"gold":125,"neow_bonus":"THREE_ENEMY_KILL","is_prod":false,"is_daily":false,"chose_seed":false,"campfire_upgraded":4,"win_rate":0,"timestamp":1546318448,"path_taken":["M","?","?","?","?","E","R","M","T","R","?","M","R","M","R","BOSS","M","?","?","?","$","E"],"build_version":"2018-12-20","purchased_purges":1,"victory":false,"max_hp_per_floor":[80,80,80,80,80,80,80,80,80,80,80,80,80,80,80,80,80,80,80,80,80,80,80],"card_choices":[{"not_picked":["Whirlwind","Warcry"],"picked":"Dropkick","floor":1},{"not_picked":["Sword Boomerang","Body Slam"],"picked":"Seeing Red","floor":4},{"not_picked":["Havoc","Armaments"],"picked":"Sword Boomerang","floor":6},{"not_picked":["Perfected Strike","Pommel Strike"],"picked":"Flame Barrier","floor":8},{"not_picked":["Havoc","Cleave","Berserk"],"picked":"SKIP","floor":11},{"not_picked":["Spot Weakness","Wild Strike","Flame Barrier"],"picked":"SKIP","floor":12},{"not_picked":["Iron Wave","Headbutt"],"picked":"True Grit","floor":14},{"not_picked":["Berserk","Juggernaut"],"picked":"Impervious","floor":16},{"not_picked":["Perfected Strike","Body Slam","Havoc"],"picked":"SKIP","floor":18}],"player_experience":309423,"relics_obtained":[{"floor":6,"key":"Ornamental Fan"},{"floor":9,"key":"Shuriken"}],"event_choices":[{"damage_healed":0,"gold_gain":0,"player_choice":"Take Damage","damage_taken":20,"relics_obtained":["Golden Idol"],"max_hp_gain":0,"max_hp_loss":0,"event_name":"Golden Idol","floor":2,"gold_loss":0},{"damage_healed":0,"gold_gain":0,"cards_transformed":["Strike_R"],"player_choice":"Transformed","damage_taken":0,"max_hp_gain":0,"max_hp_loss":0,"event_name":"Transmorgrifier","floor":3,"gold_loss":0,"cards_obtained":["Demon Form"]},{"damage_healed":0,"gold_gain":0,"player_choice":"Bought 0 Potions","damage_taken":0,"max_hp_gain":0,"max_hp_loss":0,"event_name":"The Woman in Blue","floor":5,"gold_loss":0},{"damage_healed":0,"gold_gain":0,"player_choice":"Stole Relic","damage_taken":0,"relics_obtained":["Meat on the Bone"],"max_hp_gain":0,"max_hp_loss":0,"event_name":"Addict","floor":19,"gold_loss":0,"cards_obtained":["Shame"]},{"damage_healed":0,"gold_gain":0,"player_choice":"Simplicity","damage_taken":0,"max_hp_gain":0,"max_hp_loss":0,"event_name":"Back to Basics","floor":20,"gold_loss":0,"cards_upgraded":["Strike_R","Strike_R","Strike_R","Strike_R","Defend_R","Defend_R","Defend_R","Defend_R"]},{"damage_healed":0,"gold_gain":0,"player_choice":"Opened","damage_taken":0,"relics_obtained":["Molten Egg 2"],"max_hp_gain":0,"max_hp_loss":0,"event_name":"The Mausoleum","floor":21,"gold_loss":0,"cards_obtained":["Writhe"]}],"is_beta":false,"boss_relics":[{"not_picked":["Empty Cage","Calling Bell"],"picked":"Black Star"}],"items_purged_floors":[22],"is_endless":false,"potions_floor_spawned":[1,4,11,18],"killed_by":"Slavers","ascension_level":6}