{"gold_per_floor":[114,129,149,149,164,191,191,206,229,246,264,292,307,85,85,188,188,205,221,23,34,34],"floor_reached":22,"playtime":3612,"items_purged":["Strike_G","Defend_G"],"score":227,"play_id":"5f519dbf-8291-4333-bd5a-36c529d3e115","local_time":"20190720230727","is_ascension_mode":false,"campfire_choices":[{"floor":7,"key":"REST"},{"data":"Dagger Spray","floor":15,"key":"SMITH"}],"neow_cost":"NONE","seed_source_timestamp":87057308270784,"circlet_count":0,"master_deck":["Strike_G","Strike_G","Strike_G","Strike_G","Defend_G","Defend_G","Survivor","Neutralize+1","Heel Hook","Dagger Throw","Blade Dance","PiercingWail","Dagger Spray+1","Bane","Deadly Poison","Prepared","Venomology","Masterful Stab+1","Bullet Time+1","Reflex+1","Outmaneuver","Tactician+1","PanicButton","Eviscerate"],"relics":["Ring of the Snake","Orichalcum","Happy Flower","Bag of Preparation","Omamori","Strawberry","Astrolabe"],"potions_floor_usage":[6,16,16,18,19,21,21,22,22],"damage_taken":[{"damage":5,"enemies":"Jaw Worm","floor":1,"turns":5},{"damage":0,"enemies":"2 Louse","floor":2,"turns":4},{"damage":0,"enemies":"Cultist","floor":3,"turns":4},{"damage":1,"enemies":"Blue Slaver","floor":5,"turns":3},{"damage":21,"enemies":"3 Sentries","floor":6,"turns":11},{"damage":1,"enemies":"Large Slime","floor":8,"turns":6},{"damage":1,"enemies":"Looter","floor":10,"turns":2},{"damage":0,"enemies":"2 Fungi Beasts","floor":11,"turns":3},{"damage":0,"enemies":"Gremlin Nob","floor":12,"turns":4},{"damage":0,"enemies":"Lots of Slimes","floor":13,"turns":2},{"damage":18,"enemies":"Hexaghost","floor":16,"turns":9},{"damage":4,"enemies":"2 Thieves","floor":18,"turns":3},{"damage":4,"enemies":"Chosen","floor":19,"turns":3},{"damage":35,"enemies":"Centurion and Healer","floor":21,"turns":10},{"damage":45,"enemies":"Cultist and Chosen","floor":22,"turns":5}],"seed_played":"-2314529642311645790","potions_obtained":[{"floor":1,"key":"Block Potion"},{"floor":2,"key":"Fire Potion"},{"floor":6,"key":"Dexterity Potion"},{"floor":11,"key":"Energy Potion"},{"floor":12,"key":"Explosive Potion"},{"floor":21,"key":"PowerPotion"}],"is_trial":false,"path_per_floor":["M","M","M","?","M","E","R","M","T","M","M","E","M","$","R","B",null,"M","M","$","M","M"],"character_chosen":"THE_SILENT","items_purchased":["Strawberry","PanicButton"],"campfire_rested":1,"item_purchase_floors":[14,20],"current_hp_per_floor":[65,65,65,65,64,43,64,63,63,62,62,62,62,69,69,51,77,73,69,69,34,0],"gold":34,"neow_bonus":"RANDOM_COMMON_RELIC","is_prod":false,"is_daily":false,"chose_seed":false,"campfire_upgraded":1,"win_rate":0.0,"timestamp":1563678447,"path_taken":["M","M","M","?","M","E","R","M","T","M","M","E","M","$","R","BOSS","M","M","$","M","M"],"build_version":"2019-07-05","purchased_purges":2,"victory":false,"max_hp_per_floor":[70,70,70,70,70,70,70,70,70,70,70,70,70,77,77,77,77,77,77,77,77,77],"card_choices":[{"not_picked":["Bouncing Flask","Predator"],"picked":"Heel Hook","floor":1},{"not_picked":["Predator","Acrobatics"],"picked":"Dagger Throw","floor":2},{"not_picked":["Infinite Blades","Endless Agony"],"picked":"Blade Dance","floor":3},{"not_picked":["Dagger Throw","Underhanded Strike"],"picked":"PiercingWail","floor":5},{"not_picked":["Blade Dance","Backflip"],"picked":"After Image","floor":6},{"not_picked":["Deflect","Deadly Poison"],"picked":"Dagger Spray","floor":8},{"not_picked":["Bouncing Flask","Leg Sweep","Acrobatics"],"picked":"SKIP","floor":10},{"not_picked":["Poisoned Stab","Reflex"],"picked":"Bane","floor":11},{"not_picked":["Dagger Throw","Riddle With Holes"],"picked":"Deadly Poison","floor":12},{"not_picked":["Caltrops","Backflip"],"picked":"Prepared","floor":13},{"not_picked":["Malaise","Phantasmal Killer"],"picked":"Venomology","floor":16},{"not_picked":["Bouncing Flask+1","Bane+1"],"picked":"Outmaneuver","floor":18},{"not_picked":["Outmaneuver","Bouncing Flask+1"],"picked":"Tactician+1","floor":19},{"not_picked":["Dagger Spray","Choke+1"],"picked":"Eviscerate","floor":21}],"player_experience":103966,"relics_obtained":[{"floor":6,"key":"Happy Flower"},{"floor":9,"key":"Bag of Preparation"},{"floor":12,"key":"Omamori"}],"event_choices":[{"damage_healed":0,"gold_gain":0,"player_choice":"Grow","damage_taken":0,"max_hp_gain":0,"max_hp_loss":0,"event_name":"Living Wall","floor":4,"gold_loss":0,"cards_upgraded":["Neutralize"]}],"is_beta":false,"boss_relics":[{"not_picked":["White Beast Statue","Sozu"],"picked":"Astrolabe"}],"items_purged_floors":[14,20],"is_endless":false,"potions_floor_spawned":[1,2,6,11,12,21],"killed_by":"Cultist and Chosen","ascension_level":0}