{"gold_per_floor":[129,216,247,275,287,329,341,370,408,436,448,460,506,537,549,666,678,707,719,751,773,815,827,868,880,892,968,996,1018,1030,1042,1054,1066],"floor_reached":33,"playtime":2342,"items_purged":[],"score":367,"play_id":"5a94d396-8528-4a96-b5c4-be9f5357deb9","local_time":"20181128220901","is_ascension_mode":true,"campfire_choices":[{"floor":7,"key":"REST"},{"data":"Perfected Strike","floor":12,"key":"SMITH"},{"data":"Demon Form","floor":15,"key":"SMITH"},{"floor":23,"key":"REST"},{"floor":25,"key":"REST"},{"floor":32,"key":"REST"}],"neow_cost":"NONE","seed_source_timestamp":22972622450009,"circlet_count":0,"master_deck":["Strike_R","Strike_R","Strike_R","Strike_R","Strike_R","Defend_R","Defend_R","Defend_R","Defend_R","Bash","Thunderclap","Blood for Blood+1","Demon Form+1","Pommel Strike","Perfected Strike+1","Heavy Blade","Ghostly Armor","Limit Break","Disarm+1","Bloodletting","Shrug It Off+1","Flex","Blood for Blood+1","Clothesline+1","Inflame","Decay","RitualDagger"],"relics":["Burning Blood","MawBank","Regal Pillow","Bronze Scales","Red Skull","Black Star","Pear","Red Mask","Question Card","Mercury Hourglass","Mango","Tiny Chest","Lantern"],"potions_floor_usage":[13,16,18,22,33,33,33],"damage_taken":[{"damage":7,"enemies":"Small Slimes","floor":1,"turns":3},{"damage":1,"enemies":"Cultist","floor":3,"turns":3},{"damage":7,"enemies":"Jaw Worm","floor":4,"turns":3},{"damage":50,"enemies":"3 Sentries","floor":6,"turns":8},{"damage":9,"enemies":"Exordium Wildlife","floor":8,"turns":6},{"damage":5,"enemies":"2 Fungi Beasts","floor":10,"turns":3},{"damage":8,"enemies":"Gremlin Nob","floor":13,"turns":3},{"damage":0,"enemies":"Large Slime","floor":14,"turns":3},{"damage":59,"enemies":"Hexaghost","floor":16,"turns":7},{"damage":32,"enemies":"Spheric Guardian","floor":18,"turns":5},{"damage":21,"enemies":"3 Byrds","floor":20,"turns":4},{"damage":28,"enemies":"Snake Plant","floor":21,"turns":3},{"damage":17,"enemies":"Masked Bandits","floor":22,"turns":4},{"damage":55,"enemies":"Book of Stabbing","floor":24,"turns":7},{"damage":53,"enemies":"Slavers","floor":27,"turns":6},{"damage":21,"enemies":"Cultist and Chosen","floor":28,"turns":5},{"damage":12,"enemies":"Centurion and Healer","floor":29,"turns":3},{"damage":75,"enemies":"Automaton","floor":33,"turns":6}],"seed_played":"-384322425122930079","potions_obtained":[{"floor":1,"key":"Dexterity Potion"},{"floor":6,"key":"Poison Potion"},{"floor":10,"key":"Explosive Potion"},{"floor":14,"key":"BloodPotion"},{"floor":21,"key":"Regen Potion"},{"floor":24,"key":"BloodPotion"},{"floor":29,"key":"GamblersBrew"}],"is_trial":false,"path_per_floor":["M","?","M","M","?","E","R","M","T","M","$","R","E","M","R","B",null,"M","?","M","M","?","R","E","R","T","E","M","M","?","?","R","B"],"character_chosen":"IRONCLAD","items_purchased":[],"campfire_rested":4,"item_purchase_floors":[],"current_hp_per_floor":[79,71,76,75,75,31,70,67,67,68,68,68,66,72,72,19,80,54,64,49,27,30,72,23,65,79,32,17,11,11,5,51,0],"gold":1066,"neow_bonus":"RANDOM_COMMON_RELIC","is_prod":false,"is_daily":false,"chose_seed":false,"campfire_upgraded":2,"win_rate":0,"timestamp":1543471741,"path_taken":["M","?","M","?","?","E","R","M","T","M","?","R","E","M","R","BOSS","M","?","M","M","?","R","E","R","T","E","M","M","?","?","R","BOSS"],"build_version":"2018-11-15","purchased_purges":0,"victory":false,"max_hp_per_floor":[80,80,80,80,80,80,80,80,80,80,80,80,80,80,80,80,80,80,90,90,90,90,90,90,90,104,104,104,104,104,104,104,104],"card_choices":[{"not_picked":["Entrench","Wild Strike"],"picked":"Thunderclap","floor":1},{"not_picked":["Corruption","Entrench"],"picked":"Blood for Blood","floor":3},{"not_picked":["Body Slam","Clothesline"],"picked":"Demon Form","floor":4},{"not_picked":["Havoc","Sword Boomerang"],"picked":"Pommel Strike","floor":6},{"not_picked":["Thunderclap","Iron Wave"],"picked":"Perfected Strike","floor":8},{"not_picked":["Carnage","Inflame"],"picked":"Heavy Blade","floor":10},{"not_picked":["Dual Wield","Pummel"],"picked":"Ghostly Armor","floor":13},{"not_picked":["Body Slam","Iron Wave","True Grit"],"picked":"SKIP","floor":14},{"not_picked":["Offering","Dark Embrace"],"picked":"Limit Break","floor":16},{"not_picked":["Iron Wave","Perfected Strike"],"picked":"Disarm+1","floor":18},{"not_picked":["Heavy Blade","Cleave+1"],"picked":"Bloodletting","floor":20},{"not_picked":["Thunderclap+1","Fire Breathing"],"picked":"Shrug It Off+1","floor":21},{"not_picked":["Cleave+1","Second Wind"],"picked":"Flex","floor":22},{"not_picked":["Warcry","Cleave"],"picked":"Blood for Blood+1","floor":24},{"not_picked":["Twin Strike","Rage","Barricade"],"picked":"Clothesline+1","floor":27},{"not_picked":["Thunderclap","Warcry","Havoc","Fire Breathing"],"picked":"SKIP","floor":28},{"not_picked":["Body Slam+1","Headbutt","Carnage"],"picked":"Inflame","floor":29}],"player_experience":126851,"relics_obtained":[{"floor":6,"key":"Regal Pillow"},{"floor":9,"key":"Bronze Scales"},{"floor":13,"key":"Red Skull"},{"floor":22,"key":"Red Mask"},{"floor":24,"key":"Question Card"},{"floor":24,"key":"Mercury Hourglass"},{"floor":26,"key":"Mango"},{"floor":27,"key":"Tiny Chest"},{"floor":27,"key":"Lantern"}],"event_choices":[{"damage_healed":0,"gold_gain":75,"player_choice":"Touch","damage_taken":8,"max_hp_gain":0,"max_hp_loss":0,"event_name":"FaceTrader","floor":2,"gold_loss":0},{"damage_healed":0,"gold_gain":0,"player_choice":"Grow","damage_taken":0,"max_hp_gain":0,"max_hp_loss":0,"event_name":"Living Wall","floor":5,"gold_loss":0,"cards_upgraded":["Blood for Blood"]},{"damage_healed":0,"gold_gain":0,"player_choice":"Opened","damage_taken":0,"relics_obtained":["Pear"],"max_hp_gain":0,"max_hp_loss":0,"event_name":"The Mausoleum","floor":19,"gold_loss":0},{"damage_healed":0,"gold_gain":0,"player_choice":"Fought Bandits","damage_taken":0,"max_hp_gain":0,"max_hp_loss":0,"event_name":"Masked Bandits","floor":22,"gold_loss":0},{"damage_healed":0,"gold_gain":0,"player_choice":"Smashed Altar","damage_taken":0,"max_hp_gain":0,"max_hp_loss":0,"event_name":"Forgotten Altar","floor":30,"gold_loss":0,"cards_obtained":["Decay"]},{"damage_healed":0,"gold_gain":0,"player_choice":"Joined the Cult","damage_taken":6,"max_hp_gain":0,"max_hp_loss":0,"event_name":"Nest","floor":31,"gold_loss":0,"cards_obtained":["RitualDagger"]}],"is_beta":false,"boss_relics":[{"not_picked":["Pandora\u0027s Box","Sozu"],"picked":"Black Star"}],"items_purged_floors":[],"is_endless":false,"potions_floor_spawned":[1,6,10,14,21,24,29],"killed_by":"Automaton","ascension_level":3}