{"gold_per_floor":[118,118,118,131,5,36,36,69,69,69,87,4,39,54,54,125,125,138,171,221,221,233,233,250,250,250,277,295,295,327,327,327,401,401,415,72,72,82,82,82,99,99,146,181,181],"floor_reached":45,"playtime":3059,"items_purged":["Regret"],"score":1044,"play_id":"00c42cdc-b846-4d42-8f56-3f1a9d11206a","local_time":"20190614192146","is_ascension_mode":true,"campfire_choices":[{"data":"Anger","floor":7,"key":"SMITH"},{"data":"Clothesline","floor":15,"key":"SMITH"},{"floor":23,"key":"REST"},{"floor":29,"key":"REST"},{"data":"Demon Form","floor":32,"key":"SMITH"},{"floor":40,"key":"RECALL"},{"floor":42,"key":"REST"}],"neow_cost":"NONE","seed_source_timestamp":703788099988593,"circlet_count":0,"master_deck":["AscendersBane","Strike_R","Strike_R","Strike_R","Strike_R","Strike_R","Defend_R","Defend_R","Defend_R","Bash+1","Intimidate","Thunderclap","Shrug It Off","Anger+1","Combust","Iron Wave","Metallicize","Reaper","Clothesline+1","Demon Form+1","Battle Trance","J.A.X.","True Grit","Disarm","Shrug It Off+1","Shockwave+1"],"relics":["Burning Blood","NeowsBlessing","Sundial","Bronze Scales","Mummified Hand","Centennial Puzzle","Busted Crown","Red Mask","Kunai","Vajra","Red Skull","Sozu","Bird Faced Urn","Anchor","Toxic Egg 2"],"potions_floor_usage":[8,13,16,18,27,30,30],"damage_taken":[{"damage":0,"enemies":"Small Slimes","floor":1,"turns":1},{"damage":0,"enemies":"Cultist","floor":4,"turns":1},{"damage":0,"enemies":"Lagavulin","floor":6,"turns":1},{"damage":27,"enemies":"Gremlin Nob","floor":8,"turns":4},{"damage":4,"enemies":"Jaw Worm","floor":11,"turns":3},{"damage":20,"enemies":"Lagavulin","floor":13,"turns":5},{"damage":3,"enemies":"Blue Slaver","floor":14,"turns":3},{"damage":11,"enemies":"Hexaghost","floor":16,"turns":7},{"damage":20,"enemies":"Shell Parasite","floor":18,"turns":4},{"damage":35,"enemies":"Masked Bandits","floor":19,"turns":4},{"damage":11,"enemies":"2 Thieves","floor":22,"turns":4},{"damage":14,"enemies":"3 Cultists","floor":24,"turns":4},{"damage":29,"enemies":"Gremlin Leader","floor":27,"turns":6},{"damage":15,"enemies":"Snake Plant","floor":28,"turns":3},{"damage":29,"enemies":"Slavers","floor":30,"turns":5},{"damage":68,"enemies":"Collector","floor":33,"turns":7},{"damage":21,"enemies":"3 Shapes","floor":35,"turns":6},{"damage":23,"enemies":"3 Darklings","floor":38,"turns":4},{"damage":35,"enemies":"Transient","floor":41,"turns":6},{"damage":44,"enemies":"Giant Head","floor":44,"turns":7},{"damage":45,"enemies":"Writhing Mass","floor":45,"turns":4}],"seed_played":"-7734851217934744901","potions_obtained":[{"floor":4,"key":"Poison Potion"},{"floor":8,"key":"FearPotion"},{"floor":13,"key":"AttackPotion"},{"floor":16,"key":"FearPotion"},{"floor":22,"key":"Strength Potion"},{"floor":27,"key":"Explosive Potion"},{"floor":28,"key":"Fire Potion"}],"is_trial":false,"path_per_floor":["M","?","?","M","$","E","R","E","T","$","M","$","E","M","R","B",null,"M","?","?","?","M","R","M","?","T","E","M","R","E","?","R","B",null,"M","$","?","M","?","R","M","R","T","E","M"],"character_chosen":"IRONCLAD","items_purchased":["Shrug It Off","Metallicize","Bird Faced Urn"],"campfire_rested":3,"item_purchase_floors":[5,12,36],"current_hp_per_floor":[74,74,74,75,75,75,75,54,54,54,56,56,42,45,45,46,68,54,36,36,36,31,53,63,63,63,48,46,68,57,57,57,16,60,55,55,55,60,60,60,47,68,68,35,0],"gold":181,"neow_bonus":"THREE_ENEMY_KILL","is_prod":false,"is_daily":false,"chose_seed":false,"campfire_upgraded":3,"win_rate":0,"timestamp":1560565306,"path_taken":["M","?","?","?","?","E","R","E","T","$","M","$","E","M","R","BOSS","M","?","?","?","M","R","M","?","T","E","?","R","E","?","R","BOSS","M","$","?","M","?","R","M","R","T","E","M"],"build_version":"2019-01-23","purchased_purges":1,"victory":false,"max_hp_per_floor":[75,75,75,75,75,75,75,75,75,75,75,75,75,75,75,75,75,75,75,75,75,75,75,75,75,75,75,75,75,75,75,75,75,75,75,75,71,71,71,71,71,71,71,71,71],"card_choices":[{"not_picked":["Flex","Burning Pact"],"picked":"Intimidate","floor":1},{"not_picked":["Headbutt","Armaments"],"picked":"Thunderclap","floor":4},{"not_picked":["Flex","Havoc"],"picked":"Anger","floor":6},{"not_picked":["Armaments","Hemokinesis"],"picked":"Combust","floor":8},{"not_picked":["Dark Embrace","Twin Strike"],"picked":"Iron Wave","floor":11},{"not_picked":["Pommel Strike","Armaments"],"picked":"Reaper","floor":13},{"not_picked":["Pommel Strike","Armaments"],"picked":"Clothesline","floor":14},{"not_picked":["Offering","Double Tap"],"picked":"Demon Form","floor":16},{"not_picked":[],"picked":"Battle Trance","floor":18},{"not_picked":[],"picked":"True Grit","floor":22},{"not_picked":["Thunderclap"],"picked":"SKIP","floor":24},{"not_picked":["Headbutt"],"picked":"SKIP","floor":27},{"not_picked":["Bludgeon"],"picked":"SKIP","floor":28},{"not_picked":[],"picked":"Disarm","floor":30},{"not_picked":[],"picked":"Shrug It Off+1","floor":35},{"not_picked":[],"picked":"Shockwave+1","floor":38},{"not_picked":["Perfected Strike"],"picked":"SKIP","floor":41},{"not_picked":["Armaments"],"picked":"SKIP","floor":44}],"player_experience":1037596,"relics_obtained":[{"floor":6,"key":"Bronze Scales"},{"floor":8,"key":"Mummified Hand"},{"floor":13,"key":"Centennial Puzzle"},{"floor":19,"key":"Red Mask"},{"floor":26,"key":"Kunai"},{"floor":27,"key":"Vajra"},{"floor":30,"key":"Red Skull"},{"floor":43,"key":"Anchor"},{"floor":44,"key":"Toxic Egg 2"}],"event_choices":[{"damage_healed":0,"gold_gain":0,"player_choice":"Box","damage_taken":0,"relics_obtained":["Sundial"],"max_hp_gain":0,"max_hp_loss":0,"event_name":"Big Fish","floor":2,"gold_loss":0,"cards_obtained":["Regret"]},{"damage_healed":0,"gold_gain":0,"player_choice":"Upgraded","damage_taken":0,"max_hp_gain":0,"max_hp_loss":0,"event_name":"Upgrade Shrine","floor":3,"gold_loss":0,"cards_upgraded":["Bash"]},{"damage_healed":0,"gold_gain":0,"player_choice":"Fought Bandits","damage_taken":0,"max_hp_gain":0,"max_hp_loss":0,"event_name":"Masked Bandits","floor":19,"gold_loss":0},{"damage_healed":0,"gold_gain":50,"player_choice":"Stole From Cult","damage_taken":0,"max_hp_gain":0,"max_hp_loss":0,"event_name":"Nest","floor":20,"gold_loss":0},{"damage_healed":0,"gold_gain":0,"player_choice":"Obtain J.A.X.","damage_taken":0,"max_hp_gain":0,"max_hp_loss":0,"event_name":"Drug Dealer","floor":21,"gold_loss":0,"cards_obtained":["J.A.X."]},{"damage_healed":0,"gold_gain":0,"player_choice":"Ignored","damage_taken":0,"max_hp_gain":0,"max_hp_loss":0,"event_name":"The Mausoleum","floor":25,"gold_loss":0},{"damage_healed":0,"gold_gain":0,"player_choice":"Ignored","damage_taken":0,"max_hp_gain":0,"max_hp_loss":0,"event_name":"Cursed Tome","floor":31,"gold_loss":0},{"damage_healed":0,"gold_gain":0,"player_choice":"Max HP","damage_taken":0,"max_hp_gain":0,"max_hp_loss":4,"event_name":"Winding Halls","floor":37,"gold_loss":0},{"cards_removed":["Defend_R"],"damage_healed":0,"gold_gain":0,"player_choice":"Removed Skill","damage_taken":0,"max_hp_gain":0,"max_hp_loss":0,"event_name":"Falling","floor":39,"gold_loss":0}],"is_beta":false,"boss_relics":[{"not_picked":["Pandora\u0027s Box","Calling Bell"],"picked":"Busted Crown"},{"not_picked":["Philosopher\u0027s Stone","Runic Pyramid"],"picked":"Sozu"}],"items_purged_floors":[5],"is_endless":false,"potions_floor_spawned":[4,8,13,16,22,27,28,35,44],"killed_by":"Writhing Mass","ascension_level":20}