{"gold_per_floor":[20,20,41,216,216,256,256,271,271,271],"floor_reached":10,"playtime":403,"items_purged":[],"score":73,"play_id":"9e2671ca-b153-4620-8120-8e6c24d43be0","local_time":"20181107154836","is_ascension_mode":true,"campfire_choices":[{"floor":7,"key":"DIG"}],"neow_cost":"NO_GOLD","seed_source_timestamp":706782296446907,"circlet_count":0,"master_deck":["Strike_R","Strike_R","Strike_R","Strike_R","Defend_R","Defend_R","Defend_R","Bash+1","Armaments","Doubt","Metallicize"],"relics":["Burning Blood","Golden Idol","Shovel","Self Forming Clay","Ice Cream"],"potions_floor_usage":[],"damage_taken":[{"damage":6,"enemies":"Cultist","floor":1,"turns":4},{"damage":9,"enemies":"Jaw Worm","floor":3,"turns":4},{"damage":36,"enemies":"Gremlin Nob","floor":6,"turns":5},{"damage":12,"enemies":"Small Slimes","floor":8,"turns":5},{"damage":22,"enemies":"Exordium Thugs","floor":10,"turns":5}],"seed_played":"3622605799666968880","potions_obtained":[{"floor":6,"key":"Strength Potion"}],"is_trial":false,"path_per_floor":["M","?","M","?","?","E","R","M","T","M"],"character_chosen":"IRONCLAD","items_purchased":[],"campfire_rested":0,"item_purchase_floors":[],"current_hp_per_floor":[80,60,57,57,57,27,27,21,21,0],"gold":271,"neow_bonus":"REMOVE_TWO","is_prod":false,"is_daily":false,"chose_seed":false,"campfire_upgraded":0,"win_rate":0,"timestamp":1541623716,"path_taken":["M","?","M","?","?","E","R","M","T","?"],"build_version":"2018-11-01","purchased_purges":0,"victory":false,"max_hp_per_floor":[80,80,80,80,80,80,80,80,80,80],"card_choices":[{"not_picked":["Wild Strike","Headbutt"],"picked":"Armaments","floor":1},{"not_picked":["Cleave","Body Slam","True Grit"],"picked":"SKIP","floor":3},{"not_picked":["Warcry","Rupture","Anger"],"picked":"SKIP","floor":6},{"not_picked":["Rupture","Combust"],"picked":"Metallicize","floor":8}],"player_experience":82097,"relics_obtained":[{"floor":6,"key":"Shovel"},{"floor":7,"key":"Self Forming Clay"},{"floor":9,"key":"Ice Cream"}],"event_choices":[{"damage_healed":0,"gold_gain":0,"player_choice":"Take Damage","damage_taken":20,"relics_obtained":["Golden Idol"],"max_hp_gain":0,"max_hp_loss":0,"event_name":"Golden Idol","floor":2,"gold_loss":0},{"damage_healed":0,"gold_gain":175,"player_choice":"AGREE","damage_taken":0,"max_hp_gain":0,"max_hp_loss":0,"event_name":"Liars Game","floor":4,"gold_loss":0,"cards_obtained":["Doubt"]},{"damage_healed":0,"gold_gain":0,"player_choice":"Forge","damage_taken":0,"max_hp_gain":0,"max_hp_loss":0,"event_name":"Accursed Blacksmith","floor":5,"gold_loss":0,"cards_upgraded":["Bash"]}],"is_beta":false,"boss_relics":[],"items_purged_floors":[],"is_endless":false,"potions_floor_spawned":[6],"killed_by":"Exordium Thugs","ascension_level":2}