{"gold_per_floor":[114,129,144,144,159,189,204,234,259,274,60,90,105,135,135,135],"floor_reached":16,"playtime":1171,"items_purged":["Strike_R"],"score":134,"play_id":"b20fa549-7f0a-4288-a97c-55c3db4465c7","local_time":"20181108111841","daily_mods":["Heirloom","Green Cards","Elite Swarm"],"is_ascension_mode":false,"campfire_choices":[{"floor":15,"key":"REST"}],"neow_cost":"","seed_source_timestamp":0,"circlet_count":0,"master_deck":["Strike_R+1","Strike_R","Strike_R","Strike_R","Defend_R","Defend_R","Defend_R","Defend_R","Bash","Fire Breathing","PiercingWail","Flex+1","Metallicize","Impervious","Warcry","Calculated Gamble","Blade Dance","Discovery","Die Die Die","Flex+1","Bullet Time+1"],"special_seed":17843,"relics":["Burning Blood","Charon\u0027s Ashes","Anchor","Question Card","Art of War","Toxic Egg 2","Happy Flower"],"potions_floor_usage":[10,14,14],"damage_taken":[{"damage":0,"enemies":"Small Slimes","floor":1,"turns":3},{"damage":4,"enemies":"2 Louse","floor":2,"turns":4},{"damage":5,"enemies":"Jaw Worm","floor":3,"turns":6},{"damage":5,"enemies":"Blue Slaver","floor":5,"turns":4},{"damage":32,"enemies":"Gremlin Nob","floor":6,"turns":5},{"damage":0,"enemies":"Exordium Wildlife","floor":7,"turns":4},{"damage":27,"enemies":"Lagavulin","floor":8,"turns":8},{"damage":0,"enemies":"Lots of Slimes","floor":10,"turns":4},{"damage":6,"enemies":"Gremlin Nob","floor":12,"turns":3},{"damage":0,"enemies":"2 Fungi Beasts","floor":13,"turns":2},{"damage":26,"enemies":"Lagavulin","floor":14,"turns":6},{"damage":43,"enemies":"Hexaghost","floor":16,"turns":9}],"seed_played":"-8528799045221006880","potions_obtained":[{"floor":1,"key":"Poison Potion"},{"floor":3,"key":"AttackPotion"},{"floor":5,"key":"SpeedPotion"},{"floor":12,"key":"Swift Potion"}],"is_trial":false,"path_per_floor":["M","M","M","?","M","E","M","E","T","M","$","E","M","E","R","B"],"character_chosen":"IRONCLAD","items_purchased":["Blade Dance","Discovery"],"campfire_rested":1,"item_purchase_floors":[11,11],"current_hp_per_floor":[80,80,80,64,65,39,45,24,24,30,30,30,36,16,40,0],"gold":135,"neow_bonus":"","is_prod":false,"is_daily":true,"chose_seed":false,"campfire_upgraded":0,"win_rate":0,"timestamp":1541693921,"path_taken":["M","M","M","?","M","E","M","E","T","M","$","E","M","E","R","BOSS"],"build_version":"2018-11-01","purchased_purges":1,"victory":false,"max_hp_per_floor":[80,80,80,80,80,80,80,80,80,80,80,80,80,80,80,80],"card_choices":[{"not_picked":["Underhanded Strike","Sentinel"],"picked":"Fire Breathing","floor":1},{"not_picked":["Disarm","Dagger Throw"],"picked":"PiercingWail","floor":2},{"not_picked":["Prepared","Heavy Blade"],"picked":"Flex","floor":3},{"not_picked":["Deadly Poison","Pommel Strike"],"picked":"Metallicize","floor":5},{"not_picked":["Glass Knife","Barricade"],"picked":"Impervious","floor":6},{"not_picked":["Flying Knee","Cleave"],"picked":"Warcry","floor":7},{"not_picked":["Barricade","Corpse Explosion","Grand Finale"],"picked":"SKIP","floor":8},{"not_picked":["Blur","Cleave","Clothesline"],"picked":"Calculated Gamble","floor":10},{"not_picked":["Juggernaut","Fiend Fire","Demon Form"],"picked":"Die Die Die","floor":12},{"not_picked":["Clothesline","Entrench+1","Dual Wield+1"],"picked":"Flex+1","floor":13},{"not_picked":["After Image","Wraith Form v2","Fiend Fire"],"picked":"Bullet Time+1","floor":14}],"player_experience":92048,"relics_obtained":[{"floor":6,"key":"Anchor"},{"floor":8,"key":"Question Card"},{"floor":9,"key":"Art of War"},{"floor":12,"key":"Toxic Egg 2"},{"floor":14,"key":"Happy Flower"}],"event_choices":[{"damage_healed":0,"gold_gain":0,"player_choice":"Entered Light","damage_taken":16,"max_hp_gain":0,"max_hp_loss":0,"event_name":"Shining Light","floor":4,"gold_loss":0,"cards_upgraded":["Strike_R","Flex"]}],"is_beta":false,"boss_relics":[],"items_purged_floors":[11],"is_endless":false,"potions_floor_spawned":[1,3,5,12,13],"killed_by":"Hexaghost","ascension_level":0}