{"gold_per_floor":[115,115,115,140,16,51,51,65,65,79,29,49,82,92,92,188,188,204,27,27,27,47,47,66,66,66,92,107,107,31,31,31,130,130,142,142,142,190,203,203,32,32,32,32,42,42,42],"floor_reached":47,"playtime":3582,"items_purged":["Regret","Strike_B"],"score":838,"play_id":"6add63f0-dcb4-4f1a-904f-f4b4f2241c05","local_time":"20190214235018","is_ascension_mode":true,"campfire_choices":[{"data":"Loop","floor":7,"key":"SMITH"},{"data":"Buffer","floor":15,"key":"SMITH"},{"data":"Rainbow","floor":23,"key":"SMITH"},{"data":"Self Repair","floor":25,"key":"SMITH"},{"floor":32,"key":"REST"},{"data":"Consume","floor":40,"key":"SMITH"},{"data":"White Noise","floor":42,"key":"SMITH"},{"data":"Core Surge","floor":44,"key":"SMITH"},{"data":"Biased Cognition","floor":46,"key":"SMITH"}],"neow_cost":"NONE","seed_source_timestamp":51443233879053,"circlet_count":0,"master_deck":["AscendersBane","Defend_B","Defend_B","Defend_B","Zap","Dualcast","Loop+1","Rebound","Conserve Battery","Biased Cognition+1","Leap","Buffer+1","Consume+1","Glacier","Electrodynamics","Self Repair+1","Rainbow+1","Machine Learning","Self Repair+1","Core Surge+1","Coolheaded","White Noise+1","Force Field","Storm+1"],"relics":["Cracked Core","NeowsBlessing","Bag of Preparation","Art of War","Incense Burner","Shuriken","Dodecahedron","Velvet Choker","Frozen Egg 2","Gremlin Horn","Inserter","Calipers","Bottled Flame"],"potions_floor_usage":[13,16,27,27,45,47],"damage_taken":[{"damage":0,"enemies":"Small Slimes","floor":1,"turns":1},{"damage":0,"enemies":"3 Sentries","floor":6,"turns":1},{"damage":0,"enemies":"Jaw Worm","floor":8,"turns":1},{"damage":0,"enemies":"Cultist","floor":10,"turns":2},{"damage":0,"enemies":"2 Fungi Beasts","floor":12,"turns":3},{"damage":23,"enemies":"Gremlin Nob","floor":13,"turns":4},{"damage":8,"enemies":"Large Slime","floor":14,"turns":6},{"damage":0,"enemies":"The Guardian","floor":16,"turns":13},{"damage":12,"enemies":"Shell Parasite","floor":18,"turns":4},{"damage":0,"enemies":"Chosen","floor":22,"turns":6},{"damage":7,"enemies":"3 Cultists","floor":24,"turns":5},{"damage":30,"enemies":"Slavers","floor":27,"turns":4},{"damage":8,"enemies":"Snake Plant","floor":28,"turns":4},{"damage":4,"enemies":"Automaton","floor":33,"turns":11},{"damage":39,"enemies":"3 Darklings","floor":35,"turns":4},{"damage":43,"enemies":"2 Orb Walkers","floor":38,"turns":6},{"damage":0,"enemies":"Orb Walker","floor":39,"turns":5},{"damage":16,"enemies":"Maw","floor":45,"turns":5},{"damage":52,"enemies":"Reptomancer","floor":47,"turns":2}],"seed_played":"-1794806691069420445","potions_obtained":[{"floor":6,"key":"Strength Potion"},{"floor":10,"key":"EssenceOfSteel"},{"floor":13,"key":"Weak Potion"},{"floor":22,"key":"EssenceOfSteel"},{"floor":24,"key":"Dexterity Potion"},{"floor":39,"key":"Ancient Potion"}],"is_trial":false,"path_per_floor":["M","?","?","T","$","E","R","M","T","M","?","M","E","M","R","B",null,"M","$","?","?","M","R","M","R","T","E","M","?","$","?","R","B",null,"M","?","?","?","M","R","$","R","T","R","M","R","E"],"character_chosen":"DEFECT","items_purchased":["Conserve Battery","Self Repair","Self Repair+1","Force Field","Storm+1","PowerPotion"],"campfire_rested":1,"item_purchase_floors":[5,19,30,41,41,41],"current_hp_per_floor":[68,68,68,68,68,68,68,68,68,68,68,68,45,37,37,37,66,54,54,40,40,47,47,47,47,47,17,19,45,45,45,69,80,80,61,61,61,28,38,38,38,38,38,38,42,42,0],"gold":42,"neow_bonus":"THREE_ENEMY_KILL","is_prod":false,"is_daily":false,"chose_seed":false,"campfire_upgraded":8,"win_rate":0,"timestamp":1550217018,"path_taken":["M","?","?","?","?","E","R","M","T","?","?","M","E","M","R","BOSS","M","$","?","?","M","R","M","R","T","E","M","?","?","?","R","BOSS","M","?","?","?","M","R","$","R","T","R","M","R","E"],"build_version":"2019-01-23","purchased_purges":2,"victory":false,"max_hp_per_floor":[75,75,75,75,75,75,75,75,75,75,75,75,75,75,75,75,75,75,75,80,80,80,80,80,80,80,80,80,80,80,80,80,80,80,80,80,76,76,76,76,76,76,76,76,76,76,76],"card_choices":[{"not_picked":["Rebound","Streamline"],"picked":"Loop","floor":1},{"not_picked":["Turbo","Rainbow"],"picked":"Biased Cognition","floor":6},{"not_picked":["Beam Cell","Streamline"],"picked":"Leap","floor":8},{"not_picked":["Redo","Gash"],"picked":"Buffer","floor":10},{"not_picked":["Go for the Eyes","Turbo","Scrape"],"picked":"SKIP","floor":12},{"not_picked":["Turbo","Auto Shields"],"picked":"Consume","floor":13},{"not_picked":["Turbo","Redo"],"picked":"Glacier","floor":14},{"not_picked":["Seek","Fission"],"picked":"Electrodynamics","floor":16},{"not_picked":["Gash","Heatsinks","Stack+1"],"picked":"SKIP","floor":18},{"not_picked":["Auto Shields","Double Energy","FTL"],"picked":"SKIP","floor":22},{"not_picked":["Streamline+1","Go for the Eyes","Gash+1"],"picked":"SKIP","floor":24},{"not_picked":["Sweeping Beam","Turbo","Rebound"],"picked":"SKIP","floor":27},{"not_picked":["Turbo","Sunder","Barrage"],"picked":"SKIP","floor":28},{"not_picked":["Hyperbeam","Seek"],"picked":"Core Surge","floor":33},{"not_picked":["Conserve Battery","Cold Snap+1"],"picked":"Coolheaded","floor":35},{"not_picked":["Rip and Tear","Sweeping Beam+1"],"picked":"White Noise","floor":38},{"not_picked":["Steam","Auto Shields+1","Doom and Gloom"],"picked":"SKIP","floor":39},{"not_picked":["Rebound","Self Repair+1","Chaos"],"picked":"SKIP","floor":45}],"player_experience":621827,"relics_obtained":[{"floor":4,"key":"Art of War"},{"floor":6,"key":"Incense Burner"},{"floor":9,"key":"Shuriken"},{"floor":13,"key":"Dodecahedron"},{"floor":26,"key":"Frozen Egg 2"},{"floor":27,"key":"Gremlin Horn"},{"floor":38,"key":"Calipers"},{"floor":43,"key":"Bottled Flame"}],"event_choices":[{"damage_healed":0,"gold_gain":0,"cards_transformed":["Strike_B"],"player_choice":"Change","damage_taken":0,"max_hp_gain":0,"max_hp_loss":0,"event_name":"Living Wall","floor":2,"gold_loss":0,"cards_obtained":["Rebound"]},{"damage_healed":0,"gold_gain":0,"player_choice":"Box","damage_taken":0,"relics_obtained":["Bag of Preparation"],"max_hp_gain":0,"max_hp_loss":0,"event_name":"Big Fish","floor":3,"gold_loss":0,"cards_obtained":["Regret"]},{"cards_removed":["Strike_B"],"damage_healed":0,"gold_gain":0,"player_choice":"Card Removal","damage_taken":0,"max_hp_gain":0,"max_hp_loss":0,"event_name":"The Cleric","floor":11,"gold_loss":50},{"damage_healed":0,"gold_gain":0,"player_choice":"Shed Blood","damage_taken":19,"max_hp_gain":5,"max_hp_loss":0,"event_name":"Forgotten Altar","floor":20,"gold_loss":0},{"damage_healed":0,"gold_gain":0,"cards_transformed":["Strike_B","Defend_B"],"player_choice":"Became Test Subject","damage_taken":0,"max_hp_gain":0,"max_hp_loss":0,"event_name":"Drug Dealer","floor":21,"gold_loss":0,"cards_obtained":["Rainbow","Machine Learning"]},{"damage_healed":26,"gold_gain":0,"player_choice":"Heal","damage_taken":0,"max_hp_gain":0,"max_hp_loss":0,"event_name":"The Library","floor":29,"gold_loss":0},{"damage_healed":0,"gold_gain":0,"player_choice":"Ignored","damage_taken":0,"max_hp_gain":0,"max_hp_loss":0,"event_name":"Tomb of Lord Red Mask","floor":36,"gold_loss":0},{"damage_healed":0,"gold_gain":0,"player_choice":"Max HP","damage_taken":0,"max_hp_gain":0,"max_hp_loss":4,"event_name":"Winding Halls","floor":37,"gold_loss":0},{"damage_healed":0,"gold_gain":0,"player_choice":"Fight","damage_taken":0,"max_hp_gain":0,"max_hp_loss":0,"event_name":"Mysterious Sphere","floor":38,"gold_loss":0}],"is_beta":false,"boss_relics":[{"not_picked":["Runic Dome","Orrery"],"picked":"Velvet Choker"},{"not_picked":["Lizard Tail","Calling Bell"],"picked":"Inserter"}],"items_purged_floors":[5,19],"is_endless":false,"potions_floor_spawned":[6,10,13,22,24,39],"killed_by":"Reptomancer","ascension_level":12}