{"gold_per_floor":[111,125,140,140,160,194,194,212,237,255,11,25,51,61,61,61],"floor_reached":16,"playtime":1541,"items_purged":[],"score":116,"play_id":"d5a73561-204f-472b-9be7-751e5365c940","local_time":"20190910215151","is_ascension_mode":false,"campfire_choices":[{"floor":7,"key":"REST"},{"floor":15,"key":"REST"}],"neow_cost":"CURSE","seed_source_timestamp":2433033970090028,"circlet_count":0,"master_deck":["Strike_P","Strike_P","Strike_P","Strike_P","Defend_P","Defend_P","Defend_P","Defend_P","Eruption","Vigilance","Normality","FollowUp","CleanseEvil","Vault","ClearTheMind"],"relics":["PureWater","Ginger","Pocketwatch","Boot","Regal Pillow","Singing Bowl","Lantern"],"potions_floor_usage":[16,16,16],"damage_taken":[{"damage":3,"enemies":"Cultist","floor":1,"turns":5},{"damage":0,"enemies":"Small Slimes","floor":2,"turns":4},{"damage":2,"enemies":"2 Louse","floor":3,"turns":3},{"damage":14,"enemies":"2 Fungi Beasts","floor":5,"turns":3},{"damage":34,"enemies":"Gremlin Nob","floor":6,"turns":6},{"damage":6,"enemies":"Looter","floor":8,"turns":4},{"damage":2,"enemies":"Exordium Thugs","floor":10,"turns":5},{"damage":3,"enemies":"Blue Slaver","floor":12,"turns":3},{"damage":4,"enemies":"Lagavulin","floor":13,"turns":7},{"damage":2,"enemies":"3 Louse","floor":14,"turns":2},{"damage":58,"enemies":"Hexaghost","floor":16,"turns":11}],"seed_played":"-1828639928773675647","potions_obtained":[{"floor":1,"key":"DuplicationPotion"},{"floor":6,"key":"Block Potion"},{"floor":10,"key":"SkillPotion"},{"floor":12,"key":"GamblersBrew"}],"is_trial":false,"path_per_floor":["M","M","M","?","M","E","R","M","T","M","$","M","E","M","R","B"],"character_chosen":"WATCHER","items_purchased":["Singing Bowl"],"campfire_rested":2,"item_purchase_floors":[11],"current_hp_per_floor":[62,62,60,60,46,12,31,25,25,23,23,22,18,18,53,0],"gold":61,"neow_bonus":"ONE_RARE_RELIC","is_prod":false,"is_daily":false,"chose_seed":false,"campfire_upgraded":0,"win_rate":0.0,"timestamp":1568166711,"path_taken":["M","M","?","?","M","E","R","?","T","M","$","M","E","M","R","BOSS"],"build_version":"2019-09-10","purchased_purges":0,"victory":false,"max_hp_per_floor":[65,65,65,65,65,65,65,65,65,65,65,67,67,69,69,69],"card_choices":[{"not_picked":["BowlingBash","Weave"],"picked":"FollowUp","floor":1},{"not_picked":["CarveReality","WaveOfTheHand","Establishment"],"picked":"SKIP","floor":2},{"not_picked":["JustLucky","Collect"],"picked":"CleanseEvil","floor":3},{"not_picked":["CrushJoints","Crescendo","ClearTheMind"],"picked":"SKIP","floor":5},{"not_picked":["JustLucky","Omniscience"],"picked":"Vault","floor":6},{"not_picked":["Meditate","EmptyBody","BowlingBash"],"picked":"SKIP","floor":8},{"not_picked":["Adaptation","CrushJoints","Crescendo"],"picked":"SKIP","floor":10},{"not_picked":["CutThroughFate","Weave","WreathOfFlame"],"picked":"Singing Bowl","floor":12},{"not_picked":["Swivel","Vengeance"],"picked":"ClearTheMind","floor":13},{"not_picked":["ClearTheMind","Weave","Protect"],"picked":"Singing Bowl","floor":14}],"player_experience":152240,"relics_obtained":[{"floor":6,"key":"Boot"},{"floor":9,"key":"Regal Pillow"},{"floor":13,"key":"Lantern"}],"event_choices":[{"damage_healed":0,"gold_gain":0,"player_choice":"Gave Potion","damage_taken":0,"relics_obtained":["Pocketwatch"],"max_hp_gain":0,"max_hp_loss":0,"event_name":"WeMeetAgain","floor":4,"gold_loss":0}],"is_beta":true,"boss_relics":[],"items_purged_floors":[],"is_endless":false,"potions_floor_spawned":[1,6,10,12,13],"killed_by":"Hexaghost","ascension_level":0}