{"gold_per_floor":[110,130,144,144,156,183,195,195,195,160,176,176,208,208,208,303,303,315,150,163,11,27,52,52,52,104,116,142,154,65,79,79,79],"floor_reached":33,"playtime":8070,"items_purged":["Defend_G"],"score":277,"play_id":"2bf02942-7ef8-4ef8-8bf8-887c53ec0f3d","local_time":"20190721222536","is_ascension_mode":false,"campfire_choices":[{"floor":8,"key":"REST"},{"data":"Terror","floor":12,"key":"SMITH"},{"floor":15,"key":"REST"},{"floor":25,"key":"REST"},{"floor":27,"key":"REST"},{"floor":32,"key":"REST"}],"neow_cost":"NONE","seed_source_timestamp":99790289003120,"circlet_count":0,"master_deck":["Strike_G","Strike_G","Strike_G","Strike_G","Strike_G","Defend_G","Defend_G","Defend_G","Defend_G","Survivor","Neutralize","Dagger Throw","PiercingWail","Terror+1","Heel Hook","Well Laid Plans","Footwork","Crippling Poison+1","Wraith Form v2","Prepared","Noxious Fumes","Outmaneuver+1","Distraction","Escape Plan+1","Backstab","Violence","Glass Knife"],"relics":["Ring of the Snake","PreservedInsect","Pocketwatch","Sundial","Question Card","Kunai","Lizard Tail","Potion Belt","Darkstone Periapt","MawBank"],"potions_floor_usage":[16,23,23,31,31,31,33,33],"damage_taken":[{"damage":0,"enemies":"Small Slimes","floor":1,"turns":4},{"damage":1,"enemies":"Jaw Worm","floor":2,"turns":5},{"damage":4,"enemies":"Cultist","floor":3,"turns":5},{"damage":5,"enemies":"3 Louse","floor":5,"turns":5},{"damage":18,"enemies":"Lagavulin","floor":6,"turns":5},{"damage":2,"enemies":"Looter","floor":7,"turns":4},{"damage":2,"enemies":"Blue Slaver","floor":11,"turns":4},{"damage":16,"enemies":"Gremlin Nob","floor":13,"turns":3},{"damage":52,"enemies":"Slime Boss","floor":16,"turns":12},{"damage":6,"enemies":"3 Byrds","floor":18,"turns":4},{"damage":8,"enemies":"Spheric Guardian","floor":20,"turns":7},{"damage":7,"enemies":"Snecko","floor":22,"turns":7},{"damage":47,"enemies":"Gremlin Leader","floor":23,"turns":5},{"damage":26,"enemies":"Cultist and Chosen","floor":28,"turns":7},{"damage":11,"enemies":"Centurion and Healer","floor":31,"turns":9},{"damage":90,"enemies":"Champ","floor":33,"turns":16}],"seed_played":"-2774019450421227027","potions_obtained":[{"floor":2,"key":"Ancient Potion"},{"floor":7,"key":"GhostInAJar"},{"floor":11,"key":"AttackPotion"},{"floor":16,"key":"SkillPotion"},{"floor":23,"key":"FearPotion"},{"floor":28,"key":"Strength Potion"}],"is_trial":false,"path_per_floor":["M","M","M","?","M","E","M","R","T","?","M","R","E","?","R","B",null,"M","$","M","$","M","E","?","R","T","R","M","?","$","M","R","B"],"character_chosen":"THE_SILENT","items_purchased":["Bandage Up","Potion Belt","AttackPotion","Weak Potion"],"campfire_rested":5,"item_purchase_floors":[19,21,30,30],"current_hp_per_floor":[70,69,65,47,42,24,22,43,43,60,58,58,42,42,63,11,70,64,64,60,60,57,14,5,26,26,47,25,25,25,14,35,0],"gold":79,"neow_bonus":"RANDOM_COMMON_RELIC","is_prod":false,"is_daily":false,"chose_seed":false,"campfire_upgraded":1,"win_rate":0.0,"timestamp":1563762336,"path_taken":["M","M","M","?","M","E","M","R","T","?","M","R","E","?","R","BOSS","M","?","M","$","M","E","?","R","T","R","M","?","?","M","R","BOSS"],"build_version":"2019-07-17","purchased_purges":1,"victory":false,"max_hp_per_floor":[70,70,70,70,70,70,70,70,70,70,70,70,70,70,70,70,70,70,70,70,70,70,70,70,70,70,70,70,70,70,70,70,70],"card_choices":[{"not_picked":["Quick Slash","Bane"],"picked":"Dagger Throw","floor":1},{"not_picked":["Dagger Throw","Footwork"],"picked":"PiercingWail","floor":2},{"not_picked":["Blade Dance","Sucker Punch"],"picked":"Terror","floor":3},{"not_picked":["Bane","PiercingWail"],"picked":"Heel Hook","floor":5},{"not_picked":["PiercingWail","Deflect"],"picked":"Well Laid Plans","floor":6},{"not_picked":["Flechettes","Terror"],"picked":"Footwork","floor":7},{"not_picked":["Underhanded Strike","Blade Dance","Reflex"],"picked":"Catalyst","floor":11},{"not_picked":["Expertise","Masterful Stab","Predator"],"picked":"Crippling Poison","floor":13},{"not_picked":["After Image","A Thousand Cuts","Tools of the Trade"],"picked":"Wraith Form v2","floor":16},{"not_picked":["Backflip","Acrobatics","Blade Dance"],"picked":"Prepared","floor":18},{"not_picked":["Underhanded Strike+1","Footwork+1","Poisoned Stab"],"picked":"Noxious Fumes","floor":20},{"not_picked":["Dash","Noxious Fumes","Footwork"],"picked":"Outmaneuver+1","floor":22},{"not_picked":["Quick Slash","Well Laid Plans","Bouncing Flask"],"picked":"Distraction","floor":23},{"not_picked":["Deadly Poison+1","Noxious Fumes","Poisoned Stab"],"picked":"Escape Plan+1","floor":28},{"not_picked":["Slice","Dodge and Roll","Sucker Punch"],"picked":"Glass Knife","floor":31}],"player_experience":115970,"relics_obtained":[{"floor":6,"key":"Sundial"},{"floor":9,"key":"Question Card"},{"floor":13,"key":"Kunai"},{"floor":23,"key":"Darkstone Periapt"},{"floor":26,"key":"MawBank"}],"event_choices":[{"damage_healed":0,"gold_gain":0,"player_choice":"Success","damage_taken":18,"relics_obtained":["Pocketwatch"],"max_hp_gain":0,"max_hp_loss":0,"event_name":"Scrap Ooze","floor":4,"gold_loss":0},{"damage_healed":17,"gold_gain":0,"player_choice":"Healed","damage_taken":0,"max_hp_gain":0,"max_hp_loss":0,"event_name":"The Cleric","floor":10,"gold_loss":35},{"damage_healed":0,"gold_gain":0,"player_choice":"Upgraded","damage_taken":0,"max_hp_gain":0,"max_hp_loss":0,"event_name":"Upgrade Shrine","floor":14,"gold_loss":0,"cards_upgraded":["Crippling Poison"]},{"damage_healed":0,"gold_gain":0,"player_choice":"Stopped","damage_taken":9,"max_hp_gain":0,"max_hp_loss":0,"event_name":"Cursed Tome","floor":24,"gold_loss":0},{"damage_healed":0,"gold_gain":0,"cards_transformed":["Catalyst","Bandage Up"],"player_choice":"Became Test Subject","damage_taken":0,"max_hp_gain":0,"max_hp_loss":0,"event_name":"Drug Dealer","floor":29,"gold_loss":0,"cards_obtained":["Backstab","Violence"]}],"is_beta":false,"boss_relics":[{"not_picked":["Velvet Choker","HoveringKite"],"picked":"Lizard Tail"}],"items_purged_floors":[19],"is_endless":false,"potions_floor_spawned":[2,7,11,16,18,23,28],"killed_by":"Champ","ascension_level":0}