{"gold_per_floor":[19,19,37,53,16,16,41,41,41,41,74,88,88,105,105,201,201,217,102,137,137,154,188,188,201,225,225,125,141,176,190,190,289,289,308,325,78,78,78,78,55,66,145,172,172,200,210,228,228,228],"floor_reached":50,"playtime":7232,"items_purged":["Strike_R","Defend_R"],"score":575,"play_id":"0aae6574-aeec-400c-b3cb-91b32fa369e6","local_time":"20190811215328","is_ascension_mode":false,"campfire_choices":[{"data":"Entrench","floor":6.0,"key":"SMITH"},{"data":"Pommel Strike","floor":8.0,"key":"SMITH"},{"data":"Whirlwind","floor":15.0,"key":"SMITH"},{"data":"Dual Wield","floor":24.0,"key":"SMITH"},{"data":"Juggernaut","floor":27.0,"key":"SMITH"},{"data":"Battle Trance","floor":32.0,"key":"SMITH"},{"data":"Limit Break","floor":40.0,"key":"SMITH"},{"floor":49,"key":"REST"}],"neow_cost":"NO_GOLD","seed_source_timestamp":0,"circlet_count":0,"master_deck":["Defend_R","Shrug It Off","Flame Barrier","Heavy Blade+1","Pommel Strike+1","Entrench+1","Iron Wave","Battle Trance+1","Whirlwind+1","Juggernaut+1","Armaments+1","Dual Wield+1","Iron Wave","Thunderclap+1","Inflame+1","Inflame+1","Demon Form+1","Limit Break+1","Perfected Strike+1","Clash+1","Combust+1","Bloodletting+1","Heavy Blade","Spot Weakness+1","Flex+1","Panacea","Jack Of All Trades","Discovery","Feel No Pain+1","Corruption+1","Cleave"],"special_seed":0,"relics":["Burning Blood","WingedGreaves","Mummified Hand","Mercury Hourglass","GremlinMask","Snecko Eye","Red Mask","Frozen Egg 2","Whetstone","Gambling Chip","Astrolabe","Self Forming Clay","Darkstone Periapt","Letter Opener","Regal Pillow"],"potions_floor_usage":[47,47,50],"damage_taken":[{"damage":4.0,"enemies":"2 Louse","floor":1.0,"turns":4.0},{"damage":1.0,"enemies":"Cultist","floor":3.0,"turns":7.0},{"damage":0.0,"enemies":"Small Slimes","floor":4.0,"turns":3.0},{"damage":22.0,"enemies":"Gremlin Nob","floor":7.0,"turns":4.0},{"damage":29.0,"enemies":"3 Sentries","floor":11.0,"turns":16.0},{"damage":5.0,"enemies":"Exordium Wildlife","floor":12.0,"turns":6.0},{"damage":0.0,"enemies":"Large Slime","floor":14.0,"turns":3.0},{"damage":28.0,"enemies":"Slime Boss","floor":16.0,"turns":11.0},{"damage":0.0,"enemies":"Chosen","floor":18.0,"turns":4.0},{"damage":0.0,"enemies":"Masked Bandits","floor":20.0,"turns":2.0},{"damage":11.0,"enemies":"Shell Parasite","floor":22.0,"turns":5.0},{"damage":18.0,"enemies":"Slavers","floor":23.0,"turns":3.0},{"damage":0.0,"enemies":"Snake Plant","floor":25.0,"turns":2.0},{"damage":6.0,"enemies":"Snecko","floor":29.0,"turns":2.0},{"damage":0.0,"enemies":"Gremlin Leader","floor":30.0,"turns":2.0},{"damage":12.0,"enemies":"3 Cultists","floor":31.0,"turns":5.0},{"damage":13.0,"enemies":"Champ","floor":33.0,"turns":4.0},{"damage":18.0,"enemies":"3 Shapes","floor":35.0,"turns":3.0},{"damage":6.0,"enemies":"3 Darklings","floor":36.0,"turns":3.0},{"damage":13.0,"enemies":"Maw","floor":42.0,"turns":4.0},{"damage":8.0,"enemies":"Giant Head","floor":44.0,"turns":5.0},{"damage":43,"enemies":"Reptomancer","floor":46,"turns":3},{"damage":6,"enemies":"Sphere and 2 Shapes","floor":47,"turns":5},{"damage":7,"enemies":"4 Shapes","floor":48,"turns":2},{"damage":50,"enemies":"Donu and Deca","floor":50,"turns":4}],"seed_played":"-9062302277033435859","potions_obtained":[{"floor":7.0,"key":"Weak Potion"},{"floor":12.0,"key":"EssenceOfSteel"},{"floor":18.0,"key":"SkillPotion"},{"floor":22.0,"key":"SpeedPotion"},{"floor":25.0,"key":"Block Potion"},{"floor":30.0,"key":"AttackPotion"},{"floor":46,"key":"EssenceOfSteel"},{"floor":47,"key":"Dexterity Potion"},{"floor":48,"key":"Poison Potion"}],"is_trial":false,"path_per_floor":["M","?","M","M","$","R","E","R","T","?","E","M","?","M","R","B",null,"M","$","?","?","M","E","R","M","T","R","$","M","E","M","R","B",null,"M","M","$","?","$","R","$","M","T","E","?","E","M","M","R","B"],"character_chosen":"IRONCLAD","items_purchased":["Entrench","Dual Wield","Self Forming Clay","Heavy Blade"],"campfire_rested":1,"item_purchase_floors":[5,19,37,41],"current_hp_per_floor":[80,80,80,80,80,80,64,64,64,57,34,35,35,41,41,19,80,80,80,80,80,75,63,63,69,69,69,69,69,75,69,69,62,80,68,68,68,68,68,68,68,61,61,59,49,12,12,11,50,0],"gold":228,"neow_bonus":"REMOVE_TWO","is_prod":false,"is_daily":false,"chose_seed":false,"campfire_upgraded":7,"win_rate":0,"timestamp":1565574808,"path_taken":["M","?","M","M","$","R","E","R","T","?","E","M","?","M","R","BOSS","M","$","?","?","M","E","R","?","T","R","$","M","E","M","R","BOSS","M","M","$","?","$","R","$","?","T","E","?","E","M","M","R","BOSS"],"build_version":"2019-07-17","purchased_purges":2,"victory":false,"max_hp_per_floor":[80,80,80,80,80,80,80,80,80,80,80,80,80,80,80,80,80,80,80,80,80,80,80,80,80,80,80,80,80,80,80,80,80,80,80,80,80,80,80,80,80,80,80,80,80,80,80,80,80,80],"card_choices":[{"not_picked":["Twin Strike","Infernal Blade"],"picked":"Shrug It Off","floor":1.0},{"not_picked":["Perfected Strike","Ghostly Armor"],"picked":"Heavy Blade","floor":3.0},{"not_picked":["Pummel","Berserk"],"picked":"Pommel Strike","floor":4.0},{"not_picked":["Ghostly Armor","Rupture"],"picked":"Iron Wave","floor":7.0},{"not_picked":["Corruption","Body Slam"],"picked":"Infernal Blade","floor":11.0},{"not_picked":["Perfected Strike","Armaments"],"picked":"Battle Trance","floor":12.0},{"not_picked":["Infernal Blade","Metallicize"],"picked":"Whirlwind","floor":14.0},{"not_picked":["Barricade","Fiend Fire"],"picked":"Juggernaut","floor":16.0},{"not_picked":["Infernal Blade","Dual Wield"],"picked":"Armaments+1","floor":18.0},{"not_picked":["Battle Trance","Wild Strike+1"],"picked":"Thunderclap","floor":22.0},{"not_picked":["Rampage+1","Disarm"],"picked":"Inflame","floor":23.0},{"not_picked":["Whirlwind","Rage+1"],"picked":"Inflame+1","floor":25.0},{"not_picked":["Uppercut","Fire Breathing+1","Pummel"],"picked":"SKIP","floor":29.0},{"not_picked":["Anger","Hemokinesis+1"],"picked":"Demon Form+1","floor":30.0},{"not_picked":["Burning Pact","Second Wind","Twin Strike+1"],"picked":"SKIP","floor":31.0},{"not_picked":["Juggernaut+1","Fiend Fire"],"picked":"Limit Break","floor":33.0},{"not_picked":["Clothesline","Warcry+1"],"picked":"Bloodletting+1","floor":35.0},{"not_picked":["Armaments","Clothesline","Pommel Strike+1"],"picked":"SKIP","floor":36.0},{"not_picked":["Clash+1","Bloodletting+1"],"picked":"Spot Weakness+1","floor":42.0},{"not_picked":["Bludgeon","Spot Weakness"],"picked":"Flex+1","floor":44},{"not_picked":["Madness","Blind"],"picked":"Panacea","floor":45},{"not_picked":["Enlightenment","Transmutation"],"picked":"Jack Of All Trades","floor":45},{"not_picked":["Chrysalis","Forethought"],"picked":"Discovery","floor":45},{"not_picked":["Body Slam","Heavy Blade+1"],"picked":"Feel No Pain+1","floor":46},{"not_picked":["Uppercut","True Grit+1"],"picked":"Corruption+1","floor":47},{"not_picked":["Hemokinesis","Evolve+1"],"picked":"Cleave","floor":48}],"player_experience":65396,"relics_obtained":[{"floor":7.0,"key":"WingedGreaves"},{"floor":9.0,"key":"Mummified Hand"},{"floor":11.0,"key":"Mercury Hourglass"},{"floor":20.0,"key":"Red Mask"},{"floor":23.0,"key":"Frozen Egg 2"},{"floor":26.0,"key":"Whetstone"},{"floor":30.0,"key":"Gambling Chip"},{"floor":43.0,"key":"Darkstone Periapt"},{"floor":44,"key":"Letter Opener"},{"floor":46,"key":"Regal Pillow"}],"event_choices":[{"damage_healed":0.0,"max_hp_gain":0.0,"max_hp_loss":0.0,"gold_gain":0.0,"cards_transformed":["Strike_R"],"event_name":"Living Wall","player_choice":"Change","floor":2.0,"gold_loss":0.0,"damage_taken":0.0,"cards_obtained":["Flame Barrier"]},{"cards_removed":["Strike_R"],"damage_healed":0.0,"max_hp_gain":0.0,"max_hp_loss":0.0,"gold_gain":0.0,"event_name":"Golden Wing","player_choice":"Card Removal","floor":10.0,"gold_loss":0.0,"damage_taken":7.0},{"damage_healed":0.0,"max_hp_gain":0.0,"max_hp_loss":0.0,"gold_gain":0.0,"event_name":"FaceTrader","player_choice":"Trade","floor":13.0,"gold_loss":0.0,"damage_taken":0.0,"relics_obtained":["GremlinMask"]},{"damage_healed":0.0,"max_hp_gain":0.0,"max_hp_loss":0.0,"gold_gain":0.0,"event_name":"Masked Bandits","player_choice":"Fought Bandits","floor":20.0,"gold_loss":0.0,"damage_taken":0.0},{"cards_removed":["Defend_R"],"damage_healed":0.0,"max_hp_gain":0.0,"max_hp_loss":0.0,"gold_gain":0.0,"event_name":"NoteForYourself","player_choice":"Took Card","floor":21.0,"gold_loss":0.0,"damage_taken":0.0,"cards_obtained":["Iron Wave"]},{"damage_healed":0.0,"max_hp_gain":0.0,"max_hp_loss":0.0,"gold_gain":0.0,"event_name":"The Woman in Blue","player_choice":"Bought 0 Potions","floor":38.0,"gold_loss":0.0,"damage_taken":0.0},{"damage_healed":0,"gold_gain":0,"player_choice":"Memory 3","damage_taken":10,"max_hp_gain":0,"max_hp_loss":0,"event_name":"SensoryStone","floor":45,"gold_loss":0}],"is_beta":false,"boss_relics":[{"not_picked":["Black Star","Cursed Key"],"picked":"Snecko Eye"},{"not_picked":["Velvet Choker","Fusion Hammer"],"picked":"Astrolabe"}],"items_purged_floors":[19,28],"is_endless":false,"potions_floor_spawned":[7,12,18,22,25,30,33,35,46,47,48],"killed_by":"Donu and Deca","ascension_level":0}