{"gold_per_floor":[10,23,23,39,39,73,83,83,107,119,157,169,193,25,25,120,120,100,200,200,77,77,77,77,95,95,95,120,136,162,172,172,273,273,285,29,29,29],"floor_reached":39,"playtime":4355,"items_purged":["Strike_B"],"score":805,"play_id":"8606ac07-a30b-4340-ac99-345d0e731ddc","local_time":"20190120001412","is_ascension_mode":true,"campfire_choices":[{"data":"Hologram","floor":8,"key":"SMITH"},{"data":"Static Discharge","floor":12,"key":"SMITH"},{"data":"Coolheaded","floor":15,"key":"SMITH"},{"data":"Echo Form","floor":23,"key":"SMITH"},{"data":"Streamline","floor":24,"key":"SMITH"},{"data":"Self Repair","floor":27,"key":"SMITH"},{"data":"Defragment","floor":32,"key":"SMITH"}],"neow_cost":"NO_GOLD","seed_source_timestamp":174069228880211,"circlet_count":0,"master_deck":["Strike_B","Strike_B","Defend_B","Defend_B+1","Zap+1","Dualcast","Hologram+1","Cold Snap","Cold Snap","Glacier","Static Discharge+1","Coolheaded+1","Streamline+1","Echo Form+1","Self Repair+1","Melter","Amplify","Go for the Eyes+1","Defragment+1","Heatsinks","Core Surge","Ball Lightning+1","Defragment+1","Discovery","Storm"],"relics":["Cracked Core","Torii","War Paint","MawBank","Lantern","Bag of Preparation","Empty Cage","WingedGreaves","The Courier","Bottled Flame","Centennial Puzzle","Red Mask","Nuclear Battery","DollysMirror"],"potions_floor_usage":[6,6,11,19,19,28,30,30,33,38],"damage_taken":[{"damage":1,"enemies":"2 Louse","floor":1,"turns":3},{"damage":1,"enemies":"Cultist","floor":2,"turns":3},{"damage":0,"enemies":"Small Slimes","floor":4,"turns":2},{"damage":8,"enemies":"3 Sentries","floor":6,"turns":7},{"damage":8,"enemies":"2 Fungi Beasts","floor":7,"turns":3},{"damage":7,"enemies":"Gremlin Nob","floor":11,"turns":5},{"damage":0,"enemies":"Exordium Wildlife","floor":13,"turns":2},{"damage":3,"enemies":"Hexaghost","floor":16,"turns":11},{"damage":1,"enemies":"2 Thieves","floor":18,"turns":5},{"damage":22,"enemies":"Colosseum Slavers","floor":19,"turns":5},{"damage":26,"enemies":"Colosseum Nobs","floor":19,"turns":4},{"damage":5,"enemies":"3 Byrds","floor":25,"turns":7},{"damage":35,"enemies":"Gremlin Leader","floor":28,"turns":5},{"damage":8,"enemies":"Snecko","floor":29,"turns":6},{"damage":3,"enemies":"Masked Bandits","floor":30,"turns":3},{"damage":1,"enemies":"Centurion and Healer","floor":31,"turns":8},{"damage":22,"enemies":"Champ","floor":33,"turns":8},{"damage":7,"enemies":"3 Shapes","floor":35,"turns":5},{"damage":50,"enemies":"Time Eater","floor":38,"turns":10}],"seed_played":"-6251496913593429024","potions_obtained":[{"floor":2,"key":"Strength Potion"},{"floor":4,"key":"Fire Potion"},{"floor":5,"key":"FocusPotion"},{"floor":5,"key":"FocusPotion"},{"floor":6,"key":"Ancient Potion"},{"floor":16,"key":"Swift Potion"},{"floor":18,"key":"SpeedPotion"},{"floor":19,"key":"SkillPotion"},{"floor":28,"key":"Energy Potion"},{"floor":31,"key":"Regen Potion"},{"floor":35,"key":"Swift Potion"}],"is_trial":false,"path_per_floor":["M","M","?","M","?","E","M","R","T","$","E","R","M","$","R","B",null,"M","?","?","$","?","R","R","M","T","R","E","M","?","M","R","B",null,"M","$","?","B",null],"character_chosen":"DEFECT","items_purchased":["Bag of Preparation","Streamline","Self Repair","DollysMirror","Discovery","Storm"],"campfire_rested":0,"item_purchase_floors":[14,14,21,36,36,36],"current_hp_per_floor":[67,66,66,66,66,58,50,50,50,50,43,43,43,43,43,40,66,65,17,42,42,42,42,42,44,44,44,9,21,28,47,47,60,71,75,75,75,25],"gold":29,"neow_bonus":"ONE_RARE_RELIC","is_prod":false,"is_daily":false,"chose_seed":false,"campfire_upgraded":7,"win_rate":0,"timestamp":1547972052,"path_taken":["M","M","?","M","?","E","?","R","T","?","E","R","M","$","R","BOSS","M","?","?","$","?","R","R","?","T","R","E","M","?","M","R","BOSS","M","$","?","BOSS"],"build_version":"2019-01-17v2","purchased_purges":1,"victory":true,"max_hp_per_floor":[75,75,75,75,75,75,75,75,75,75,75,75,75,75,75,75,75,75,75,75,75,75,75,75,75,75,75,75,75,75,75,75,75,75,75,75,75,75],"card_choices":[{"not_picked":["Barrage","Fusion"],"picked":"Hologram","floor":1},{"not_picked":["Leap","Barrage"],"picked":"Cold Snap","floor":2},{"not_picked":["Sweeping Beam","Rebound"],"picked":"Cold Snap","floor":4},{"not_picked":["Auto Shields","Scrape"],"picked":"Glacier","floor":6},{"not_picked":["Conserve Battery","Recycle"],"picked":"Static Discharge","floor":7},{"not_picked":["Scrape","Sweeping Beam","Auto Shields"],"picked":"SKIP","floor":11},{"not_picked":["Auto Shields","Redo"],"picked":"Coolheaded","floor":13},{"not_picked":["Fission","Multi-Cast"],"picked":"Echo Form","floor":16},{"not_picked":["Streamline","Coolheaded","Chill"],"picked":"SKIP","floor":18},{"not_picked":["Hello World","Undo"],"picked":"Melter","floor":25},{"not_picked":["Reinforced Body","Genetic Algorithm"],"picked":"Amplify","floor":28},{"not_picked":["Sunder","FTL","Go for the Eyes+1"],"picked":"SKIP","floor":29},{"not_picked":["Sunder","FTL"],"picked":"Go for the Eyes+1","floor":29},{"not_picked":["Hologram+1","Sunder"],"picked":"Defragment","floor":30},{"not_picked":["Storm","Barrage"],"picked":"Heatsinks","floor":31},{"not_picked":["Fission","Rainbow"],"picked":"Core Surge","floor":33},{"not_picked":["Leap+1","Rebound"],"picked":"Ball Lightning+1","floor":35}],"player_experience":479011,"relics_obtained":[{"floor":6,"key":"War Paint"},{"floor":9,"key":"MawBank"},{"floor":11,"key":"Lantern"},{"floor":19,"key":"WingedGreaves"},{"floor":19,"key":"The Courier"},{"floor":26,"key":"Bottled Flame"},{"floor":28,"key":"Centennial Puzzle"},{"floor":30,"key":"Red Mask"}],"event_choices":[{"damage_healed":0,"gold_gain":0,"player_choice":"Ignored","damage_taken":0,"max_hp_gain":0,"max_hp_loss":0,"event_name":"Liars Game","floor":3,"gold_loss":0},{"damage_healed":0,"gold_gain":0,"player_choice":"Got Potions","damage_taken":0,"max_hp_gain":0,"max_hp_loss":0,"event_name":"Lab","floor":5,"gold_loss":0},{"damage_healed":0,"gold_gain":0,"player_choice":"Fight","damage_taken":0,"max_hp_gain":0,"max_hp_loss":0,"event_name":"Colosseum","floor":19,"gold_loss":0},{"damage_healed":0,"gold_gain":0,"player_choice":"Fought Nobs","damage_taken":0,"max_hp_gain":0,"max_hp_loss":0,"event_name":"Colosseum","floor":19,"gold_loss":0},{"damage_healed":25,"gold_gain":0,"player_choice":"Heal","damage_taken":0,"max_hp_gain":0,"max_hp_loss":0,"event_name":"The Library","floor":20,"gold_loss":0},{"cards_removed":["Strike_B"],"damage_healed":0,"gold_gain":0,"player_choice":"Elegance","damage_taken":0,"max_hp_gain":0,"max_hp_loss":0,"event_name":"Back to Basics","floor":22,"gold_loss":0},{"damage_healed":0,"gold_gain":0,"player_choice":"Fought Bandits","damage_taken":0,"max_hp_gain":0,"max_hp_loss":0,"event_name":"Masked Bandits","floor":30,"gold_loss":0},{"damage_healed":0,"gold_gain":0,"player_choice":"Took Portal","damage_taken":0,"max_hp_gain":0,"max_hp_loss":0,"event_name":"SecretPortal","floor":37,"gold_loss":0}],"is_beta":false,"boss_relics":[{"not_picked":["Calling Bell","White Beast Statue"],"picked":"Empty Cage"},{"not_picked":["Runic Dome","Busted Crown"],"picked":"Nuclear Battery"}],"items_purged_floors":[21],"is_endless":false,"potions_floor_spawned":[2,4,6,16,18,19,19,28,31,35],"ascension_level":9}