{"gold_per_floor":[218,234,234,105,125,125,142,160,160,160,160,7,7,7,7,106,106,123,97,114,128,140,140,158,177,177,177,177,177,102,120,120,221,221,239,76,92,92,112,112,131,151,151,186,186,201,216,66,66,66],"floor_reached":51,"playtime":3045,"items_purged":["Defend_G"],"score":698,"play_id":"2441a006-b03c-432c-aab5-914f6c6ba031","local_time":"20190916011357","is_ascension_mode":false,"campfire_choices":[{"data":"Neutralize","floor":6.0,"key":"SMITH"},{"data":"Footwork","floor":13.0,"key":"SMITH"},{"data":"Blur","floor":15.0,"key":"SMITH"},{"data":"Bullet Time","floor":23,"key":"SMITH"},{"data":"Cloak And Dagger","floor":27,"key":"SMITH"},{"data":"Adrenaline","floor":29,"key":"SMITH"},{"data":"Backflip","floor":32,"key":"SMITH"},{"data":"After Image","floor":40,"key":"SMITH"},{"data":"Footwork","floor":45,"key":"SMITH"},{"floor":49,"key":"REST"}],"neow_cost":"NONE","seed_source_timestamp":311135023968000,"circlet_count":0,"master_deck":["Strike_G","Strike_G","Defend_G","Defend_G+1","Survivor","Neutralize+1","Footwork+1","Cloak And Dagger+1","Blur+1","Backflip+1","PiercingWail","Bane","Bullet Time+1","Cloak And Dagger+1","Poisoned Stab+1","Well Laid Plans+1","Adrenaline+1","Deadly Poison","Backflip","After Image+1","Bane+1","Deadly Poison+1","Footwork+1","Deadly Poison"],"special_seed":0,"relics":["Ring of the Snake","Matryoshka","Bag of Marbles","Mango","Mummified Hand","War Paint","SacredBark","Paper Crane","Pantograph","Empty Cage","Bottled Flame","The Specimen","Boot"],"potions_floor_usage":[21,25,33,50,50,50],"damage_taken":[{"damage":0.0,"enemies":"Small Slimes","floor":1.0,"turns":5.0},{"damage":9.0,"enemies":"Jaw Worm","floor":2.0,"turns":6.0},{"damage":0.0,"enemies":"Cultist","floor":5.0,"turns":4.0},{"damage":0.0,"enemies":"Blue Slaver","floor":7.0,"turns":5.0},{"damage":0.0,"enemies":"Large Slime","floor":8.0,"turns":8.0},{"damage":16.0,"enemies":"The Guardian","floor":16.0,"turns":19.0},{"damage":0,"enemies":"Shell Parasite","floor":18,"turns":10},{"damage":0,"enemies":"3 Byrds","floor":20,"turns":8},{"damage":2,"enemies":"Centurion and Healer","floor":21,"turns":8},{"damage":12,"enemies":"Sentry and Sphere","floor":22,"turns":11},{"damage":0,"enemies":"Cultist and Chosen","floor":24,"turns":8},{"damage":0,"enemies":"Centurion and Healer","floor":25,"turns":4},{"damage":0,"enemies":"Snake Plant","floor":31,"turns":5},{"damage":64,"enemies":"Collector","floor":33,"turns":8},{"damage":9,"enemies":"3 Darklings","floor":35,"turns":8},{"damage":4,"enemies":"3 Shapes","floor":37,"turns":7},{"damage":3,"enemies":"Transient","floor":39,"turns":5},{"damage":7,"enemies":"Spire Growth","floor":41,"turns":6},{"damage":0,"enemies":"4 Shapes","floor":42,"turns":7},{"damage":31,"enemies":"Nemesis","floor":44,"turns":9},{"damage":0,"enemies":"Writhing Mass","floor":46,"turns":7},{"damage":2,"enemies":"Sphere and 2 Shapes","floor":47,"turns":4},{"damage":0,"enemies":"Time Eater","floor":50,"turns":15}],"seed_played":"5210273738774349143","potions_obtained":[{"floor":5.0,"key":"SpeedPotion"},{"floor":7.0,"key":"Fire Potion"},{"floor":18,"key":"Strength Potion"},{"floor":22,"key":"Poison Potion"},{"floor":25,"key":"Fire Potion"},{"floor":35,"key":"SpeedPotion"},{"floor":38,"key":"Ancient Potion"}],"is_trial":false,"path_per_floor":["M","M","?","$","M","R","M","M","T","T","?","$","R","?","R","B",null,"M","$","M","M","M","R","M","M","T","R","?","R","?","M","R","B",null,"M","$","M","?","M","R","M","M","T","E","R","M","M","$","R","B",null],"character_chosen":"THE_SILENT","items_purchased":["Cloak And Dagger","War Paint","Cloak And Dagger","After Image","Boot"],"campfire_rested":1,"item_purchase_floors":[4,12,19,36,48],"current_hp_per_floor":[70,61,54,54,54,54,54,54,54,68,61,61,61,61,61,45,84,84,84,84,82,70,70,70,70,70,70,70,70,70,70,70,20,84,75,75,71,71,68,68,61,61,61,30,30,30,28,28,53,78],"gold":66,"neow_bonus":"HUNDRED_GOLD","is_prod":false,"is_daily":false,"chose_seed":false,"campfire_upgraded":9,"win_rate":0,"timestamp":1568564037,"path_taken":["M","M","?","$","M","R","M","M","T","?","?","$","R","?","R","BOSS","M","$","M","M","M","R","M","?","T","R","?","R","?","M","R","BOSS","M","$","M","?","M","R","M","M","T","E","R","M","?","$","R","BOSS"],"build_version":"2019-09-12","purchased_purges":1,"victory":true,"max_hp_per_floor":[70,70,70,70,70,70,70,70,70,84,84,84,84,84,84,84,84,84,84,84,84,84,84,84,84,84,84,84,84,84,84,84,84,84,84,84,84,84,84,84,84,84,84,84,84,84,84,84,84,84],"card_choices":[{"not_picked":["Dagger Throw","Acrobatics","Finisher"],"picked":"SKIP","floor":1.0},{"not_picked":["Deflect","Underhanded Strike"],"picked":"Footwork","floor":2.0},{"not_picked":["Outmaneuver","Deflect"],"picked":"Blur","floor":5.0},{"not_picked":["Eviscerate","Crippling Poison"],"picked":"Backflip","floor":7.0},{"not_picked":["Expertise","Distraction"],"picked":"PiercingWail","floor":8.0},{"not_picked":["Glass Knife","Venomology"],"picked":"Bullet Time","floor":16.0},{"not_picked":["Sucker Punch","Caltrops","Reflex"],"picked":"SKIP","floor":18},{"not_picked":["Acrobatics","Blur"],"picked":"Poisoned Stab+1","floor":20},{"not_picked":["Dagger Spray","Heel Hook+1"],"picked":"Well Laid Plans+1","floor":21},{"not_picked":["Dagger Spray+1","Caltrops+1"],"picked":"Adrenaline","floor":22},{"not_picked":["Terror","Blur","Sucker Punch"],"picked":"SKIP","floor":24},{"not_picked":["Dodge and Roll","Cloak And Dagger+1"],"picked":"Deadly Poison","floor":25},{"not_picked":["Dodge and Roll","Quick Slash","Skewer"],"picked":"SKIP","floor":31},{"not_picked":["Slice","Outmaneuver"],"picked":"Backflip","floor":35},{"not_picked":["Reflex+1","Backstab"],"picked":"Bane+1","floor":37},{"not_picked":["Escape Plan+1","Caltrops+1","Backstab"],"picked":"SKIP","floor":39},{"not_picked":["Bane","Choke+1"],"picked":"Deadly Poison+1","floor":41},{"not_picked":["Blur","Distraction"],"picked":"Footwork","floor":42},{"not_picked":["Wraith Form v2","Phantasmal Killer","Backflip"],"picked":"SKIP","floor":44},{"not_picked":["Wraith Form v2","Phantasmal Killer","Backflip"],"picked":"SKIP","floor":44},{"not_picked":["Dagger Throw","Choke","Acrobatics+1"],"picked":"SKIP","floor":46},{"not_picked":["Bane","Well Laid Plans"],"picked":"Deadly Poison","floor":47}],"player_experience":458301,"relics_obtained":[{"floor":9.0,"key":"Matryoshka"},{"floor":10.0,"key":"Bag of Marbles"},{"floor":10.0,"key":"Mango"},{"floor":26,"key":"Paper Crane"},{"floor":26,"key":"Pantograph"},{"floor":43,"key":"Bottled Flame"},{"floor":44,"key":"The Specimen"}],"event_choices":[{"cards_removed":["Strike_G"],"damage_healed":0.0,"max_hp_gain":0.0,"max_hp_loss":0.0,"gold_gain":0.0,"event_name":"Golden Wing","player_choice":"Card Removal","floor":3.0,"gold_loss":0.0,"damage_taken":7.0},{"damage_healed":0.0,"max_hp_gain":0.0,"max_hp_loss":0.0,"gold_gain":0.0,"event_name":"Scrap Ooze","player_choice":"Success","floor":11.0,"gold_loss":0.0,"damage_taken":7.0,"relics_obtained":["Mummified Hand"]},{"damage_healed":0.0,"max_hp_gain":0.0,"max_hp_loss":0.0,"gold_gain":0.0,"cards_transformed":["Defend_G"],"event_name":"Transmorgrifier","player_choice":"Transformed","floor":14.0,"gold_loss":0.0,"damage_taken":0.0,"cards_obtained":["Bane"]},{"damage_healed":0,"gold_gain":0,"player_choice":"Ignored","damage_taken":0,"max_hp_gain":0,"max_hp_loss":0,"event_name":"Ghosts","floor":28,"gold_loss":0},{"cards_removed":["Defend_G"],"damage_healed":0,"gold_gain":0,"player_choice":"Gave Gold","damage_taken":0,"max_hp_gain":0,"max_hp_loss":0,"event_name":"Beggar","floor":30,"gold_loss":75},{"damage_healed":0,"gold_gain":0,"player_choice":"Got Potions","damage_taken":0,"max_hp_gain":0,"max_hp_loss":0,"event_name":"Lab","floor":38,"gold_loss":0}],"is_beta":true,"boss_relics":[{"not_picked":["Runic Dome","Fusion Hammer"],"picked":"SacredBark"},{"not_picked":["Busted Crown","Philosopher\u0027s Stone"],"picked":"Empty Cage"}],"items_purged_floors":[4],"is_endless":false,"potions_floor_spawned":[5,7,18,20,22,25,35,39,41,47],"ascension_level":0}