{"gold_per_floor":[109,123,134,134,160,186,186,186,209,184,184,201,220,236,236,340,340,353,353,68,103,103,136,136,150,175,185,210,229,247,80,80,177,177,195,207,207,429,104,104,135,146,146,166,166,87,104,121,121,121],"floor_reached":50,"playtime":11511,"items_purged":[],"score":564,"play_id":"0750f547-53ce-44a8-b2a8-e3f751f2d894","local_time":"20190704235119","is_ascension_mode":false,"campfire_choices":[{"floor":7,"key":"REST"},{"floor":11,"key":"REST"},{"data":"Skewer","floor":15,"key":"SMITH"},{"floor":32,"key":"REST"},{"data":"Caltrops","floor":40,"key":"SMITH"},{"data":"Adrenaline","floor":49,"key":"SMITH"}],"neow_cost":"NONE","seed_source_timestamp":122981223601177,"circlet_count":0,"master_deck":["Strike_G","Strike_G","Strike_G","Strike_G","Strike_G","Defend_G","Defend_G","Defend_G","Defend_G","Defend_G","Survivor","Neutralize","Dagger Throw","Acrobatics","Flying Knee","All Out Attack+1","Underhanded Strike","Outmaneuver","All Out Attack","Skewer+1","Adrenaline","Masterful Stab","Terror","Slice+1","Backflip","Dagger Spray+1","Sucker Punch+1","Catalyst+1","Sucker Punch","Blade Dance+1","The Bomb","Adrenaline+1","Slice+1","Outmaneuver+1","Caltrops+1","Die Die Die","Poisoned Stab+1","Leg Sweep+1","Distraction+1","Heel Hook+1","Deflect+1"],"relics":["Ring of the Serpent","Orichalcum","Kunai","Bag of Preparation","Dodecahedron","Pen Nib","Empty Cage","TwistedFunnel","Red Mask","MutagenicStrength","Blood Vial","Lantern","Happy Flower","Bottled Flame","Pantograph","Toxic Egg 2","Juzu Bracelet"],"potions_floor_usage":[6,6,6,45,48,48,48,50],"damage_taken":[{"damage":1,"enemies":"2 Louse","floor":1,"turns":3},{"damage":1,"enemies":"Jaw Worm","floor":2,"turns":5},{"damage":0,"enemies":"Cultist","floor":3,"turns":3},{"damage":20,"enemies":"3 Sentries","floor":6,"turns":9},{"damage":9,"enemies":"3 Louse","floor":12,"turns":2},{"damage":0,"enemies":"2 Fungi Beasts","floor":13,"turns":2},{"damage":0,"enemies":"Lots of Slimes","floor":14,"turns":2},{"damage":35,"enemies":"Slime Boss","floor":16,"turns":8},{"damage":0,"enemies":"3 Byrds","floor":18,"turns":4},{"damage":0,"enemies":"Masked Bandits","floor":21,"turns":3},{"damage":12,"enemies":"Book of Stabbing","floor":23,"turns":3},{"damage":1,"enemies":"2 Thieves","floor":25,"turns":2},{"damage":11,"enemies":"Snake Plant","floor":27,"turns":3},{"damage":0,"enemies":"Gremlin Leader","floor":28,"turns":3},{"damage":2,"enemies":"Centurion and Healer","floor":29,"turns":3},{"damage":0,"enemies":"3 Cultists","floor":30,"turns":3},{"damage":54,"enemies":"Automaton","floor":33,"turns":9},{"damage":0,"enemies":"3 Darklings","floor":35,"turns":2},{"damage":15,"enemies":"3 Shapes","floor":36,"turns":2},{"damage":20,"enemies":"Reptomancer","floor":41,"turns":5},{"damage":0,"enemies":"3 Darklings","floor":42,"turns":1},{"damage":12,"enemies":"Maw","floor":44,"turns":5},{"damage":3,"enemies":"2 Orb Walkers","floor":45,"turns":2},{"damage":8,"enemies":"Jaw Worm Horde","floor":47,"turns":2},{"damage":0,"enemies":"Transient","floor":48,"turns":5},{"damage":69,"enemies":"Awakened One","floor":50,"turns":12}],"seed_played":"6985805681361628582","potions_obtained":[{"floor":1,"key":"FearPotion"},{"floor":2,"key":"Poison Potion"},{"floor":3,"key":"Poison Potion"},{"floor":21,"key":"Energy Potion"},{"floor":25,"key":"SmokeBomb"},{"floor":29,"key":"Fire Potion"},{"floor":47,"key":"Regen Potion"},{"floor":48,"key":"FearPotion"}],"is_trial":false,"path_per_floor":["M","M","M","?","T","E","R","?","T","$","R","M","M","M","R","B",null,"M","?","$","?","?","E","?","M","T","M","E","M","M","$","R","B",null,"M","M","T","?","$","R","E","M","T","M","?","$","M","M","R","B"],"character_chosen":"THE_SILENT","items_purchased":["Underhanded Strike","Terror","TwistedFunnel","The Bomb","Caltrops","Pantograph","Distraction+1"],"campfire_rested":3,"item_purchase_floors":[10,20,20,31,39,39,46],"current_hp_per_floor":[69,68,68,43,43,23,44,44,44,44,65,56,56,56,56,21,70,70,70,70,70,70,58,58,59,59,50,52,52,54,54,70,16,70,70,55,55,55,55,55,37,39,39,29,28,28,22,39,39,0],"gold":121,"neow_bonus":"RANDOM_COMMON_RELIC","is_prod":false,"is_daily":false,"chose_seed":false,"campfire_upgraded":3,"win_rate":0.0,"timestamp":1562298679,"path_taken":["M","M","M","?","?","E","R","?","T","$","R","?","M","M","R","BOSS","M","?","$","?","?","E","?","M","T","M","E","M","M","$","R","BOSS","M","?","?","?","$","R","E","M","T","M","?","?","M","M","R","BOSS"],"build_version":"2019-07-01","purchased_purges":0,"victory":false,"max_hp_per_floor":[70,70,70,70,70,70,70,70,70,70,70,70,70,70,70,70,70,70,70,70,70,70,70,70,70,70,70,70,70,70,70,70,70,70,70,70,70,70,70,70,70,70,70,70,70,70,70,70,70,70],"card_choices":[{"not_picked":["Dodge and Roll","Noxious Fumes"],"picked":"Dagger Throw","floor":1},{"not_picked":["Dodge and Roll","Riddle With Holes"],"picked":"Acrobatics","floor":2},{"not_picked":["Prepared","After Image"],"picked":"Flying Knee","floor":3},{"not_picked":["Sucker Punch","Quick Slash"],"picked":"All Out Attack","floor":6},{"not_picked":["Doppelganger","Flying Knee"],"picked":"Outmaneuver","floor":12},{"not_picked":["Dodge and Roll","Flying Knee"],"picked":"All Out Attack","floor":13},{"not_picked":["PiercingWail","Backflip"],"picked":"Skewer","floor":14},{"not_picked":["Burst","Wraith Form v2"],"picked":"Adrenaline","floor":16},{"not_picked":["Deflect","Acrobatics"],"picked":"Masterful Stab","floor":18},{"not_picked":["Endless Agony","Blade Dance"],"picked":"Slice+1","floor":21},{"not_picked":["Riddle With Holes","Bouncing Flask"],"picked":"Backflip","floor":23},{"not_picked":["Escape Plan","Outmaneuver"],"picked":"Dagger Spray+1","floor":25},{"not_picked":["Dagger Spray+1","Outmaneuver"],"picked":"Sucker Punch+1","floor":27},{"not_picked":["Deadly Poison+1","Malaise"],"picked":"Catalyst+1","floor":28},{"not_picked":["Dagger Spray","Eviscerate"],"picked":"Sucker Punch","floor":29},{"not_picked":["Deadly Poison+1","PiercingWail"],"picked":"Blade Dance+1","floor":30},{"not_picked":["Doppelganger","A Thousand Cuts"],"picked":"Adrenaline","floor":33},{"not_picked":["Dodge and Roll+1","Dagger Spray"],"picked":"Slice+1","floor":35},{"not_picked":["Deflect","Deadly Poison+1"],"picked":"Outmaneuver+1","floor":36},{"not_picked":["Deflect","Blade Dance+1"],"picked":"Die Die Die","floor":41},{"not_picked":["Deadly Poison+1","Quick Slash"],"picked":"Poisoned Stab+1","floor":42},{"not_picked":["Acrobatics+1","Riddle With Holes+1"],"picked":"Leg Sweep+1","floor":44},{"not_picked":["Blade Dance+1","Escape Plan+1"],"picked":"Heel Hook+1","floor":47},{"not_picked":["Slice","Wraith Form v2"],"picked":"Deflect+1","floor":48}],"player_experience":19240,"relics_obtained":[{"floor":5,"key":"Bag of Preparation"},{"floor":6,"key":"Dodecahedron"},{"floor":9,"key":"Pen Nib"},{"floor":21,"key":"Red Mask"},{"floor":23,"key":"Blood Vial"},{"floor":26,"key":"Lantern"},{"floor":28,"key":"Happy Flower"},{"floor":37,"key":"Bottled Flame"},{"floor":41,"key":"Toxic Egg 2"},{"floor":43,"key":"Juzu Bracelet"}],"event_choices":[{"damage_healed":0,"gold_gain":0,"player_choice":"Success","damage_taken":25,"relics_obtained":["Kunai"],"max_hp_gain":0,"max_hp_loss":0,"event_name":"Scrap Ooze","floor":4,"gold_loss":0},{"damage_healed":0,"gold_gain":0,"player_choice":"2 cards matched","damage_taken":0,"max_hp_gain":0,"max_hp_loss":0,"event_name":"Match and Keep!","floor":8,"gold_loss":0,"cards_obtained":["Reflex","Regret"]},{"damage_healed":0,"gold_gain":0,"player_choice":"Ignored","damage_taken":0,"max_hp_gain":0,"max_hp_loss":0,"event_name":"Ghosts","floor":19,"gold_loss":0},{"damage_healed":0,"gold_gain":0,"player_choice":"Fought Bandits","damage_taken":0,"max_hp_gain":0,"max_hp_loss":0,"event_name":"Masked Bandits","floor":21,"gold_loss":0},{"damage_healed":0,"gold_gain":0,"player_choice":"Inject Mutagens","damage_taken":0,"relics_obtained":["MutagenicStrength"],"max_hp_gain":0,"max_hp_loss":0,"event_name":"Drug Dealer","floor":22,"gold_loss":0},{"damage_healed":0,"gold_gain":0,"player_choice":"Forge","damage_taken":0,"max_hp_gain":0,"max_hp_loss":0,"event_name":"Accursed Blacksmith","floor":24,"gold_loss":0,"cards_upgraded":["All Out Attack"]},{"damage_healed":0,"gold_gain":222,"player_choice":"Wore Mask","damage_taken":0,"max_hp_gain":0,"max_hp_loss":0,"event_name":"Tomb of Lord Red Mask","floor":38,"gold_loss":0},{"damage_healed":0,"gold_gain":0,"player_choice":"Fight","damage_taken":0,"max_hp_gain":0,"max_hp_loss":0,"event_name":"Mysterious Sphere","floor":45,"gold_loss":0}],"is_beta":false,"boss_relics":[{"not_picked":["Philosopher\u0027s Stone","Fusion Hammer"],"picked":"Empty Cage"},{"not_picked":["WristBlade","Runic Dome"],"picked":"Ring of the Serpent"}],"items_purged_floors":[],"is_endless":false,"potions_floor_spawned":[1,2,3,21,25,29,30,36,47,48],"killed_by":"Awakened One","ascension_level":0}