{"gold_per_floor":[113,113,125,46,62,89,89,124,124,124,141,158,158,170,170,244,244,260,310,282,14,34,60,60,78,78,78,113,38,38],"floor_reached":30,"playtime":2512,"items_purged":["Strike_B"],"score":564,"play_id":"65647624-3a63-4ab5-8bed-b0bddfe45e4f","local_time":"20190312230918","is_ascension_mode":true,"campfire_choices":[{"floor":7,"key":"REST"},{"floor":10,"key":"REST"},{"floor":13,"key":"REST"},{"data":"Defragment","floor":15,"key":"SMITH"},{"floor":24,"key":"REST"},{"floor":27,"key":"REST"}],"neow_cost":"NONE","seed_source_timestamp":277100536591796,"circlet_count":0,"master_deck":["AscendersBane","Strike_B","Strike_B","Defend_B","Defend_B","Defend_B","Defend_B","Zap","Dualcast","Redo","Defragment+1","Self Repair","Genetic Algorithm","Loop","Reinforced Body","Buffer","Leap","Leap","Coolheaded","Ball Lightning","Echo Form","Capacitor","Hologram+1","Fusion+1"],"relics":["Cracked Core","Potion Belt","PreservedInsect","Prayer Wheel","Mercury Hourglass","Black Star","Symbiotic Virus","Orichalcum","Bottled Tornado","Gremlin Horn","Happy Flower","Molten Egg 2"],"potions_floor_usage":[5,6,16,22,23,30],"damage_taken":[{"damage":7,"enemies":"Jaw Worm","floor":1,"turns":3},{"damage":1,"enemies":"Cultist","floor":3,"turns":3},{"damage":0,"enemies":"Small Slimes","floor":5,"turns":2},{"damage":52,"enemies":"3 Sentries","floor":6,"turns":8},{"damage":27,"enemies":"Lagavulin","floor":8,"turns":6},{"damage":16,"enemies":"Looter","floor":11,"turns":4},{"damage":17,"enemies":"Large Slime","floor":12,"turns":5},{"damage":19,"enemies":"Exordium Wildlife","floor":14,"turns":6},{"damage":16,"enemies":"Hexaghost","floor":16,"turns":13},{"damage":11,"enemies":"Shell Parasite","floor":18,"turns":7},{"damage":15,"enemies":"2 Thieves","floor":20,"turns":4},{"damage":21,"enemies":"Shelled Parasite and Fungi","floor":22,"turns":6},{"damage":0,"enemies":"Gremlin Leader","floor":23,"turns":6},{"damage":9,"enemies":"Sentry and Sphere","floor":25,"turns":5},{"damage":38,"enemies":"Slavers","floor":28,"turns":6},{"damage":18,"enemies":"Gremlin Leader","floor":30,"turns":2}],"seed_played":"-7899263387786950514","potions_obtained":[{"floor":1,"key":"Block Potion"},{"floor":3,"key":"Explosive Potion"},{"floor":8,"key":"Dexterity Potion"},{"floor":18,"key":"Fire Potion"},{"floor":22,"key":"Dexterity Potion"},{"floor":28,"key":"Strength Potion"}],"is_trial":false,"path_per_floor":["M","?","M","$","M","E","R","E","T","R","M","M","R","M","R","B",null,"M","?","M","$","M","E","R","M","T","R","E","$","E"],"character_chosen":"DEFECT","items_purchased":["Self Repair","Symbiotic Virus"],"campfire_rested":5,"item_purchase_floors":[4,21],"current_hp_per_floor":[57,50,49,49,56,11,32,12,12,33,24,14,35,23,23,14,57,53,53,38,38,17,17,38,29,29,50,12,12,0],"gold":38,"neow_bonus":"RANDOM_COMMON_RELIC","is_prod":false,"is_daily":false,"chose_seed":false,"campfire_upgraded":1,"win_rate":0,"timestamp":1552457358,"path_taken":["M","?","M","$","M","E","R","E","T","R","M","M","R","M","R","BOSS","M","?","?","?","M","E","R","M","T","R","E","$","E"],"build_version":"2019-01-23","purchased_purges":1,"victory":false,"max_hp_per_floor":[71,71,71,71,71,71,71,71,71,71,71,71,71,71,71,71,71,71,71,71,71,71,71,71,71,71,71,71,71,71],"card_choices":[{"not_picked":["Skim","Steam"],"picked":"Redo","floor":1},{"not_picked":["Consume","Redo"],"picked":"Defragment","floor":3},{"not_picked":["Coolheaded","Redo"],"picked":"Genetic Algorithm","floor":5},{"not_picked":["Streamline","Stack","Hello World"],"picked":"SKIP","floor":6},{"not_picked":["Rip and Tear","Self Repair"],"picked":"Loop","floor":8},{"not_picked":["Sweeping Beam","Redo"],"picked":"Reinforced Body","floor":11},{"not_picked":["Compile Driver","Recycle"],"picked":"Buffer","floor":11},{"not_picked":["Barrage","Steam"],"picked":"Leap","floor":12},{"not_picked":["Redo","Darkness"],"picked":"Leap","floor":12},{"not_picked":["Rip and Tear","Sweeping Beam"],"picked":"Coolheaded","floor":14},{"not_picked":["Redo","Cold Snap"],"picked":"Ball Lightning","floor":14},{"not_picked":["Meteor Strike","Buffer"],"picked":"Echo Form","floor":16},{"not_picked":["Ball Lightning","Barrage"],"picked":"Capacitor","floor":18},{"not_picked":["Steam","Barrage+1","Leap"],"picked":"SKIP","floor":18},{"not_picked":["Streamline","Sunder","Auto Shields"],"picked":"SKIP","floor":20},{"not_picked":["Cold Snap","Lockon+1","Darkness"],"picked":"SKIP","floor":20},{"not_picked":["Hologram","Go for the Eyes","Thunder Strike"],"picked":"SKIP","floor":22},{"not_picked":["Redo","Go for the Eyes","Steam Power"],"picked":"SKIP","floor":22},{"not_picked":["Beam Cell","FTL"],"picked":"Hologram+1","floor":23},{"not_picked":["Chaos","Buffer"],"picked":"Fusion+1","floor":25},{"not_picked":["Rebound","Gash","Hologram"],"picked":"SKIP","floor":25},{"not_picked":["Beam Cell","Genetic Algorithm","Loop"],"picked":"SKIP","floor":28}],"player_experience":766460,"relics_obtained":[{"floor":6,"key":"PreservedInsect"},{"floor":8,"key":"Prayer Wheel"},{"floor":9,"key":"Mercury Hourglass"},{"floor":23,"key":"Orichalcum"},{"floor":23,"key":"Bottled Tornado"},{"floor":26,"key":"Gremlin Horn"},{"floor":28,"key":"Happy Flower"},{"floor":28,"key":"Molten Egg 2"}],"event_choices":[{"cards_removed":["Strike_B"],"damage_healed":0,"gold_gain":0,"player_choice":"Card Removal","damage_taken":7,"max_hp_gain":0,"max_hp_loss":0,"event_name":"Golden Wing","floor":2,"gold_loss":0},{"damage_healed":0,"gold_gain":50,"player_choice":"Pray","damage_taken":0,"max_hp_gain":0,"max_hp_loss":0,"event_name":"Golden Shrine","floor":19,"gold_loss":0}],"is_beta":false,"boss_relics":[{"not_picked":["White Beast Statue","Busted Crown"],"picked":"Black Star"}],"items_purged_floors":[29],"is_endless":false,"potions_floor_spawned":[1,3,8,18,22,28],"killed_by":"Gremlin Leader","ascension_level":17}