{"gold_per_floor":[113,113,113,129,54,88,100,140,200,224,236,266,297,319,331,343],"floor_reached":16,"playtime":849,"items_purged":["Strike_R"],"score":274,"play_id":"041b60f5-6cad-4f84-843c-a9adaaaec254","local_time":"20190812183140","is_ascension_mode":true,"campfire_choices":[{"data":"Sword Boomerang","floor":7,"key":"SMITH"},{"floor":11,"key":"REST"},{"data":"Armaments","floor":15,"key":"SMITH"}],"neow_cost":"NONE","seed_source_timestamp":158692202843688,"circlet_count":0,"master_deck":["AscendersBane","Strike_R","Strike_R","Strike_R","Defend_R","Defend_R","Defend_R","Defend_R+1","Bash+1","Sword Boomerang+1","Battle Trance","Spot Weakness","Pummel","Dropkick","Feed","Armaments+1"],"relics":["Burning Blood","NeowsBlessing","MawBank","Ginger","Centennial Puzzle"],"potions_floor_usage":[8,14],"damage_taken":[{"damage":0,"enemies":"2 Louse","floor":1,"turns":1},{"damage":0,"enemies":"Small Slimes","floor":4,"turns":1},{"damage":0,"enemies":"3 Sentries","floor":6,"turns":2},{"damage":10,"enemies":"Gremlin Nob","floor":8,"turns":3},{"damage":12,"enemies":"Jaw Worm","floor":10,"turns":2},{"damage":5,"enemies":"Large Slime","floor":12,"turns":3},{"damage":12,"enemies":"Gremlin Gang","floor":13,"turns":4},{"damage":21,"enemies":"Exordium Thugs","floor":14,"turns":4},{"damage":60,"enemies":"Slime Boss","floor":16,"turns":7}],"seed_played":"-1446511174151506494","potions_obtained":[{"floor":6,"key":"AttackPotion"},{"floor":12,"key":"Regen Potion"}],"is_trial":false,"path_per_floor":["M","?","?","M","$","E","R","E","T","M","R","M","M","M","R","B"],"character_chosen":"IRONCLAD","items_purchased":[],"campfire_rested":1,"item_purchase_floors":[],"current_hp_per_floor":[74,67,44,50,50,56,56,52,52,46,68,69,63,60,60,0],"gold":343,"neow_bonus":"THREE_ENEMY_KILL","is_prod":false,"is_daily":false,"chose_seed":false,"campfire_upgraded":2,"win_rate":0,"timestamp":1565659900,"path_taken":["M","?","?","M","$","E","R","E","T","M","R","M","M","M","R","BOSS"],"build_version":"2019-07-17","purchased_purges":1,"victory":false,"max_hp_per_floor":[75,75,75,75,75,75,75,75,75,75,75,75,75,78,78,78],"card_choices":[{"not_picked":["Flex","Headbutt"],"picked":"Sword Boomerang","floor":1},{"not_picked":["Twin Strike","True Grit"],"picked":"Battle Trance","floor":4},{"not_picked":["Rampage","Clash"],"picked":"Spot Weakness","floor":6},{"not_picked":["Power Through","Anger","Entrench"],"picked":"SKIP","floor":8},{"not_picked":["Clash","Twin Strike"],"picked":"Pummel","floor":10},{"not_picked":["Flex","Body Slam"],"picked":"Dropkick","floor":12},{"not_picked":["Perfected Strike","Iron Wave"],"picked":"Feed","floor":13},{"not_picked":["Sword Boomerang","Headbutt"],"picked":"Armaments","floor":14}],"player_experience":1097405,"relics_obtained":[{"floor":6,"key":"MawBank"},{"floor":8,"key":"Ginger"},{"floor":9,"key":"Centennial Puzzle"}],"event_choices":[{"cards_removed":["Strike_R"],"damage_healed":0,"gold_gain":0,"player_choice":"Card Removal","damage_taken":7,"max_hp_gain":0,"max_hp_loss":0,"event_name":"Golden Wing","floor":2,"gold_loss":0},{"damage_healed":0,"gold_gain":0,"player_choice":"Entered Light","damage_taken":23,"max_hp_gain":0,"max_hp_loss":0,"event_name":"Shining Light","floor":3,"gold_loss":0,"cards_upgraded":["Bash","Defend_R"]}],"is_beta":false,"boss_relics":[],"items_purged_floors":[5],"is_endless":false,"potions_floor_spawned":[6,12],"killed_by":"Slime Boss","ascension_level":20}