{"gold_per_floor":[14,14,30,47,47,47,80,80,80,94,106,133,144,161,161,161],"floor_reached":16,"playtime":1785,"items_purged":[],"score":154,"play_id":"aa580601-034b-447a-9c08-f12e5a129153","local_time":"20190102021938","is_ascension_mode":true,"campfire_choices":[{"data":"Juggernaut","floor":6,"key":"SMITH"},{"data":"Flame Barrier","floor":8,"key":"SMITH"},{"data":"Armaments","floor":15,"key":"SMITH"}],"neow_cost":"NO_GOLD","seed_source_timestamp":265808815537808,"circlet_count":0,"master_deck":["Strike_R","Strike_R","Defend_R","Defend_R","Defend_R","Bash","Flame Barrier+1","Juggernaut+1","Havoc","Flame Barrier","Ghostly Armor","Pommel Strike","True Grit","Corruption","Sentinel","Intimidate","Armaments+1"],"relics":["Burning Blood","Question Card","Darkstone Periapt","Paper Frog"],"potions_floor_usage":[7,16,16],"damage_taken":[{"damage":0,"enemies":"Small Slimes","floor":1,"turns":4},{"damage":5,"enemies":"Cultist","floor":3,"turns":5},{"damage":2,"enemies":"Jaw Worm","floor":4,"turns":5},{"damage":19,"enemies":"3 Sentries","floor":7,"turns":11},{"damage":0,"enemies":"Exordium Wildlife","floor":10,"turns":3},{"damage":3,"enemies":"3 Louse","floor":11,"turns":3},{"damage":10,"enemies":"Lagavulin","floor":12,"turns":7},{"damage":0,"enemies":"Looter","floor":13,"turns":3},{"damage":10,"enemies":"Large Slime","floor":14,"turns":7},{"damage":80,"enemies":"Slime Boss","floor":16,"turns":21}],"seed_played":"5436338471073292252","potions_obtained":[{"floor":4,"key":"Dexterity Potion"},{"floor":13,"key":"SpeedPotion"},{"floor":14,"key":"SpeedPotion"}],"is_trial":false,"path_per_floor":["M","?","M","M","?","R","E","R","T","M","M","E","M","M","R","B"],"character_chosen":"IRONCLAD","items_purchased":[],"campfire_rested":0,"item_purchase_floors":[],"current_hp_per_floor":[78,78,79,80,80,80,67,67,67,73,76,72,78,74,74,0],"gold":161,"neow_bonus":"TRANSFORM_TWO_CARDS","is_prod":false,"is_daily":false,"chose_seed":false,"campfire_upgraded":3,"win_rate":0,"timestamp":1546424378,"path_taken":["M","?","?","M","?","R","E","R","T","M","M","E","M","M","R","BOSS"],"build_version":"2018-12-20","purchased_purges":0,"victory":false,"max_hp_per_floor":[80,80,80,80,80,80,80,80,80,80,80,80,80,80,80,80],"card_choices":[{"not_picked":["Headbutt","Wild Strike"],"picked":"Havoc","floor":1},{"not_picked":["Rampage","Heavy Blade"],"picked":"Flame Barrier","floor":3},{"not_picked":["Havoc","Clothesline"],"picked":"Ghostly Armor","floor":4},{"not_picked":["Ghostly Armor","Warcry","Twin Strike"],"picked":"SKIP","floor":7},{"not_picked":["Ghostly Armor","Warcry","Twin Strike"],"picked":"SKIP","floor":7},{"not_picked":["Flame Barrier","Headbutt","Havoc"],"picked":"True Grit","floor":10},{"not_picked":["Anger","Clothesline","Iron Wave"],"picked":"Corruption","floor":11},{"not_picked":["Bludgeon","Ghostly Armor","Headbutt"],"picked":"Sentinel","floor":12},{"not_picked":["Warcry","Clash","Clothesline"],"picked":"Intimidate","floor":13},{"not_picked":["Pommel Strike","Havoc","Sword Boomerang"],"picked":"Armaments","floor":14}],"player_experience":321971,"relics_obtained":[{"floor":7,"key":"Question Card"},{"floor":9,"key":"Darkstone Periapt"},{"floor":12,"key":"Paper Frog"}],"event_choices":[{"cards_removed":["Strike_R"],"damage_healed":0,"gold_gain":0,"player_choice":"Offered Basic","damage_taken":0,"max_hp_gain":0,"max_hp_loss":0,"event_name":"Bonfire Elementals","floor":2,"gold_loss":0},{"damage_healed":0,"gold_gain":0,"cards_transformed":["Strike_R"],"player_choice":"Change","damage_taken":0,"max_hp_gain":0,"max_hp_loss":0,"event_name":"Living Wall","floor":5,"gold_loss":0,"cards_obtained":["Pommel Strike"]}],"is_beta":false,"boss_relics":[],"items_purged_floors":[],"is_endless":false,"potions_floor_spawned":[4,13,14],"killed_by":"Slime Boss","ascension_level":7}