{"gold_per_floor":[114,114,34,51,51,51,92,92,144,69,108,183,203,227,227,352,352,352,2,0,0,0,0,18,18],"floor_reached":25,"playtime":1908,"items_purged":[],"score":280,"play_id":"b817b079-7ef2-47b8-b267-0aedb42afa16","local_time":"20190823210818","is_ascension_mode":true,"campfire_choices":[{"data":"Chill","floor":6,"key":"SMITH"},{"data":"Machine Learning","floor":8,"key":"SMITH"},{"floor":15,"key":"REST"},{"floor":23,"key":"REST"}],"neow_cost":"NONE","seed_source_timestamp":142405665491083,"circlet_count":0,"master_deck":["Strike_B+1","Strike_B","Strike_B+1","Defend_B","Defend_B","Defend_B","Defend_B","Zap","Dualcast","Steam","Undo","Chill+1","Injury","Machine Learning+1","Stack","Rainbow","Steam Power","Redo","Hyperbeam","Ghostly","Ghostly","Ghostly","Ghostly","Ghostly","Defragment"],"relics":["Cracked Core","NeowsBlessing","Golden Idol","Ancient Tea Set","Whetstone","Dodecahedron","Runic Pyramid","Bag of Marbles","Anchor"],"potions_floor_usage":[16,16,18],"damage_taken":[{"damage":0,"enemies":"Jaw Worm","floor":1,"turns":1},{"damage":0,"enemies":"Cultist","floor":4,"turns":1},{"damage":0,"enemies":"Lagavulin","floor":7,"turns":1},{"damage":13,"enemies":"3 Sentries","floor":11,"turns":8},{"damage":0,"enemies":"Small Slimes","floor":13,"turns":3},{"damage":2,"enemies":"3 Louse","floor":14,"turns":4},{"damage":33,"enemies":"The Guardian","floor":16,"turns":12},{"damage":56,"enemies":"Shell Parasite","floor":18,"turns":10},{"damage":1,"enemies":"Chosen","floor":24,"turns":7},{"damage":32,"enemies":"Book of Stabbing","floor":25,"turns":9}],"seed_played":"8024165649318238567","potions_obtained":[{"floor":7,"key":"SmokeBomb"},{"floor":13,"key":"FocusPotion"},{"floor":24,"key":"AttackPotion"}],"is_trial":false,"path_per_floor":["M","?","$","M","?","R","E","R","T","$","E","?","M","M","R","B",null,"M","$","?","$","?","R","M","E"],"character_chosen":"DEFECT","items_purchased":["Undo","Explosive Potion","Stack","Bag of Marbles","Anchor","Swift Potion"],"campfire_rested":2,"item_purchase_floors":[3,10,10,19,19,19],"current_hp_per_floor":[75,75,75,75,75,75,75,75,75,75,62,51,51,49,71,38,75,19,19,19,19,19,30,29,0],"gold":18,"neow_bonus":"THREE_ENEMY_KILL","is_prod":false,"is_daily":false,"chose_seed":false,"campfire_upgraded":2,"win_rate":0,"timestamp":1566608898,"path_taken":["M","?","$","?","?","R","E","R","T","$","E","?","M","M","R","BOSS","M","$","?","$","?","R","M","E"],"build_version":"2019-07-17","purchased_purges":0,"victory":false,"max_hp_per_floor":[75,75,75,75,75,75,75,75,75,75,75,75,75,75,75,75,75,75,75,75,75,37,37,37,37],"card_choices":[{"not_picked":["Fusion","Steam Power"],"picked":"Steam","floor":1},{"not_picked":["Compile Driver","Ball Lightning"],"picked":"Chill","floor":4},{"not_picked":["Cold Snap","Coolheaded"],"picked":"Machine Learning","floor":7},{"not_picked":["Redo","Rebound"],"picked":"Rainbow","floor":11},{"not_picked":["Leap","Heatsinks"],"picked":"Steam Power","floor":13},{"not_picked":["Cold Snap","Beam Cell"],"picked":"Redo","floor":14},{"not_picked":["Multi-Cast","Reboot"],"picked":"Hyperbeam","floor":16},{"not_picked":["Darkness","Steam+1"],"picked":"Defragment","floor":24}],"player_experience":229407,"relics_obtained":[{"floor":7,"key":"Ancient Tea Set"},{"floor":9,"key":"Whetstone"},{"floor":11,"key":"Dodecahedron"}],"event_choices":[{"cards_removed":["Strike_B"],"damage_healed":0,"gold_gain":0,"player_choice":"Purged","damage_taken":0,"max_hp_gain":0,"max_hp_loss":0,"event_name":"Purifier","floor":2,"gold_loss":0},{"damage_healed":0,"gold_gain":0,"player_choice":"Take Wound","damage_taken":0,"relics_obtained":["Golden Idol"],"max_hp_gain":0,"max_hp_loss":0,"event_name":"Golden Idol","floor":5,"gold_loss":0,"cards_obtained":["Injury"]},{"damage_healed":0,"gold_gain":75,"player_choice":"Gather Gold","damage_taken":11,"max_hp_gain":0,"max_hp_loss":0,"event_name":"World of Goop","floor":12,"gold_loss":0},{"damage_healed":0,"gold_gain":0,"player_choice":"Paid Fearfully","damage_taken":0,"max_hp_gain":0,"max_hp_loss":0,"event_name":"Masked Bandits","floor":20,"gold_loss":2},{"damage_healed":0,"gold_gain":0,"player_choice":"Became a Ghost","damage_taken":0,"max_hp_gain":0,"max_hp_loss":38,"event_name":"Ghosts","floor":22,"gold_loss":0,"cards_obtained":["Ghostly","Ghostly","Ghostly","Ghostly","Ghostly"]}],"is_beta":false,"boss_relics":[{"not_picked":["Empty Cage","Orrery"],"picked":"Runic Pyramid"}],"items_purged_floors":[],"is_endless":false,"potions_floor_spawned":[7,13,24],"killed_by":"Book of Stabbing","ascension_level":2}