{"gold_per_floor":[109,109,109,109,109,109,134,144,168,168,201,216,175,195,195,290,290,307,307,21,21,21],"floor_reached":22,"playtime":2617,"items_purged":[],"score":209,"play_id":"21df6b6b-d45d-4e7d-a85d-a658722958c1","local_time":"20190810202001","is_ascension_mode":true,"campfire_choices":[{"floor":6,"key":"REST"},{"floor":15,"key":"REST"}],"neow_cost":"PERCENT_DAMAGE","seed_source_timestamp":95752438185974,"circlet_count":0,"master_deck":["Strike_R","Strike_R","Strike_R","Defend_R","Defend_R","Defend_R","Defend_R","Jack Of All Trades","PanicButton","Intimidate","Combust","Headbutt","Battle Trance","Armaments","Reaper","Shockwave+1","Iron Wave","Dramatic Entrance"],"relics":["Burning Blood","Bag of Marbles","Regal Pillow","Paper Frog","Bottled Lightning","Black Star","Sling"],"potions_floor_usage":[11,11,18,22],"damage_taken":[{"damage":0,"enemies":"2 Louse","floor":1,"turns":3},{"damage":37,"enemies":"Gremlin Nob","floor":7,"turns":5},{"damage":4,"enemies":"Small Slimes","floor":8,"turns":3},{"damage":30,"enemies":"Lagavulin","floor":11,"turns":7},{"damage":2,"enemies":"Cultist","floor":12,"turns":3},{"damage":3,"enemies":"Blue Slaver","floor":14,"turns":4},{"damage":59,"enemies":"Slime Boss","floor":16,"turns":11},{"damage":61,"enemies":"Spheric Guardian","floor":18,"turns":9},{"damage":35,"enemies":"Shell Parasite","floor":22,"turns":10}],"seed_played":"7673242797510031490","potions_obtained":[{"floor":1,"key":"Weak Potion"},{"floor":7,"key":"Block Potion"},{"floor":16,"key":"Poison Potion"},{"floor":18,"key":"GamblersBrew"}],"is_trial":false,"path_per_floor":["M","?","?","?","?","R","E","M","T","T","E","M","?","M","R","B",null,"M","?","$","?","M"],"character_chosen":"IRONCLAD","items_purchased":["Sling","Dramatic Entrance"],"campfire_rested":2,"item_purchase_floors":[20,20],"current_hp_per_floor":[62,62,67,67,60,85,54,56,56,56,32,36,36,39,79,26,85,30,30,30,30,0],"gold":21,"neow_bonus":"RANDOM_COLORLESS_2","is_prod":false,"is_daily":false,"chose_seed":false,"campfire_upgraded":0,"win_rate":0,"timestamp":1565482801,"path_taken":["M","?","?","?","?","R","E","M","T","?","E","?","?","M","R","BOSS","M","?","$","?","?"],"build_version":"2019-07-17","purchased_purges":0,"victory":false,"max_hp_per_floor":[80,80,85,85,85,85,85,85,85,85,85,85,85,85,85,85,85,85,85,85,85,85],"card_choices":[{"not_picked":["Pommel Strike","Anger"],"picked":"Intimidate","floor":1},{"not_picked":["Berserk","Bloodletting"],"picked":"Pummel","floor":7},{"not_picked":["Shrug It Off","Bloodletting"],"picked":"Headbutt","floor":8},{"not_picked":["Body Slam","Entrench"],"picked":"Battle Trance","floor":11},{"not_picked":["Body Slam","Wild Strike","Pommel Strike"],"picked":"SKIP","floor":12},{"not_picked":["Dropkick","Clothesline"],"picked":"Armaments","floor":14},{"not_picked":["Berserk","Juggernaut"],"picked":"Reaper","floor":16},{"not_picked":["Body Slam","Battle Trance"],"picked":"Shockwave+1","floor":18}],"player_experience":163830,"relics_obtained":[{"floor":7,"key":"Bag of Marbles"},{"floor":9,"key":"Regal Pillow"},{"floor":10,"key":"Paper Frog"},{"floor":11,"key":"Bottled Lightning"}],"event_choices":[{"damage_healed":0,"gold_gain":0,"player_choice":"Leave","damage_taken":0,"max_hp_gain":0,"max_hp_loss":0,"event_name":"The Cleric","floor":2,"gold_loss":0},{"damage_healed":0,"gold_gain":0,"player_choice":"Donut","damage_taken":0,"max_hp_gain":5,"max_hp_loss":0,"event_name":"Big Fish","floor":3,"gold_loss":0},{"damage_healed":0,"gold_gain":0,"cards_transformed":["Bash"],"player_choice":"Change","damage_taken":0,"max_hp_gain":0,"max_hp_loss":0,"event_name":"Living Wall","floor":4,"gold_loss":0,"cards_obtained":["Combust"]},{"cards_removed":["Strike_R"],"damage_healed":0,"gold_gain":0,"player_choice":"Card Removal","damage_taken":7,"max_hp_gain":0,"max_hp_loss":0,"event_name":"Golden Wing","floor":5,"gold_loss":0},{"damage_healed":0,"gold_gain":0,"player_choice":"Left Gold","damage_taken":0,"max_hp_gain":0,"max_hp_loss":0,"event_name":"World of Goop","floor":13,"gold_loss":41},{"damage_healed":0,"gold_gain":0,"cards_transformed":["Strike_R","Pummel"],"player_choice":"Became Test Subject","damage_taken":0,"max_hp_gain":0,"max_hp_loss":0,"event_name":"Drug Dealer","floor":19,"gold_loss":0,"cards_obtained":["Iron Wave","Reaper"]},{"cards_removed":["Reaper"],"damage_healed":0,"gold_gain":0,"player_choice":"Purged","damage_taken":0,"max_hp_gain":0,"max_hp_loss":0,"event_name":"Purifier","floor":21,"gold_loss":0}],"is_beta":false,"boss_relics":[{"not_picked":["Cursed Key","Astrolabe"],"picked":"Black Star"}],"items_purged_floors":[],"is_endless":false,"potions_floor_spawned":[1,7,16,18],"killed_by":"Shell Parasite","ascension_level":2}