{"gold_per_floor":[115,115,128,128,138,163,173,201,201,201,216,246,260,272,272,373,423,406,321,246,196,215,235,255,255,336,368,52,66,14,214,214,310,310,327,345,364,364,382,382,399,399,399,399,426,336,2,2],"floor_reached":48,"playtime":4879,"items_purged":["Defend_B","Strike_B","Defend_B"],"score":653,"play_id":"d3447738-4579-413e-b1ce-cd4c8cde1383","local_time":"20181205182659","is_ascension_mode":true,"campfire_choices":[{"floor":10,"key":"REST"},{"floor":15,"key":"REST"},{"data":"Beam Cell","floor":25,"key":"SMITH"},{"floor":32,"key":"REST"},{"floor":40,"key":"REST"},{"floor":42,"key":"REST"},{"data":"Darkness","floor":44,"key":"SMITH"}],"neow_cost":"NONE","seed_source_timestamp":228182058203597,"circlet_count":0,"master_deck":["Strike_B","Defend_B","Defend_B","Zap","Dualcast","Go for the Eyes","Cold Snap+1","Beam Cell+1","Darkness+1","Beam Cell","Go for the Eyes","Turbo","Hologram+1","Conserve Battery","Multi-Cast","Rebound","Beam Cell+1","Scrape","Gash","All For One","Leap+1","Steam+1","Seek"],"relics":["Runic Pyramid","Kunai","Anchor","Bottled Flame","Odd Mushroom","Tiny House","Dead Branch","Sundial","Centennial Puzzle","Medical Kit","Busted Crown","Symbiotic Virus","WingedGreaves","Runic Capacitor"],"potions_floor_usage":[11,12,14,16,22,24,33,33,41,48],"damage_taken":[{"damage":9,"enemies":"Small Slimes","floor":1,"turns":4},{"damage":3,"enemies":"2 Louse","floor":3,"turns":2},{"damage":0,"enemies":"Cultist","floor":5,"turns":4},{"damage":13,"enemies":"Lagavulin","floor":6,"turns":6},{"damage":0,"enemies":"Red Slaver","floor":7,"turns":3},{"damage":45,"enemies":"Gremlin Nob","floor":8,"turns":5},{"damage":0,"enemies":"2 Fungi Beasts","floor":11,"turns":2},{"damage":11,"enemies":"The Mushroom Lair","floor":12,"turns":4},{"damage":0,"enemies":"Exordium Thugs","floor":13,"turns":5},{"damage":0,"enemies":"3 Louse","floor":14,"turns":3},{"damage":0,"enemies":"Hexaghost","floor":16,"turns":11},{"damage":9,"enemies":"2 Thieves","floor":18,"turns":4},{"damage":0,"enemies":"Chosen","floor":22,"turns":4},{"damage":14,"enemies":"Snake Plant","floor":23,"turns":4},{"damage":0,"enemies":"Snecko","floor":24,"turns":5},{"damage":32,"enemies":"Slavers","floor":27,"turns":7},{"damage":25,"enemies":"Sentry and Sphere","floor":29,"turns":6},{"damage":25,"enemies":"Automaton","floor":33,"turns":12},{"damage":39,"enemies":"3 Darklings","floor":35,"turns":6},{"damage":3,"enemies":"3 Shapes","floor":36,"turns":5},{"damage":11,"enemies":"Writhing Mass","floor":37,"turns":5},{"damage":16,"enemies":"Spire Growth","floor":39,"turns":4},{"damage":10,"enemies":"Transient","floor":41,"turns":5},{"damage":48,"enemies":"Giant Head","floor":45,"turns":9},{"damage":11,"enemies":"3 Darklings","floor":48,"turns":3}],"seed_played":"1928666813207465550","potions_obtained":[{"floor":1,"key":"Fire Potion"},{"floor":7,"key":"FairyPotion"},{"floor":8,"key":"EssenceOfSteel"},{"floor":11,"key":"SteroidPotion"},{"floor":12,"key":"EssenceOfSteel"},{"floor":17,"key":"SneckoOil"},{"floor":18,"key":"Poison Potion"},{"floor":29,"key":"GamblersBrew"},{"floor":33,"key":"AttackPotion"},{"floor":35,"key":"Weak Potion"},{"floor":41,"key":"Ancient Potion"}],"is_trial":false,"path_per_floor":["M","?","M","?","M","E","M","E","T","R","M","?","M","M","R","B",null,"M","?","$","?","M","M","M","R","T","E","$","M","$","?","R","B",null,"M","M","M","?","M","R","M","R","T","R","E","?","$","M"],"character_chosen":"DEFECT","items_purchased":["Gash","Medical Kit","PowerPotion","Runic Capacitor"],"campfire_rested":5,"item_purchase_floors":[28,28,30,47],"current_hp_per_floor":[66,66,63,63,63,50,50,5,5,27,27,16,16,16,38,38,80,71,71,71,71,71,57,57,57,57,25,25,8,8,8,32,7,80,41,38,27,27,11,35,25,49,49,49,1,1,1,0],"gold":2,"neow_bonus":"BOSS_RELIC","is_prod":false,"is_daily":false,"chose_seed":false,"campfire_upgraded":2,"win_rate":0,"timestamp":1544063219,"path_taken":["M","?","M","?","M","E","M","E","T","R","M","?","M","M","R","BOSS","M","?","$","?","?","M","M","R","T","E","?","M","$","?","R","BOSS","M","M","M","?","M","R","M","R","T","R","E","?","$","?"],"build_version":"2018-11-15","purchased_purges":3,"victory":false,"max_hp_per_floor":[75,75,75,75,75,75,75,75,75,75,75,75,75,75,75,75,80,80,80,80,80,80,80,80,80,80,80,80,80,80,80,80,80,80,80,80,80,80,80,80,80,80,80,80,80,77,77,77],"card_choices":[{"not_picked":["Rip and Tear","Redo"],"picked":"Go for the Eyes","floor":1},{"not_picked":["Redo","Tempest"],"picked":"Beam Cell","floor":3},{"not_picked":["Force Field","Self Repair"],"picked":"Darkness","floor":5},{"not_picked":["Tempest","Cold Snap"],"picked":"Beam Cell","floor":6},{"not_picked":["Coolheaded","Cold Snap"],"picked":"Go for the Eyes","floor":7},{"not_picked":["Consume","Melter","Redo"],"picked":"SKIP","floor":8},{"not_picked":["Cold Snap","Static Discharge"],"picked":"Turbo","floor":11},{"not_picked":["Coolheaded","Force Field"],"picked":"Hologram","floor":12},{"not_picked":["Double Energy","Melter","Steam"],"picked":"SKIP","floor":13},{"not_picked":["Blizzard","Steam"],"picked":"Conserve Battery","floor":14},{"not_picked":["Hyperbeam","Thunder Strike"],"picked":"Multi-Cast","floor":16},{"not_picked":["White Noise","Sweeping Beam"],"picked":"Rebound","floor":17},{"not_picked":["Turbo","Leap"],"picked":"Beam Cell+1","floor":18},{"not_picked":["Storm","Streamline+1"],"picked":"Scrape","floor":22},{"not_picked":["FTL","Beam Cell","Hologram"],"picked":"SKIP","floor":23},{"not_picked":["FTL","Beam Cell","Hologram"],"picked":"SKIP","floor":23},{"not_picked":["Stack+1","White Noise","Auto Shields+1"],"picked":"SKIP","floor":24},{"not_picked":["Hello World","Electrodynamics","Chill+1"],"picked":"SKIP","floor":27},{"not_picked":["Steam","BootSequence","Loop"],"picked":"SKIP","floor":29},{"not_picked":["Reboot","Echo Form"],"picked":"All For One","floor":33},{"not_picked":["Rebound+1"],"picked":"SKIP","floor":35},{"not_picked":[],"picked":"Leap+1","floor":36},{"not_picked":["Go for the Eyes"],"picked":"SKIP","floor":37},{"not_picked":["Genetic Algorithm"],"picked":"SKIP","floor":39},{"not_picked":[],"picked":"Steam+1","floor":41},{"not_picked":[],"picked":"Seek","floor":45}],"player_experience":161985,"relics_obtained":[{"floor":6,"key":"Kunai"},{"floor":8,"key":"Anchor"},{"floor":9,"key":"Bottled Flame"},{"floor":12,"key":"Odd Mushroom"},{"floor":26,"key":"Sundial"},{"floor":27,"key":"Centennial Puzzle"},{"floor":43,"key":"Symbiotic Virus"},{"floor":45,"key":"WingedGreaves"}],"event_choices":[{"damage_healed":0,"gold_gain":0,"cards_transformed":["Strike_B"],"player_choice":"Change","damage_taken":0,"max_hp_gain":0,"max_hp_loss":0,"event_name":"Living Wall","floor":2,"gold_loss":0,"cards_obtained":["Cold Snap"]},{"damage_healed":0,"gold_gain":0,"player_choice":"Ignored","damage_taken":0,"max_hp_gain":0,"max_hp_loss":0,"event_name":"Liars Game","floor":4,"gold_loss":0},{"damage_healed":0,"gold_gain":0,"player_choice":"Fought Mushrooms","damage_taken":0,"max_hp_gain":0,"max_hp_loss":0,"event_name":"Mushrooms","floor":12,"gold_loss":0},{"damage_healed":0,"gold_gain":0,"player_choice":"Obtained Relic","damage_taken":0,"relics_obtained":["Dead Branch"],"max_hp_gain":0,"max_hp_loss":0,"event_name":"Addict","floor":19,"gold_loss":85},{"damage_healed":0,"gold_gain":0,"player_choice":"Bet on Murderer","damage_taken":0,"max_hp_gain":0,"max_hp_loss":0,"event_name":"The Joust","floor":21,"gold_loss":50},{"damage_healed":0,"gold_gain":200,"player_choice":"Gold","damage_taken":0,"max_hp_gain":0,"max_hp_loss":0,"event_name":"Wheel of Change","floor":31,"gold_loss":0},{"cards_removed":["Strike_B"],"damage_healed":0,"gold_gain":0,"player_choice":"Removed Attack","damage_taken":0,"max_hp_gain":0,"max_hp_loss":0,"event_name":"Falling","floor":38,"gold_loss":0},{"cards_removed":["Parasite"],"damage_healed":0,"gold_gain":0,"player_choice":"Upgrade and Remove","damage_taken":0,"max_hp_gain":0,"max_hp_loss":0,"event_name":"Designer","floor":46,"gold_loss":90,"cards_upgraded":["Hologram"]}],"is_beta":false,"boss_relics":[{"not_picked":["Fusion Hammer","Philosopher\u0027s Stone"],"picked":"Tiny House"},{"not_picked":["Empty Cage","Orrery"],"picked":"Busted Crown"}],"items_purged_floors":[20,28,47],"is_endless":false,"potions_floor_spawned":[1,7,8,11,12,18,29,33,35,41],"killed_by":"3 Darklings","ascension_level":4}