{"gold_per_floor":[119,134,134,146,3,32,32,65,89,103,103,103,139,162,162,287,287,308,308,308,349,349,349],"floor_reached":23,"playtime":1588,"items_purged":[],"score":321,"play_id":"0c57a571-7601-473e-835c-58cfe74a5e5c","local_time":"20190915235652","is_ascension_mode":true,"campfire_choices":[{"floor":7.0,"key":"REST"},{"floor":12.0,"key":"REST"},{"data":"Adrenaline","floor":15,"key":"SMITH"}],"neow_cost":"NONE","seed_source_timestamp":359280550445400,"circlet_count":0,"master_deck":["AscendersBane","Strike_G","Strike_G","Strike_G","Defend_G","Defend_G+1","Defend_G+1","Defend_G","Defend_G","Survivor","Neutralize","Noxious Fumes","Underhanded Strike","Bane","Noxious Fumes","Adrenaline+1","Corpse Explosion","PiercingWail","Dodge and Roll","Cloak And Dagger","Infinite Blades","Bullet Time","Deadly Poison+1","Crippling Poison","Acrobatics+1"],"special_seed":0,"relics":["Ring of the Snake","War Paint","Centennial Puzzle","Bag of Marbles","Dream Catcher","Golden Idol","Ornamental Fan","Sozu","Nilry\u0027s Codex","Red Mask"],"potions_floor_usage":[16],"damage_taken":[{"damage":21.0,"enemies":"Jaw Worm","floor":1.0,"turns":10.0},{"damage":2.0,"enemies":"Small Slimes","floor":2.0,"turns":4.0},{"damage":0.0,"enemies":"Cultist","floor":4.0,"turns":4.0},{"damage":16.0,"enemies":"3 Sentries","floor":6.0,"turns":7.0},{"damage":9.0,"enemies":"Gremlin Nob","floor":8.0,"turns":4.0},{"damage":0.0,"enemies":"Exordium Wildlife","floor":10.0,"turns":3.0},{"damage":2.0,"enemies":"3 Sentries","floor":13.0,"turns":4.0},{"damage":0,"enemies":"3 Louse","floor":14,"turns":1},{"damage":26,"enemies":"Slime Boss","floor":16,"turns":9},{"damage":2,"enemies":"3 Byrds","floor":18,"turns":3},{"damage":27,"enemies":"Masked Bandits","floor":21,"turns":3},{"damage":21,"enemies":"Gremlin Leader","floor":23,"turns":4}],"seed_played":"286456752367985034","potions_obtained":[{"floor":4.0,"key":"GhostInAJar"},{"floor":8.0,"key":"Regen Potion"},{"floor":13.0,"key":"LiquidBronze"},{"floor":14,"key":"GamblersBrew"}],"is_trial":false,"path_per_floor":["M","M","?","M","$","E","R","E","T","M","?","R","E","M","R","B",null,"M","?","?","?","?","E"],"character_chosen":"THE_SILENT","items_purchased":["Adrenaline"],"campfire_rested":2,"item_purchase_floors":[5],"current_hp_per_floor":[42,40,40,40,40,24,45,36,36,36,19,40,52,52,52,26,59,57,41,41,14,14,0],"gold":349,"neow_bonus":"RANDOM_COMMON_RELIC","is_prod":false,"is_daily":false,"chose_seed":false,"campfire_upgraded":1,"win_rate":0,"timestamp":1568581012,"path_taken":["M","M","?","M","$","E","R","E","T","M","?","R","E","?","R","BOSS","M","?","?","?","?","E"],"build_version":"2019-07-17","purchased_purges":0,"victory":false,"max_hp_per_floor":[70,70,70,70,70,70,70,70,70,70,70,70,70,70,70,70,70,70,70,70,70,70,70],"card_choices":[{"not_picked":["Sucker Punch","Well Laid Plans"],"picked":"Noxious Fumes","floor":1.0},{"not_picked":["Backflip","Riddle With Holes"],"picked":"Underhanded Strike","floor":2.0},{"not_picked":["Underhanded Strike","Predator"],"picked":"Noxious Fumes","floor":4.0},{"not_picked":["Dodge and Roll","Quick Slash","Deadly Poison"],"picked":"SKIP","floor":6.0},{"not_picked":["Riddle With Holes","Crippling Poison"],"picked":"Corpse Explosion","floor":8.0},{"not_picked":["Quick Slash","Dagger Throw"],"picked":"PiercingWail","floor":10.0},{"not_picked":["Eviscerate","Endless Agony"],"picked":"Dodge and Roll","floor":12.0},{"not_picked":["Predator","Terror"],"picked":"Cloak And Dagger","floor":13.0},{"not_picked":["Underhanded Strike","Dagger Spray"],"picked":"Infinite Blades","floor":14},{"not_picked":["Corpse Explosion","Wraith Form v2"],"picked":"Bullet Time","floor":16},{"not_picked":["Reflex","Tactician"],"picked":"Deadly Poison+1","floor":18},{"not_picked":["Noxious Fumes","Poisoned Stab"],"picked":"Acrobatics+1","floor":21}],"player_experience":290513,"relics_obtained":[{"floor":6.0,"key":"Centennial Puzzle"},{"floor":8.0,"key":"Bag of Marbles"},{"floor":9.0,"key":"Dream Catcher"},{"floor":13.0,"key":"Ornamental Fan"},{"floor":19,"key":"Nilry\u0027s Codex"},{"floor":21,"key":"Red Mask"}],"event_choices":[{"damage_healed":0.0,"max_hp_gain":0.0,"max_hp_loss":0.0,"gold_gain":0.0,"cards_transformed":["Strike_G"],"event_name":"Living Wall","player_choice":"Change","floor":3.0,"gold_loss":0.0,"damage_taken":0.0,"cards_obtained":["Bane"]},{"damage_healed":0.0,"max_hp_gain":0.0,"max_hp_loss":0.0,"gold_gain":0.0,"event_name":"Golden Idol","player_choice":"Take Damage","floor":11.0,"gold_loss":0.0,"damage_taken":17.0,"relics_obtained":["Golden Idol"]},{"damage_healed":0,"gold_gain":0,"player_choice":"Obtained Book","damage_taken":16,"max_hp_gain":0,"max_hp_loss":0,"event_name":"Cursed Tome","floor":19,"gold_loss":0},{"damage_healed":0,"gold_gain":0,"player_choice":"Read","damage_taken":0,"max_hp_gain":0,"max_hp_loss":0,"event_name":"The Library","floor":20,"gold_loss":0,"cards_obtained":["Crippling Poison"]},{"damage_healed":0,"gold_gain":0,"player_choice":"Fought Bandits","damage_taken":0,"max_hp_gain":0,"max_hp_loss":0,"event_name":"Masked Bandits","floor":21,"gold_loss":0},{"cards_removed":["Strike_G"],"damage_healed":0,"gold_gain":0,"player_choice":"Purged","damage_taken":0,"max_hp_gain":0,"max_hp_loss":0,"event_name":"Purifier","floor":22,"gold_loss":0}],"is_beta":false,"boss_relics":[{"not_picked":["White Beast Statue","Ectoplasm"],"picked":"Sozu"}],"items_purged_floors":[],"is_endless":false,"potions_floor_spawned":[4,8,13,14,18,21],"killed_by":"Gremlin Leader","ascension_level":11}