{"gold_per_floor":[112,128,23,23,98,128,128,138,138,172,172,184,209,223,223,297,297,316,351,368,379,10,38,38,38,38,38,72,122,122,137,137,211,261,273,273,283,301,317,317,331,331],"floor_reached":42,"playtime":3897,"items_purged":["Strike_R","Strike_R"],"score":991,"play_id":"554bba49-c699-4b98-881b-7f418680ce2a","local_time":"20190611111153","is_ascension_mode":true,"campfire_choices":[{"data":"Rampage","floor":7.0,"key":"SMITH"},{"data":"Shockwave","floor":15.0,"key":"SMITH"},{"data":"Double Tap","floor":24.0,"key":"SMITH"},{"data":"Metallicize","floor":27.0,"key":"SMITH"},{"data":"True Grit","floor":30.0,"key":"SMITH"},{"data":"True Grit","floor":32.0,"key":"SMITH"},{"floor":40,"key":"REST"}],"neow_cost":"NONE","seed_source_timestamp":0,"circlet_count":0,"master_deck":["AscendersBane","Strike_R","Strike_R","Defend_R","Defend_R","Defend_R+1","Defend_R","Shockwave+1","Rampage+1","True Grit+1","True Grit+1","Dropkick","Dropkick+1","Metallicize+1","Double Tap+1","Headbutt+1","Shrug It Off","Ghostly Armor","Reaper+1","Inflame+1","Shrug It Off+1"],"special_seed":0,"relics":["Burning Blood","NeowsBlessing","Pear","Molten Egg 2","Letter Opener","Bag of Marbles","Eternal Feather","Red Mask","Lee\u0027s Waffle","Anchor","Bottled Flame","Blood Vial","Tiny House"],"potions_floor_usage":[37,42],"damage_taken":[{"damage":0.0,"enemies":"Cultist","floor":1.0,"turns":1.0},{"damage":0.0,"enemies":"Small Slimes","floor":2.0,"turns":1.0},{"damage":0.0,"enemies":"3 Sentries","floor":6.0,"turns":2.0},{"damage":4.0,"enemies":"Jaw Worm","floor":8.0,"turns":5.0},{"damage":32.0,"enemies":"Lagavulin","floor":10.0,"turns":8.0},{"damage":1.0,"enemies":"2 Fungi Beasts","floor":12.0,"turns":4.0},{"damage":14.0,"enemies":"Gremlin Nob","floor":13.0,"turns":4.0},{"damage":6.0,"enemies":"Red Slaver","floor":14.0,"turns":3.0},{"damage":16.0,"enemies":"Hexaghost","floor":16.0,"turns":7.0},{"damage":27.0,"enemies":"3 Byrds","floor":18.0,"turns":6.0},{"damage":35.0,"enemies":"Masked Bandits","floor":19.0,"turns":5.0},{"damage":8.0,"enemies":"Shell Parasite","floor":20.0,"turns":5.0},{"damage":11.0,"enemies":"Snecko","floor":21.0,"turns":6.0},{"damage":53.0,"enemies":"Book of Stabbing","floor":23.0,"turns":6.0},{"damage":37.0,"enemies":"Gremlin Leader","floor":28.0,"turns":8.0},{"damage":13.0,"enemies":"Sentry and Sphere","floor":31.0,"turns":5.0},{"damage":45.0,"enemies":"Automaton","floor":33.0,"turns":8.0},{"damage":17.0,"enemies":"3 Darklings","floor":35.0,"turns":11.0},{"damage":50,"enemies":"Orb Walker","floor":37,"turns":6},{"damage":73,"enemies":"Jaw Worm Horde","floor":38,"turns":7},{"damage":65,"enemies":"4 Shapes","floor":39,"turns":16},{"damage":32,"enemies":"3 Darklings","floor":41,"turns":5},{"damage":82,"enemies":"Reptomancer","floor":42,"turns":5}],"seed_played":"-1443035368851821010","potions_obtained":[{"floor":1.0,"key":"EssenceOfSteel"},{"floor":10.0,"key":"Poison Potion"},{"floor":12.0,"key":"Strength Potion"},{"floor":16.0,"key":"Strength Potion"},{"floor":18.0,"key":"EssenceOfSteel"},{"floor":19.0,"key":"Block Potion"},{"floor":28.0,"key":"Regen Potion"},{"floor":31.0,"key":"BloodPotion"},{"floor":34.0,"key":"Ancient Potion"},{"floor":35,"key":"SkillPotion"},{"floor":38,"key":"Strength Potion"}],"is_trial":false,"path_per_floor":["M","M","$","?","?","E","R","M","T","E","?","M","E","M","R","B",null,"M","?","M","M","$","E","R","?","T","R","E","?","R","M","R","B",null,"M","?","M","M","M","R","M","E"],"character_chosen":"IRONCLAD","items_purchased":["True Grit","Lee\u0027s Waffle","Shrug It Off"],"campfire_rested":1,"item_purchase_floors":[3,22,22],"current_hp_per_floor":[74,75,75,75,64,80,80,82,82,56,56,61,53,53,53,43,75,54,25,23,18,92,45,54,54,54,63,32,32,41,50,59,22,80,71,71,43,36,7,48,60,0],"gold":331,"neow_bonus":"THREE_ENEMY_KILL","is_prod":false,"is_daily":false,"chose_seed":false,"campfire_upgraded":6,"win_rate":0,"timestamp":1560276713,"path_taken":["M","M","$","?","?","E","R","M","T","E","?","M","E","M","R","BOSS","M","?","M","M","$","E","R","?","T","R","E","?","R","M","R","BOSS","M","?","M","M","M","R","M","E"],"build_version":"2019-01-23","purchased_purges":2,"victory":false,"max_hp_per_floor":[75,75,75,75,75,85,85,85,85,85,85,85,85,85,85,85,85,85,85,85,85,92,92,92,92,92,92,92,92,92,92,92,92,97,97,97,97,97,97,97,97,97],"card_choices":[{"not_picked":["Metallicize","Spot Weakness"],"picked":"Shockwave","floor":1.0},{"not_picked":["Pummel","Combust"],"picked":"Rampage","floor":2.0},{"not_picked":["Pommel Strike","Battle Trance"],"picked":"True Grit","floor":6.0},{"not_picked":["Iron Wave","Intimidate"],"picked":"Dropkick","floor":8.0},{"not_picked":["Spot Weakness","Second Wind"],"picked":"Dropkick+1","floor":10.0},{"not_picked":["Blood for Blood+1","Carnage+1"],"picked":"Metallicize","floor":12.0},{"not_picked":["Carnage+1","Rupture","Clothesline+1"],"picked":"SKIP","floor":13.0},{"not_picked":["Hemokinesis+1","Intimidate","Iron Wave+1"],"picked":"SKIP","floor":14.0},{"not_picked":["Brutality","Impervious"],"picked":"Double Tap","floor":16.0},{"not_picked":["Thunderclap+1","Clothesline+1","Twin Strike+1"],"picked":"SKIP","floor":18.0},{"not_picked":["Infernal Blade","Warcry"],"picked":"Headbutt+1","floor":19.0},{"not_picked":["Heavy Blade+1","Thunderclap+1","Rupture"],"picked":"SKIP","floor":20.0},{"not_picked":["Flex","Heavy Blade+1","Twin Strike+1"],"picked":"SKIP","floor":21.0},{"not_picked":["Thunderclap+1","Feel No Pain"],"picked":"Ghostly Armor","floor":23.0},{"not_picked":["Searing Blow+1","Infernal Blade","Blood for Blood+1"],"picked":"SKIP","floor":28.0},{"not_picked":["Body Slam+1","Infernal Blade","Uppercut+1"],"picked":"SKIP","floor":31.0},{"not_picked":["Dark Embrace","Immolate+1"],"picked":"Reaper+1","floor":33.0},{"not_picked":["Dropkick+1","Burning Pact"],"picked":"Inflame+1","floor":35},{"not_picked":["Armaments+1","Reckless Charge+1","Clothesline+1"],"picked":"SKIP","floor":37},{"not_picked":["Sword Boomerang+1","Warcry","Anger+1"],"picked":"SKIP","floor":38},{"not_picked":["Sword Boomerang+1","Warcry","Havoc"],"picked":"SKIP","floor":39},{"not_picked":["Iron Wave+1","True Grit+1"],"picked":"Shrug It Off+1","floor":41}],"player_experience":1011848,"relics_obtained":[{"floor":6.0,"key":"Pear"},{"floor":9.0,"key":"Molten Egg 2"},{"floor":10.0,"key":"Letter Opener"},{"floor":13.0,"key":"Bag of Marbles"},{"floor":19.0,"key":"Red Mask"},{"floor":23.0,"key":"Anchor"},{"floor":26.0,"key":"Bottled Flame"},{"floor":28.0,"key":"Blood Vial"}],"event_choices":[{"damage_healed":0.0,"max_hp_gain":0.0,"max_hp_loss":0.0,"gold_gain":0.0,"event_name":"Liars Game","player_choice":"Ignored","floor":4.0,"gold_loss":0.0,"damage_taken":0.0},{"damage_healed":0.0,"max_hp_gain":0.0,"max_hp_loss":0.0,"gold_gain":75.0,"event_name":"World of Goop","player_choice":"Gather Gold","floor":5.0,"gold_loss":0.0,"damage_taken":11.0},{"cards_removed":["Strike_R"],"damage_healed":0.0,"max_hp_gain":0.0,"max_hp_loss":0.0,"gold_gain":0.0,"event_name":"Living Wall","player_choice":"Forget","floor":11.0,"gold_loss":0.0,"damage_taken":0.0},{"damage_healed":0.0,"max_hp_gain":0.0,"max_hp_loss":0.0,"gold_gain":0.0,"event_name":"Masked Bandits","player_choice":"Fought Bandits","floor":19.0,"gold_loss":0.0,"damage_taken":0.0},{"damage_healed":0.0,"max_hp_gain":0.0,"max_hp_loss":0.0,"gold_gain":100.0,"event_name":"The Joust","player_choice":"Bet on Murderer","floor":29.0,"gold_loss":50.0,"damage_taken":0.0},{"cards_removed":["Bash"],"damage_healed":0,"gold_gain":0,"player_choice":"Removed Attack","damage_taken":0,"max_hp_gain":0,"max_hp_loss":0,"event_name":"Falling","floor":36,"gold_loss":0}],"is_beta":false,"boss_relics":[{"not_picked":["Fusion Hammer","Mark of Pain"],"picked":"Eternal Feather"},{"not_picked":["Black Blood","Snecko Eye"],"picked":"Tiny House"}],"items_purged_floors":[3,22],"is_endless":false,"potions_floor_spawned":[1,10,12,16,18,19,28,31,35,38],"killed_by":"Reptomancer","ascension_level":20}