{"gold_per_floor":[16,16,35,55,55,55,95,95,118,136,156,156,181,197,197,197],"floor_reached":16,"playtime":1486,"items_purged":[],"score":192,"play_id":"c9f302ce-8b4e-4f73-96e1-ea28dad133ef","local_time":"20190209235734","is_ascension_mode":true,"campfire_choices":[{"data":"Clothesline","floor":6,"key":"SMITH"},{"data":"Uppercut","floor":8,"key":"SMITH"},{"data":"Double Tap","floor":12,"key":"SMITH"},{"floor":15,"key":"REST"}],"neow_cost":"NO_GOLD","seed_source_timestamp":374851398322700,"circlet_count":0,"master_deck":["AscendersBane","Strike_R","Strike_R+1","Strike_R","Strike_R","Strike_R","Defend_R+1","Defend_R","Defend_R","Defend_R","Bash","Double Tap+1","Shrug It Off","Clothesline+1","Battle Trance","Uppercut+1","Iron Wave","Dropkick"],"relics":["Burning Blood","Golden Idol","Omamori","Happy Flower"],"potions_floor_usage":[7,16,16],"damage_taken":[{"damage":10,"enemies":"2 Louse","floor":1,"turns":4},{"damage":3,"enemies":"Small Slimes","floor":3,"turns":4},{"damage":7,"enemies":"Jaw Worm","floor":4,"turns":4},{"damage":27,"enemies":"Lagavulin","floor":7,"turns":5},{"damage":7,"enemies":"Large Slime","floor":10,"turns":6},{"damage":3,"enemies":"Looter","floor":11,"turns":3},{"damage":11,"enemies":"Lots of Slimes","floor":13,"turns":5},{"damage":1,"enemies":"Large Slime","floor":14,"turns":4},{"damage":49,"enemies":"Slime Boss","floor":16,"turns":10}],"seed_played":"-7516052767647862467","potions_obtained":[{"floor":3,"key":"EssenceOfSteel"},{"floor":4,"key":"Strength Potion"},{"floor":13,"key":"Explosive Potion"}],"is_trial":false,"path_per_floor":["M","?","M","M","?","R","E","R","T","M","M","R","M","M","R","B"],"character_chosen":"IRONCLAD","items_purchased":[],"campfire_rested":1,"item_purchase_floors":[],"current_hp_per_floor":[64,41,44,43,43,43,22,22,22,21,24,24,19,24,44,0],"gold":197,"neow_bonus":"THREE_RARE_CARDS","is_prod":false,"is_daily":false,"chose_seed":false,"campfire_upgraded":3,"win_rate":0,"timestamp":1549785454,"path_taken":["M","?","M","M","?","R","E","R","T","M","M","R","M","M","R","BOSS"],"build_version":"2019-01-23","purchased_purges":0,"victory":false,"max_hp_per_floor":[75,75,75,75,68,68,68,68,68,68,68,68,68,68,68,68],"card_choices":[{"not_picked":["Impervious","Brutality"],"picked":"Double Tap","floor":0},{"not_picked":["Warcry","Corruption"],"picked":"Shrug It Off","floor":1},{"not_picked":["Power Through","Flex"],"picked":"Clothesline","floor":3},{"not_picked":["Juggernaut","Power Through"],"picked":"Battle Trance","floor":4},{"not_picked":["Wild Strike","True Grit"],"picked":"Uppercut","floor":7},{"not_picked":["Combust","Sword Boomerang"],"picked":"Iron Wave","floor":10},{"not_picked":["Perfected Strike","Rupture","Warcry"],"picked":"SKIP","floor":11},{"not_picked":["Headbutt","Flex","Thunderclap"],"picked":"SKIP","floor":13},{"not_picked":["Flex","Thunderclap"],"picked":"Dropkick","floor":14}],"player_experience":572428,"relics_obtained":[{"floor":7,"key":"Omamori"},{"floor":9,"key":"Happy Flower"}],"event_choices":[{"damage_healed":0,"gold_gain":0,"player_choice":"Entered Light","damage_taken":23,"max_hp_gain":0,"max_hp_loss":0,"event_name":"Shining Light","floor":2,"gold_loss":0,"cards_upgraded":["Strike_R","Defend_R"]},{"damage_healed":0,"gold_gain":0,"player_choice":"Lose Max HP","damage_taken":0,"relics_obtained":["Golden Idol"],"max_hp_gain":0,"max_hp_loss":7,"event_name":"Golden Idol","floor":5,"gold_loss":0}],"is_beta":false,"boss_relics":[],"items_purged_floors":[],"is_endless":false,"potions_floor_spawned":[3,4,13],"killed_by":"Slime Boss","ascension_level":17}