{"gold_per_floor":[148,167,167,132,132,132,159,159,159,171,205,218,218,238,238,343,343,359,375,392,404,404,404,404,404,404,420,433,433,464,484,484,583,583,603,614,614,614],"floor_reached":38,"playtime":4339,"items_purged":[],"score":408,"play_id":"340f4026-1844-4c89-8735-9b78b0b840da","local_time":"20190723220058","is_ascension_mode":false,"campfire_choices":[{"data":"Survivor","floor":6,"key":"SMITH"},{"floor":8,"key":"REST"},{"data":"Dagger Spray","floor":13,"key":"SMITH"},{"floor":15,"key":"REST"},{"floor":23,"key":"REST"},{"floor":25,"key":"REST"},{"floor":29,"key":"REST"},{"data":"Backstab","floor":32,"key":"SMITH"}],"neow_cost":"NONE","seed_source_timestamp":140205500502558,"circlet_count":0,"master_deck":["Strike_G","Strike_G","Strike_G","Strike_G","Strike_G","Defend_G+1","Defend_G","Defend_G","Defend_G","Defend_G","Survivor+1","Neutralize","Poisoned Stab","Adrenaline+1","Pain","Deadly Poison","Backflip","Escape Plan","Dagger Spray+1","Bane","Wraith Form v2","Bane","PiercingWail+1","Outmaneuver","Backstab+1","Corpse Explosion"],"relics":["Ring of the Snake","Tiny Chest","WarpedTongs","Snake Skull","Mercury Hourglass","Pantograph","Busted Crown","Nilry\u0027s Codex","Ginger","Dream Catcher","Fusion Hammer"],"potions_floor_usage":[7,16,16,19,27,31,31,33,37,37],"damage_taken":[{"damage":0,"enemies":"Jaw Worm","floor":1,"turns":4},{"damage":2,"enemies":"Small Slimes","floor":2,"turns":5},{"damage":15,"enemies":"Lagavulin","floor":7,"turns":7},{"damage":3,"enemies":"Cultist","floor":10,"turns":3},{"damage":7,"enemies":"3 Sentries","floor":11,"turns":6},{"damage":1,"enemies":"2 Fungi Beasts","floor":12,"turns":2},{"damage":5,"enemies":"Exordium Wildlife","floor":14,"turns":3},{"damage":32,"enemies":"Slime Boss","floor":16,"turns":9},{"damage":8,"enemies":"3 Byrds","floor":18,"turns":4},{"damage":19,"enemies":"2 Thieves","floor":19,"turns":3},{"damage":3,"enemies":"Snake Plant","floor":20,"turns":4},{"damage":16,"enemies":"Centurion and Healer","floor":21,"turns":7},{"damage":0,"enemies":"Cultist and Chosen","floor":27,"turns":4},{"damage":2,"enemies":"Snake Plant","floor":28,"turns":3},{"damage":4,"enemies":"Gremlin Leader","floor":30,"turns":5},{"damage":1,"enemies":"Chosen and Byrds","floor":31,"turns":4},{"damage":47,"enemies":"Champ","floor":33,"turns":14},{"damage":1,"enemies":"Orb Walker","floor":35,"turns":3},{"damage":19,"enemies":"3 Shapes","floor":36,"turns":4},{"damage":35,"enemies":"2 Orb Walkers","floor":37,"turns":3},{"damage":15,"enemies":"Jaw Worm Horde","floor":38,"turns":2}],"seed_played":"6626909082502440011","potions_obtained":[{"floor":2,"key":"Dexterity Potion"},{"floor":7,"key":"AttackPotion"},{"floor":12,"key":"GamblersBrew"},{"floor":14,"key":"SkillPotion"},{"floor":16,"key":"LiquidBronze"},{"floor":21,"key":"Poison Potion"},{"floor":28,"key":"SmokeBomb"},{"floor":30,"key":"Energy Potion"},{"floor":31,"key":"Block Potion"},{"floor":33,"key":"LiquidBronze"}],"is_trial":false,"path_per_floor":["M","M","?","?","?","R","E","R","T","M","E","M","R","M","R","B",null,"M","M","M","M","?","R","?","R","T","M","M","R","E","M","R","B",null,"M","M","?","M"],"character_chosen":"THE_SILENT","items_purchased":[],"campfire_rested":5,"item_purchase_floors":[],"current_hp_per_floor":[70,68,54,70,70,70,55,70,70,67,60,59,59,54,70,38,70,62,43,40,24,24,45,29,50,50,50,48,69,65,64,64,23,70,69,50,15,0],"gold":614,"neow_bonus":"RANDOM_COMMON_RELIC","is_prod":false,"is_daily":false,"chose_seed":false,"campfire_upgraded":3,"win_rate":0.0,"timestamp":1563933658,"path_taken":["M","M","?","?","?","R","E","R","T","M","E","?","R","M","R","BOSS","M","M","M","M","?","R","?","R","T","M","M","R","E","?","R","BOSS","M","M","?","M"],"build_version":"2019-07-17","purchased_purges":0,"victory":false,"max_hp_per_floor":[70,70,70,70,70,70,70,70,70,70,70,70,70,70,70,70,70,70,70,70,70,70,70,70,70,70,70,70,70,70,70,70,70,70,70,70,70,70],"card_choices":[{"not_picked":["Acrobatics","Underhanded Strike"],"picked":"Poisoned Stab","floor":1},{"not_picked":["Prepared","Bane"],"picked":"Adrenaline","floor":2},{"not_picked":["Outmaneuver","Prepared"],"picked":"Deadly Poison","floor":7},{"not_picked":["Predator","Reflex"],"picked":"Backflip","floor":10},{"not_picked":["Blur","Dash"],"picked":"Escape Plan","floor":11},{"not_picked":["Underhanded Strike","Deflect"],"picked":"Dagger Spray","floor":12},{"not_picked":["Acrobatics","Deflect"],"picked":"Bane","floor":14},{"not_picked":["Envenom","A Thousand Cuts"],"picked":"Wraith Form v2","floor":16},{"not_picked":["Slice"],"picked":"SKIP","floor":18},{"not_picked":["Underhanded Strike"],"picked":"SKIP","floor":19},{"not_picked":["Infinite Blades+1"],"picked":"SKIP","floor":20},{"not_picked":[],"picked":"Bane","floor":21},{"not_picked":[],"picked":"PiercingWail+1","floor":27},{"not_picked":[],"picked":"Outmaneuver","floor":28},{"not_picked":["Deflect"],"picked":"SKIP","floor":30},{"not_picked":[],"picked":"Backstab","floor":31},{"not_picked":[],"picked":"Corpse Explosion","floor":33},{"not_picked":["Deadly Poison"],"picked":"SKIP","floor":35},{"not_picked":["Deadly Poison"],"picked":"SKIP","floor":36}],"player_experience":126377,"relics_obtained":[{"floor":7,"key":"Snake Skull"},{"floor":9,"key":"Mercury Hourglass"},{"floor":11,"key":"Pantograph"},{"floor":24,"key":"Nilry\u0027s Codex"},{"floor":26,"key":"Ginger"},{"floor":30,"key":"Dream Catcher"}],"event_choices":[{"damage_healed":0,"gold_gain":0,"player_choice":"Entered Light","damage_taken":14,"max_hp_gain":0,"max_hp_loss":0,"event_name":"Shining Light","floor":3,"gold_loss":0,"cards_upgraded":["Defend_G","Adrenaline"]},{"damage_healed":17,"gold_gain":0,"player_choice":"Healed","damage_taken":0,"max_hp_gain":0,"max_hp_loss":0,"event_name":"The Cleric","floor":4,"gold_loss":35},{"damage_healed":0,"gold_gain":0,"player_choice":"Rummage","damage_taken":0,"relics_obtained":["WarpedTongs"],"max_hp_gain":0,"max_hp_loss":0,"event_name":"Accursed Blacksmith","floor":5,"gold_loss":0,"cards_obtained":["Pain"]},{"damage_healed":0,"gold_gain":0,"player_choice":"Ignored","damage_taken":0,"max_hp_gain":0,"max_hp_loss":0,"event_name":"Ghosts","floor":22,"gold_loss":0},{"damage_healed":0,"gold_gain":0,"player_choice":"Obtained Book","damage_taken":16,"max_hp_gain":0,"max_hp_loss":0,"event_name":"Cursed Tome","floor":24,"gold_loss":0},{"damage_healed":0,"gold_gain":0,"player_choice":"Fight","damage_taken":0,"max_hp_gain":0,"max_hp_loss":0,"event_name":"Mysterious Sphere","floor":37,"gold_loss":0}],"is_beta":false,"boss_relics":[{"not_picked":["Orrery","Velvet Choker"],"picked":"Busted Crown"},{"not_picked":["Sozu","Snecko Eye"],"picked":"Fusion Hammer"}],"items_purged_floors":[],"is_endless":false,"potions_floor_spawned":[2,7,12,14,16,21,28,30,31,33],"killed_by":"Jaw Worm Horde","ascension_level":0}