{"gold_per_floor":[116,135,48,48,62,62,91,121,121,154,154,15,15,35,35,113,113,129,129,142,13,13,13,346,346,371,389,402,402,433,10,10,83,83,93,48,48,48],"floor_reached":39,"playtime":2948,"items_purged":["Strike_B"],"score":1042,"play_id":"a136da55-2ac8-4a5f-9367-bd1bdb1eaf46","local_time":"20190224124425","is_ascension_mode":true,"campfire_choices":[{"data":"Chaos","floor":6,"key":"SMITH"},{"data":"White Noise","floor":11,"key":"SMITH"},{"floor":13,"key":"REST"},{"data":"Echo Form","floor":15,"key":"SMITH"},{"data":"Biased Cognition","floor":23,"key":"SMITH"},{"data":"Madness","floor":25,"key":"SMITH"},{"data":"Multi-Cast","floor":29,"key":"SMITH"},{"floor":32,"key":"REST"}],"neow_cost":"NONE","seed_source_timestamp":255909023753224,"circlet_count":0,"master_deck":["AscendersBane","Defend_B+1","Zap","Dualcast+1","Sweeping Beam","Chaos+1","Madness+1","White Noise+1","Self Repair","Multi-Cast+1","Echo Form+1","Discovery+1","Steam+1","Turbo+1","Biased Cognition+1","Leap+1","Storm","BootSequence+1","Hologram+1","Coolheaded+1","Buffer","Master of Strategy+1","Coolheaded+1","Fission+1","Double Energy+1","Sweeping Beam+1","Reboot+1","Redo+1"],"relics":["Cracked Core","NeowsBlessing","Singing Bowl","Toxic Egg 2","Sundial","Nuclear Battery","Old Coin","Boot","War Paint","ClockworkSouvenir","Astrolabe"],"potions_floor_usage":[10,16,24,28,30,35,38,38],"damage_taken":[{"damage":0,"enemies":"Cultist","floor":1,"turns":1},{"damage":0,"enemies":"Small Slimes","floor":2,"turns":1},{"damage":0,"enemies":"Jaw Worm","floor":5,"turns":1},{"damage":20,"enemies":"Lagavulin","floor":7,"turns":7},{"damage":33,"enemies":"3 Sentries","floor":10,"turns":5},{"damage":4,"enemies":"Looter","floor":14,"turns":3},{"damage":24,"enemies":"The Guardian","floor":16,"turns":6},{"damage":9,"enemies":"2 Thieves","floor":18,"turns":2},{"damage":26,"enemies":"3 Byrds","floor":20,"turns":4},{"damage":11,"enemies":"Gremlin Leader","floor":24,"turns":4},{"damage":11,"enemies":"Snake Plant","floor":27,"turns":4},{"damage":6,"enemies":"3 Cultists","floor":28,"turns":5},{"damage":28,"enemies":"Book of Stabbing","floor":30,"turns":4},{"damage":4,"enemies":"Automaton","floor":33,"turns":8},{"damage":0,"enemies":"Orb Walker","floor":35,"turns":2},{"damage":67,"enemies":"Donu and Deca","floor":38,"turns":10}],"seed_played":"-6807839269696855668","potions_obtained":[{"floor":2,"key":"Explosive Potion"},{"floor":14,"key":"AttackPotion"},{"floor":16,"key":"Strength Potion"},{"floor":20,"key":"Explosive Potion"},{"floor":27,"key":"FearPotion"},{"floor":28,"key":"LiquidBronze"},{"floor":33,"key":"AttackPotion"},{"floor":35,"key":"GamblersBrew"}],"is_trial":false,"path_per_floor":["M","M","$","?","M","R","E","?","T","E","R","$","R","M","R","B",null,"M","?","M","$","?","R","E","R","T","M","M","R","E","$","R","B",null,"M","$","?","B",null],"character_chosen":"DEFECT","items_purchased":["Madness","Discovery+1","Steam+1","Coolheaded+1","Master of Strategy+1","ClockworkSouvenir","Coolheaded+1","Redo+1"],"campfire_rested":2,"item_purchase_floors":[3,12,12,21,31,31,31,36],"current_hp_per_floor":[64,64,64,64,64,64,51,51,51,18,18,18,39,42,42,25,60,51,51,32,32,55,55,53,53,53,44,47,47,26,26,49,52,71,73,73,73,13],"gold":48,"neow_bonus":"THREE_ENEMY_KILL","is_prod":false,"is_daily":false,"chose_seed":false,"campfire_upgraded":6,"win_rate":0,"timestamp":1551041065,"path_taken":["M","M","$","?","M","R","E","?","T","E","R","?","R","M","R","BOSS","M","?","M","$","?","R","E","R","T","M","M","R","E","?","R","BOSS","M","$","?","BOSS"],"build_version":"2019-01-23","purchased_purges":1,"victory":true,"max_hp_per_floor":[71,71,71,71,71,71,71,71,71,71,71,71,71,71,71,71,71,71,71,71,71,71,71,73,73,73,75,77,77,77,77,77,77,77,79,79,79,79],"card_choices":[{"not_picked":["Rebound","Turbo"],"picked":"Sweeping Beam","floor":1},{"not_picked":["Steam","Hologram"],"picked":"Chaos","floor":2},{"not_picked":["Recycle","Coolheaded"],"picked":"Self Repair","floor":5},{"not_picked":["Turbo","Beam Cell"],"picked":"Multi-Cast","floor":7},{"not_picked":["Heatsinks","Turbo+1"],"picked":"Echo Form","floor":10},{"not_picked":["Rebound","Gash"],"picked":"Turbo+1","floor":14},{"not_picked":["Machine Learning","Reboot+1"],"picked":"Biased Cognition","floor":16},{"not_picked":["Barrage+1","Reprogram+1"],"picked":"Leap+1","floor":18},{"not_picked":["Hello World","Turbo+1"],"picked":"Hologram+1","floor":20},{"not_picked":["Stack+1","Recycle+1","Streamline"],"picked":"Singing Bowl","floor":24},{"not_picked":["Ball Lightning","Cold Snap","Genetic Algorithm+1"],"picked":"Singing Bowl","floor":27},{"not_picked":["Hologram+1","Sunder+1","Stack+1"],"picked":"Singing Bowl","floor":28},{"not_picked":["Compile Driver","Go for the Eyes"],"picked":"Buffer","floor":30},{"not_picked":["Creative AI","Reboot+1"],"picked":"Fission+1","floor":33},{"not_picked":["Compile Driver+1","Coolheaded+1","Turbo+1"],"picked":"Singing Bowl","floor":35}],"player_experience":699483,"relics_obtained":[{"floor":7,"key":"Singing Bowl"},{"floor":9,"key":"Toxic Egg 2"},{"floor":10,"key":"Sundial"},{"floor":24,"key":"Old Coin"},{"floor":26,"key":"Boot"},{"floor":30,"key":"War Paint"}],"event_choices":[{"damage_healed":0,"gold_gain":0,"cards_transformed":["Defend_B"],"player_choice":"Change","damage_taken":0,"max_hp_gain":0,"max_hp_loss":0,"event_name":"Living Wall","floor":4,"gold_loss":0,"cards_obtained":["White Noise"]},{"damage_healed":0,"gold_gain":30,"player_choice":"Searched \u00271\u0027 times","damage_taken":0,"max_hp_gain":0,"max_hp_loss":0,"event_name":"Dead Adventurer","floor":8,"gold_loss":0},{"damage_healed":0,"gold_gain":0,"cards_transformed":["Strike_B","Strike_B"],"player_choice":"Became Test Subject","damage_taken":0,"max_hp_gain":0,"max_hp_loss":0,"event_name":"Drug Dealer","floor":19,"gold_loss":0,"cards_obtained":["Storm","BootSequence"]},{"damage_healed":23,"gold_gain":0,"player_choice":"Heal","damage_taken":0,"max_hp_gain":0,"max_hp_loss":0,"event_name":"The Library","floor":22,"gold_loss":0},{"damage_healed":0,"gold_gain":0,"player_choice":"Took Portal","damage_taken":0,"max_hp_gain":0,"max_hp_loss":0,"event_name":"SecretPortal","floor":37,"gold_loss":0}],"is_beta":false,"boss_relics":[{"not_picked":["Velvet Choker","FrozenCore"],"picked":"Nuclear Battery"},{"not_picked":["Coffee Dripper","Philosopher\u0027s Stone"],"picked":"Astrolabe"}],"items_purged_floors":[21],"is_endless":false,"potions_floor_spawned":[2,14,16,20,27,28,33,35],"ascension_level":14}