{"gold_per_floor":[116,291,310,329,329,329,354,354,354,365,365,385,403,423,423,526,576,594,594,594,614,15,47,47,62,92,125,163,175,197,225,237,347,359,390,402,433,1444,1456,1468],"floor_reached":40,"playtime":4809,"items_purged":["Decay"],"score":528,"play_id":"f4c0cd3e-2ef5-409c-bc6c-d345b85de778","local_time":"20190804150443","is_ascension_mode":false,"campfire_choices":[{"floor":6.0,"key":"REST"},{"floor":11.0,"key":"REST"},{"floor":15.0,"key":"REST"},{"floor":24,"key":"REST"},{"floor":32,"key":"REST"}],"neow_cost":"NONE","seed_source_timestamp":0,"circlet_count":0,"master_deck":["Strike_G","Strike_G","Strike_G+1","Strike_G","Defend_G","Defend_G","Defend_G","Defend_G","Defend_G","Survivor","Neutralize","Terror","Eviscerate","Catalyst","Heel Hook","Poisoned Stab","Noxious Fumes","Cloak And Dagger","Quick Slash","Die Die Die","PiercingWail","Cloak And Dagger+1","Night Terror","Skewer","Dagger Throw+1","Adrenaline","Bouncing Flask+1","Cloak And Dagger+1","Blur+1","Leg Sweep+1","Bullet Time+1","Outmaneuver+1","Acrobatics+1","Normality","Normality"],"special_seed":0,"relics":["Ring of the Snake","Matryoshka","Dream Catcher","Happy Flower","Tiny House","Pantograph","OrangePellets","Mercury Hourglass","Tiny Chest","Toxic Egg 2","MawBank","Bag of Marbles","Molten Egg 2","Eternal Feather"],"potions_floor_usage":[17,18,21,23,23,27,37,40,40],"damage_taken":[{"damage":10.0,"enemies":"Jaw Worm","floor":1.0,"turns":8.0},{"damage":2.0,"enemies":"2 Louse","floor":3.0,"turns":3.0},{"damage":1.0,"enemies":"Small Slimes","floor":4.0,"turns":3.0},{"damage":42.0,"enemies":"3 Sentries","floor":7.0,"turns":13.0},{"damage":0.0,"enemies":"Exordium Wildlife","floor":10.0,"turns":6.0},{"damage":7.0,"enemies":"Blue Slaver","floor":12.0,"turns":4.0},{"damage":0.0,"enemies":"Looter","floor":13.0,"turns":4.0},{"damage":20.0,"enemies":"3 Louse","floor":14.0,"turns":5.0},{"damage":16.0,"enemies":"The Guardian","floor":16.0,"turns":12.0},{"damage":19,"enemies":"Chosen","floor":18,"turns":5},{"damage":38,"enemies":"3 Byrds","floor":21,"turns":6},{"damage":0,"enemies":"Gremlin Leader","floor":23,"turns":7},{"damage":19,"enemies":"Shelled Parasite and Fungi","floor":25,"turns":5},{"damage":33,"enemies":"Book of Stabbing","floor":27,"turns":5},{"damage":20,"enemies":"3 Cultists","floor":30,"turns":4},{"damage":3,"enemies":"Snecko","floor":31,"turns":5},{"damage":51,"enemies":"Collector","floor":33,"turns":9},{"damage":6,"enemies":"Orb Walker","floor":35,"turns":3},{"damage":33,"enemies":"3 Darklings","floor":37,"turns":7},{"damage":65,"enemies":"Nemesis","floor":40,"turns":8}],"seed_played":"-9104412508302344187","potions_obtained":[{"floor":1.0,"key":"Explosive Potion"},{"floor":3.0,"key":"Strength Potion"},{"floor":7.0,"key":"EssenceOfSteel"},{"floor":16.0,"key":"AttackPotion"},{"floor":17,"key":"Fruit Juice"},{"floor":18,"key":"GhostInAJar"},{"floor":23,"key":"SneckoOil"},{"floor":25,"key":"AttackPotion"},{"floor":33,"key":"LiquidBronze"},{"floor":37,"key":"SkillPotion"}],"is_trial":false,"path_per_floor":["M","?","M","M","?","R","E","?","T","M","R","M","M","M","R","B",null,"M","?","?","M","$","E","R","M","T","E","T","?","M","M","R","B",null,"M","?","M","?","?","E"],"character_chosen":"THE_SILENT","items_purchased":["Pantograph","OrangePellets","Regen Potion"],"campfire_rested":5,"item_purchase_floors":[22,22,22],"current_hp_per_floor":[67,67,65,64,69,82,40,40,40,40,64,57,57,37,61,45,92,73,73,73,35,35,50,77,58,58,25,25,25,5,2,29,3,92,86,86,53,53,53,0],"gold":1468,"neow_bonus":"TEN_PERCENT_HP_BONUS","is_prod":false,"is_daily":false,"chose_seed":false,"campfire_upgraded":0,"win_rate":0.0,"timestamp":1564945483,"path_taken":["M","?","M","M","?","R","E","?","T","M","R","M","?","M","R","BOSS","M","?","?","M","$","E","R","M","T","E","?","?","M","M","R","BOSS","M","?","M","?","?","E"],"build_version":"2019-07-17","purchased_purges":1,"victory":false,"max_hp_per_floor":[77,77,77,77,82,82,82,82,82,82,82,82,82,82,82,82,92,92,92,92,92,92,92,92,92,92,92,92,92,92,92,92,92,92,92,92,92,92,92,92],"card_choices":[{"not_picked":["Dodge and Roll","Calculated Gamble"],"picked":"Terror","floor":1.0},{"not_picked":["Finisher","Bane"],"picked":"Escape Plan","floor":3.0},{"not_picked":["Bouncing Flask","Deflect"],"picked":"Eviscerate","floor":4.0},{"not_picked":["Flying Knee","Phantasmal Killer"],"picked":"Catalyst","floor":7.0},{"not_picked":["Bane","Poisoned Stab"],"picked":"Heel Hook","floor":10.0},{"not_picked":["Slice","Sucker Punch"],"picked":"Poisoned Stab","floor":11.0},{"not_picked":["Well Laid Plans","Dagger Throw"],"picked":"Noxious Fumes","floor":12.0},{"not_picked":["Expertise","Heel Hook","Riddle With Holes"],"picked":"SKIP","floor":13.0},{"not_picked":["Quick Slash","Catalyst"],"picked":"Cloak And Dagger","floor":14.0},{"not_picked":["Dodge and Roll","Accuracy"],"picked":"Quick Slash","floor":15.0},{"not_picked":["Phantasmal Killer","Unload"],"picked":"Die Die Die","floor":16.0},{"not_picked":["Deflect","Quick Slash"],"picked":"PiercingWail","floor":17},{"not_picked":["Deflect","Flechettes+1"],"picked":"Cloak And Dagger+1","floor":18},{"not_picked":["Distraction","Masterful Stab"],"picked":"Skewer","floor":21},{"not_picked":["Endless Agony+1","Acrobatics"],"picked":"Dagger Throw+1","floor":23},{"not_picked":["Tactician+1","Prepared"],"picked":"Adrenaline","floor":24},{"not_picked":["Underhanded Strike","Deadly Poison+1"],"picked":"Bouncing Flask+1","floor":25},{"not_picked":["Tactician+1","Slice"],"picked":"Cloak And Dagger+1","floor":27},{"not_picked":["Endless Agony+1","Dagger Throw+1"],"picked":"Blur+1","floor":30},{"not_picked":["Cloak And Dagger+1","Phantasmal Killer+1","Quick Slash+1"],"picked":"SKIP","floor":31},{"not_picked":["Backflip+1","PiercingWail+1"],"picked":"Leg Sweep+1","floor":32},{"not_picked":["Adrenaline+1","Phantasmal Killer+1"],"picked":"Bullet Time+1","floor":33},{"not_picked":["Slice+1","Crippling Poison+1"],"picked":"Outmaneuver+1","floor":35},{"not_picked":["PiercingWail+1","Reflex+1"],"picked":"Acrobatics+1","floor":37}],"player_experience":183355,"relics_obtained":[{"floor":7.0,"key":"Matryoshka"},{"floor":9.0,"key":"Dream Catcher"},{"floor":9.0,"key":"Happy Flower"},{"floor":23,"key":"Mercury Hourglass"},{"floor":26,"key":"Tiny Chest"},{"floor":26,"key":"Toxic Egg 2"},{"floor":27,"key":"MawBank"},{"floor":28,"key":"Bag of Marbles"}],"event_choices":[{"damage_healed":0.0,"max_hp_gain":0.0,"max_hp_loss":0.0,"gold_gain":175.0,"event_name":"Liars Game","player_choice":"AGREE","floor":2.0,"gold_loss":0.0,"damage_taken":0.0,"cards_obtained":["Doubt"]},{"damage_healed":0.0,"max_hp_gain":5.0,"max_hp_loss":0.0,"gold_gain":0.0,"event_name":"Big Fish","player_choice":"Donut","floor":5.0,"gold_loss":0.0,"damage_taken":0.0},{"damage_healed":0.0,"max_hp_gain":0.0,"max_hp_loss":0.0,"gold_gain":0.0,"event_name":"Scrap Ooze","player_choice":"Fled","floor":8.0,"gold_loss":0.0,"damage_taken":0.0},{"damage_healed":0,"gold_gain":0,"cards_transformed":["Doubt","Strike_G"],"player_choice":"Became Test Subject","damage_taken":0,"max_hp_gain":0,"max_hp_loss":0,"event_name":"Drug Dealer","floor":19,"gold_loss":0,"cards_obtained":["Decay","Night Terror"]},{"damage_healed":0,"gold_gain":0,"player_choice":"Ignored","damage_taken":0,"max_hp_gain":0,"max_hp_loss":0,"event_name":"Vampires","floor":20,"gold_loss":0},{"damage_healed":0,"gold_gain":0,"player_choice":"Opened","damage_taken":0,"relics_obtained":["Molten Egg 2"],"max_hp_gain":0,"max_hp_loss":0,"event_name":"The Mausoleum","floor":29,"gold_loss":0},{"damage_healed":0,"gold_gain":0,"player_choice":"Ignored","damage_taken":0,"max_hp_gain":0,"max_hp_loss":0,"event_name":"Tomb of Lord Red Mask","floor":36,"gold_loss":0},{"damage_healed":0,"gold_gain":999,"player_choice":"Gold","damage_taken":0,"max_hp_gain":0,"max_hp_loss":0,"event_name":"MindBloom","floor":38,"gold_loss":0,"cards_obtained":["Normality","Normality"]},{"cards_removed":["Escape Plan"],"damage_healed":0,"gold_gain":0,"player_choice":"Removed Skill","damage_taken":0,"max_hp_gain":0,"max_hp_loss":0,"event_name":"Falling","floor":39,"gold_loss":0}],"is_beta":false,"boss_relics":[{"not_picked":["Ring of the Serpent","HoveringKite"],"picked":"Tiny House"},{"not_picked":["Runic Pyramid","Fusion Hammer"],"picked":"Eternal Feather"}],"items_purged_floors":[22],"is_endless":false,"potions_floor_spawned":[1,3,7,16,18,23,25,33,37],"killed_by":"Nemesis","ascension_level":0}