{"gold_per_floor":[119,119,133,133,147,147,147,162,162,73,86,96,126,141,141,240,290,301,312,23,40,55,55,6,6,31,31,31,46,56,56,56,56],"floor_reached":33,"playtime":4754,"items_purged":[],"score":276,"play_id":"115e9685-7bef-47fb-b4ba-fef11357fe5c","local_time":"20190912215532","is_ascension_mode":false,"campfire_choices":[{"data":"Rampage","floor":6.0,"key":"SMITH"},{"data":"Anger","floor":15.0,"key":"SMITH"},{"floor":23.0,"key":"REST"},{"floor":25.0,"key":"REST"},{"floor":27.0,"key":"REST"},{"floor":32,"key":"REST"}],"neow_cost":"NONE","seed_source_timestamp":0,"circlet_count":0,"master_deck":["Strike_R+1","Strike_R","Strike_R","Strike_R+1","Strike_R","Defend_R","Defend_R","Defend_R","Defend_R","Bash","Anger+1","Rampage+1","Searing Blow","Iron Wave","Fire Breathing","Thunderclap","Flex","Seeing Red","Headbutt+1","Barricade","Shrug It Off","Metallicize","Blind","Cleave","Pommel Strike+1","Flame Barrier","Shame"],"special_seed":0,"relics":["Burning Blood","Sundial","Blood Vial","Oddly Smooth Stone","Tiny House","Lee\u0027s Waffle","Whetstone","Nunchaku"],"potions_floor_usage":[30],"damage_taken":[{"damage":0.0,"enemies":"Small Slimes","floor":1.0,"turns":3.0},{"damage":7.0,"enemies":"Jaw Worm","floor":3.0,"turns":4.0},{"damage":2.0,"enemies":"Cultist","floor":5.0,"turns":3.0},{"damage":13.0,"enemies":"3 Louse","floor":8.0,"turns":3.0},{"damage":4.0,"enemies":"Blue Slaver","floor":11.0,"turns":4.0},{"damage":4.0,"enemies":"Exordium Thugs","floor":12.0,"turns":4.0},{"damage":28.0,"enemies":"Gremlin Nob","floor":13.0,"turns":4.0},{"damage":7.0,"enemies":"Red Slaver","floor":14.0,"turns":2.0},{"damage":56.0,"enemies":"Slime Boss","floor":16.0,"turns":11.0},{"damage":39.0,"enemies":"3 Byrds","floor":18.0,"turns":6.0},{"damage":19.0,"enemies":"Chosen","floor":19.0,"turns":5.0},{"damage":70.0,"enemies":"3 Cultists","floor":21.0,"turns":7.0},{"damage":31.0,"enemies":"Cultist and Chosen","floor":22.0,"turns":8.0},{"damage":22.0,"enemies":"Colosseum Slavers","floor":28.0,"turns":7.0},{"damage":0.0,"enemies":"Colosseum Nobs","floor":28.0,"turns":2.0},{"damage":45.0,"enemies":"Centurion and Healer","floor":29.0,"turns":13.0},{"damage":21,"enemies":"3 Cultists","floor":30,"turns":5},{"damage":87,"enemies":"Collector","floor":33,"turns":7}],"seed_played":"6696155747399208903","potions_obtained":[{"floor":1.0,"key":"LiquidBronze"},{"floor":3.0,"key":"SpeedPotion"},{"floor":13.0,"key":"Fire Potion"},{"floor":14.0,"key":"SteroidPotion"},{"floor":17.0,"key":"FearPotion"},{"floor":21.0,"key":"SmokeBomb"},{"floor":29.0,"key":"Strength Potion"}],"is_trial":false,"path_per_floor":["M","?","M","?","M","R","?","M","T","$","M","M","E","M","R","B",null,"M","M","$","M","M","R","$","R","T","R","?","M","M","?","R","B"],"character_chosen":"IRONCLAD","items_purchased":["Fire Breathing","Thunderclap","Lee\u0027s Waffle","Blind","Cleave"],"campfire_rested":4,"item_purchase_floors":[10,10,20,20,24],"current_hp_per_floor":[88,88,87,87,88,88,88,81,81,81,85,88,66,67,67,19,93,60,49,100,36,13,43,43,73,73,100,92,55,42,42,72,0],"gold":56,"neow_bonus":"TEN_PERCENT_HP_BONUS","is_prod":false,"is_daily":false,"chose_seed":false,"campfire_upgraded":2,"win_rate":0.0,"timestamp":1568350532,"path_taken":["M","?","M","?","M","R","?","M","T","$","M","M","E","M","R","BOSS","M","M","$","M","?","R","$","R","T","R","?","M","M","?","R","BOSS"],"build_version":"2019-07-17","purchased_purges":0,"victory":false,"max_hp_per_floor":[88,88,88,88,88,88,88,88,88,88,88,88,88,88,88,88,93,93,93,100,100,100,100,100,100,100,100,100,100,100,100,100,100],"card_choices":[{"not_picked":["Rupture","Dropkick"],"picked":"Anger","floor":1.0},{"not_picked":["Battle Trance","Blood for Blood"],"picked":"Rampage","floor":3.0},{"not_picked":["Ghostly Armor","Headbutt"],"picked":"Searing Blow","floor":5.0},{"not_picked":["Anger","Searing Blow","Clash"],"picked":"SKIP","floor":8.0},{"not_picked":["Combust","Feel No Pain","Whirlwind"],"picked":"SKIP","floor":11.0},{"not_picked":["Combust","Fire Breathing"],"picked":"Flex","floor":12.0},{"not_picked":["Sword Boomerang","Fire Breathing"],"picked":"Seeing Red","floor":13.0},{"not_picked":["Power Through","Disarm"],"picked":"Headbutt","floor":14.0},{"not_picked":["Berserk","Dark Embrace"],"picked":"Barricade","floor":16.0},{"not_picked":["Corruption","Body Slam"],"picked":"Shrug It Off","floor":18.0},{"not_picked":["Anger","Clothesline+1"],"picked":"Metallicize","floor":19.0},{"not_picked":["Seeing Red","Clash","Thunderclap"],"picked":"SKIP","floor":21.0},{"not_picked":["Clothesline+1","Hemokinesis","Second Wind"],"picked":"SKIP","floor":22.0},{"not_picked":["Clash","Dual Wield"],"picked":"Pommel Strike+1","floor":29.0},{"not_picked":["Intimidate+1","Metallicize"],"picked":"Flame Barrier","floor":30}],"player_experience":11627,"relics_obtained":[{"floor":9.0,"key":"Blood Vial"},{"floor":13.0,"key":"Oddly Smooth Stone"},{"floor":26.0,"key":"Whetstone"}],"event_choices":[{"damage_healed":0.0,"max_hp_gain":0.0,"max_hp_loss":0.0,"gold_gain":0.0,"event_name":"Golden Wing","player_choice":"Ignored","floor":2.0,"gold_loss":0.0,"damage_taken":0.0},{"damage_healed":0.0,"max_hp_gain":0.0,"max_hp_loss":0.0,"gold_gain":0.0,"event_name":"Big Fish","player_choice":"Box","floor":4.0,"gold_loss":0.0,"damage_taken":0.0,"relics_obtained":["Sundial"],"cards_obtained":["Regret"]},{"cards_removed":["Regret"],"damage_healed":0.0,"max_hp_gain":0.0,"max_hp_loss":0.0,"gold_gain":0.0,"event_name":"NoteForYourself","player_choice":"Took Card","floor":7.0,"gold_loss":0.0,"damage_taken":0.0,"cards_obtained":["Iron Wave"]},{"damage_healed":0.0,"max_hp_gain":0.0,"max_hp_loss":0.0,"gold_gain":0.0,"event_name":"Colosseum","player_choice":"Fight","floor":28.0,"gold_loss":0.0,"damage_taken":0.0},{"damage_healed":0.0,"max_hp_gain":0.0,"max_hp_loss":0.0,"gold_gain":0.0,"event_name":"Colosseum","player_choice":"Fought Nobs","floor":28.0,"gold_loss":0.0,"damage_taken":0.0},{"damage_healed":0,"gold_gain":0,"player_choice":"Stole Relic","damage_taken":0,"relics_obtained":["Nunchaku"],"max_hp_gain":0,"max_hp_loss":0,"event_name":"Addict","floor":31,"gold_loss":0,"cards_obtained":["Shame"]}],"is_beta":false,"boss_relics":[{"not_picked":["Empty Cage","Runic Dome"],"picked":"Tiny House"}],"items_purged_floors":[],"is_endless":false,"potions_floor_spawned":[1,3,13,14,21,28,28,29],"killed_by":"Collector","ascension_level":0}