{"gold_per_floor":[118,118,20,36,48,48,77,77,101,126,139,139,213,225,225,320,320,332,342,342,358,409,409,488,488,570,470,500,516,516,845,845,942,942,953,963,579,579,579,579,185,185,185,203,203,203,233,248,248,248],"floor_reached":51,"playtime":4214,"items_purged":["Injury","Strike_B","Defend_B","Strike_B"],"score":965,"play_id":"4907f1ee-774f-4fde-906d-eb6b3904d96f","local_time":"20181226235007","is_ascension_mode":true,"campfire_choices":[{"data":"White Noise","floor":6,"key":"SMITH"},{"data":"Beam Cell","floor":8,"key":"SMITH"},{"data":"Hologram","floor":15,"key":"SMITH"},{"floor":23,"key":"REST"},{"floor":30,"key":"REST"},{"floor":32,"key":"REST"},{"floor":40,"key":"REST"},{"data":"Echo Form","floor":42,"key":"SMITH"},{"data":"All For One","floor":46,"key":"SMITH"},{"floor":49,"key":"REST"}],"neow_cost":"CURSE","seed_source_timestamp":149995310576953,"circlet_count":0,"master_deck":["Strike_B","Defend_B","Defend_B","Defend_B","Zap","Dualcast+1","Flash of Steel","Gash","Beam Cell+1","White Noise+1","Leap","Rebound","Hologram+1","Core Surge","Echo Form+1","Genetic Algorithm","Gash+1","Gash+1","All For One+1","Defragment+1","Self Repair+1","Good Instincts","Capacitor+1","Hologram+1"],"relics":["FrozenCore","Bag of Marbles","Regal Pillow","Vajra","Potion Belt","Symbiotic Virus","Nuclear Battery","Lantern","Kunai","Tiny Chest","PreservedInsect","Old Coin","Bottled Tornado","Strawberry","Toxic Egg 2","Frozen Egg 2","Omamori"],"potions_floor_usage":[7,10,16,19,28,31,33,50,50],"damage_taken":[{"damage":0,"enemies":"Small Slimes","floor":1,"turns":2},{"damage":0,"enemies":"Cultist","floor":4,"turns":3},{"damage":2,"enemies":"Jaw Worm","floor":5,"turns":3},{"damage":6,"enemies":"Gremlin Nob","floor":7,"turns":3},{"damage":5,"enemies":"3 Sentries","floor":10,"turns":4},{"damage":7,"enemies":"Exordium Wildlife","floor":11,"turns":5},{"damage":1,"enemies":"Looter","floor":14,"turns":2},{"damage":15,"enemies":"Slime Boss","floor":16,"turns":10},{"damage":30,"enemies":"3 Byrds","floor":18,"turns":5},{"damage":2,"enemies":"2 Thieves","floor":19,"turns":4},{"damage":22,"enemies":"Centurion and Healer","floor":21,"turns":5},{"damage":21,"enemies":"Slavers","floor":28,"turns":6},{"damage":17,"enemies":"3 Cultists","floor":29,"turns":5},{"damage":16,"enemies":"Gremlin Leader","floor":31,"turns":4},{"damage":50,"enemies":"Champ","floor":33,"turns":9},{"damage":19,"enemies":"3 Darklings","floor":35,"turns":5},{"damage":0,"enemies":"3 Shapes","floor":36,"turns":3},{"damage":31,"enemies":"Writhing Mass","floor":44,"turns":5},{"damage":38,"enemies":"Nemesis","floor":47,"turns":7},{"damage":35,"enemies":"Spire Growth","floor":48,"turns":5},{"damage":42,"enemies":"Awakened One","floor":50,"turns":10}],"seed_played":"1828071059237182124","potions_obtained":[{"floor":1,"key":"Explosive Potion"},{"floor":5,"key":"EssenceOfSteel"},{"floor":14,"key":"Ancient Potion"},{"floor":16,"key":"Block Potion"},{"floor":21,"key":"Strength Potion"},{"floor":29,"key":"Strength Potion"},{"floor":31,"key":"SkillPotion"},{"floor":47,"key":"AttackPotion"},{"floor":48,"key":"SkillPotion"}],"is_trial":false,"path_per_floor":["M","?","$","M","M","R","E","R","T","E","M","?","T","M","R","B",null,"M","M","?","M","T","R","T","?","T","$","E","M","R","E","R","B",null,"M","M","$","?","?","R","$","R","T","M","T","R","E","M","R","B",null],"character_chosen":"DEFECT","items_purchased":["Beam Cell","Bottled Tornado","Good Instincts","Strawberry"],"campfire_rested":5,"item_purchase_floors":[3,37,41,41],"current_hp_per_floor":[68,68,68,68,66,66,60,60,60,55,48,41,41,40,40,25,63,33,31,31,9,9,46,46,46,46,46,25,8,45,29,66,16,60,41,41,41,41,41,75,82,82,82,71,71,71,53,38,77,35],"gold":248,"neow_bonus":"RANDOM_COLORLESS_2","is_prod":false,"is_daily":false,"chose_seed":false,"campfire_upgraded":5,"win_rate":0,"timestamp":1545897007,"path_taken":["M","?","$","?","M","R","E","R","T","E","M","?","?","M","R","BOSS","M","M","?","?","?","R","?","?","T","$","E","M","R","E","R","BOSS","M","M","$","?","?","R","$","R","T","M","?","R","E","M","R","BOSS"],"build_version":"2018-12-20","purchased_purges":4,"victory":true,"max_hp_per_floor":[75,75,75,75,75,75,75,75,75,75,75,75,75,75,75,75,75,75,75,75,75,75,75,75,75,75,75,75,75,75,75,75,75,75,75,75,75,75,75,75,82,82,82,82,82,82,82,82,82,82],"card_choices":[{"not_picked":["Coolheaded","Ball Lightning"],"picked":"Gash","floor":1},{"not_picked":["Steam","Double Energy"],"picked":"White Noise","floor":4},{"not_picked":["Storm","Steam"],"picked":"Leap","floor":5},{"not_picked":["Steam Power","Sunder","Undo"],"picked":"SKIP","floor":7},{"not_picked":["Heatsinks","Sweeping Beam"],"picked":"Rebound","floor":10},{"not_picked":["Sweeping Beam","Recycle"],"picked":"Hologram","floor":11},{"not_picked":["Leap","Rebound"],"picked":"Core Surge","floor":14},{"not_picked":["Electrodynamics","Fission"],"picked":"Echo Form","floor":16},{"not_picked":["Leap","Auto Shields","Hologram"],"picked":"SKIP","floor":18},{"not_picked":["Chill+1","Sunder","White Noise"],"picked":"SKIP","floor":19},{"not_picked":["Compile Driver+1","Barrage"],"picked":"Gash+1","floor":21},{"not_picked":["Genetic Algorithm+1","Hologram","Hello World"],"picked":"SKIP","floor":28},{"not_picked":["Glacier+1","Steam"],"picked":"Gash+1","floor":29},{"not_picked":["Loop+1","Tempest","Coolheaded"],"picked":"SKIP","floor":31},{"not_picked":["Seek","Amplify"],"picked":"All For One","floor":33},{"not_picked":["Steam Power","Sweeping Beam+1"],"picked":"Defragment+1","floor":35},{"not_picked":["Streamline","Rebound+1"],"picked":"Self Repair+1","floor":36},{"not_picked":["Hologram+1","Rip and Tear"],"picked":"Capacitor+1","floor":44},{"not_picked":["Loop+1","Fusion+1"],"picked":"Hologram+1","floor":47},{"not_picked":["Chill+1","Sunder+1","Ball Lightning+1"],"picked":"SKIP","floor":48}],"player_experience":267024,"relics_obtained":[{"floor":7,"key":"Bag of Marbles"},{"floor":9,"key":"Regal Pillow"},{"floor":10,"key":"Vajra"},{"floor":13,"key":"Symbiotic Virus"},{"floor":22,"key":"Lantern"},{"floor":24,"key":"Kunai"},{"floor":26,"key":"Tiny Chest"},{"floor":28,"key":"PreservedInsect"},{"floor":31,"key":"Old Coin"},{"floor":43,"key":"Toxic Egg 2"},{"floor":45,"key":"Frozen Egg 2"},{"floor":47,"key":"Omamori"}],"event_choices":[{"damage_healed":0,"gold_gain":0,"player_choice":"Upgraded","damage_taken":0,"max_hp_gain":0,"max_hp_loss":0,"event_name":"Upgrade Shrine","floor":2,"gold_loss":0,"cards_upgraded":["Dualcast"]},{"damage_healed":0,"gold_gain":0,"player_choice":"Success","damage_taken":7,"relics_obtained":["Potion Belt"],"max_hp_gain":0,"max_hp_loss":0,"event_name":"Scrap Ooze","floor":12,"gold_loss":0},{"damage_healed":0,"gold_gain":0,"cards_transformed":["Strike_B"],"player_choice":"Transformed","damage_taken":0,"max_hp_gain":0,"max_hp_loss":0,"event_name":"Transmorgrifier","floor":20,"gold_loss":0,"cards_obtained":["Genetic Algorithm"]},{"damage_healed":0,"gold_gain":0,"player_choice":"Ignored","damage_taken":0,"max_hp_gain":0,"max_hp_loss":0,"event_name":"Ghosts","floor":25,"gold_loss":0},{"cards_removed":["Good Instincts"],"damage_healed":0,"gold_gain":0,"player_choice":"Removed Skill","damage_taken":0,"max_hp_gain":0,"max_hp_loss":0,"event_name":"Falling","floor":38,"gold_loss":0},{"damage_healed":0,"gold_gain":0,"player_choice":"Ignored","damage_taken":0,"max_hp_gain":0,"max_hp_loss":0,"event_name":"Mysterious Sphere","floor":39,"gold_loss":0}],"is_beta":false,"boss_relics":[{"not_picked":["Fusion Hammer","Orrery"],"picked":"Nuclear Battery"},{"not_picked":["Philosopher\u0027s Stone","Pandora\u0027s Box"],"picked":"FrozenCore"}],"items_purged_floors":[3,27,37,41],"is_endless":false,"potions_floor_spawned":[1,5,14,16,21,29,31,47,48],"ascension_level":7}