{"gold_per_floor":[113,113,125,125,145,145,171,186,238,9,21,48,48,68,68,173,173,185,204,31,51,51,51],"floor_reached":23,"playtime":1287,"items_purged":["Regret","Defend_R"],"score":223,"play_id":"8302aeb4-1317-49c5-b308-a2ab919699c1","local_time":"20181009171620","is_ascension_mode":true,"campfire_choices":[{"data":"Dropkick","floor":6,"key":"SMITH"},{"data":"Rampage","floor":13,"key":"SMITH"},{"floor":15,"key":"REST"}],"neow_cost":"TEN_PERCENT_HP_LOSS","seed_source_timestamp":267581381177954,"circlet_count":0,"master_deck":["Strike_R","Strike_R","Strike_R","Strike_R","Defend_R","Defend_R","Bash+1","Dropkick+1","Shrug It Off","Combust","Metallicize","Flame Barrier","Heavy Blade","Rampage+1","Metallicize","Feed","Rupture","Clash","Battle Trance","Shame"],"relics":["Burning Blood","Shuriken","Centennial Puzzle","Strawberry","Dodecahedron","Sozu","Molten Egg 2"],"potions_floor_usage":[12,19],"damage_taken":[{"damage":10,"enemies":"Cultist","floor":1,"turns":5},{"damage":3,"enemies":"2 Louse","floor":3,"turns":2},{"damage":10,"enemies":"Small Slimes","floor":5,"turns":3},{"damage":30,"enemies":"Gremlin Nob","floor":7,"turns":4},{"damage":14,"enemies":"Exordium Wildlife","floor":8,"turns":4},{"damage":11,"enemies":"Blue Slaver","floor":11,"turns":6},{"damage":28,"enemies":"Lagavulin","floor":12,"turns":12},{"damage":22,"enemies":"Lots of Slimes","floor":14,"turns":2},{"damage":28,"enemies":"Slime Boss","floor":16,"turns":11},{"damage":0,"enemies":"Chosen","floor":18,"turns":4},{"damage":37,"enemies":"3 Byrds","floor":19,"turns":5},{"damage":13,"enemies":"Snake Plant","floor":21,"turns":4},{"damage":53,"enemies":"Slavers","floor":23,"turns":3}],"seed_played":"-7423334434314984427","potions_obtained":[{"floor":3,"key":"SteroidPotion"},{"floor":7,"key":"Regen Potion"},{"floor":8,"key":"Ancient Potion"},{"floor":16,"key":"AttackPotion"}],"is_trial":false,"path_per_floor":["M","?","M","?","M","R","E","M","T","$","M","E","R","M","R","B",null,"M","M","$","M","?"],"character_chosen":"IRONCLAD","items_purchased":["Metallicize","Flame Barrier","Battle Trance"],"campfire_rested":1,"item_purchase_floors":[10,10,20],"current_hp_per_floor":[68,68,71,71,67,67,43,35,42,42,37,30,30,14,37,15,79,79,51,51,44,44,0],"gold":51,"neow_bonus":"REMOVE_TWO","is_prod":false,"is_daily":false,"chose_seed":false,"campfire_upgraded":2,"win_rate":0,"timestamp":1539119780,"path_taken":["M","?","M","?","M","R","E","M","T","$","M","E","R","M","R","BOSS","M","M","$","?","?","E"],"build_version":"2018-10-04v2","purchased_purges":2,"victory":false,"max_hp_per_floor":[72,72,72,72,72,72,72,72,79,79,79,79,79,79,79,79,79,79,82,82,82,82,82],"card_choices":[{"not_picked":["Wild Strike","Pommel Strike"],"picked":"Dropkick","floor":1},{"not_picked":["Anger","Twin Strike","Headbutt"],"picked":"SKIP","floor":3},{"not_picked":["Whirlwind","Body Slam"],"picked":"Shrug It Off","floor":5},{"not_picked":["Twin Strike","Berserk","Cleave"],"picked":"SKIP","floor":7},{"not_picked":["Twin Strike","Armaments"],"picked":"Combust","floor":8},{"not_picked":["Evolve","Clothesline"],"picked":"Heavy Blade","floor":11},{"not_picked":["Heavy Blade","Armaments"],"picked":"Rampage","floor":12},{"not_picked":["Carnage","Perfected Strike"],"picked":"Metallicize","floor":14},{"not_picked":["Dark Embrace","Offering"],"picked":"Feed","floor":16},{"not_picked":["Headbutt","Twin Strike"],"picked":"Rupture","floor":18},{"not_picked":["Heavy Blade+1","Whirlwind"],"picked":"Clash","floor":19},{"not_picked":["Clothesline","Warcry","Headbutt"],"picked":"SKIP","floor":21}],"player_experience":68001,"relics_obtained":[{"floor":7,"key":"Centennial Puzzle"},{"floor":9,"key":"Strawberry"},{"floor":12,"key":"Dodecahedron"}],"event_choices":[{"event_name":"Upgrade Shrine","player_choice":"Upgraded","floor":2,"damage_taken":0},{"event_name":"Big Fish","player_choice":"Box","floor":4,"damage_taken":0},{"event_name":"Addict","player_choice":"Stole Relic","floor":22,"damage_taken":0}],"is_beta":false,"boss_relics":[{"not_picked":["Black Blood","Velvet Choker"],"picked":"Sozu"}],"items_purged_floors":[10,20],"is_endless":false,"potions_floor_spawned":[3,7,8,11,16,18],"killed_by":"Slavers","ascension_level":2}