{"gold_per_floor":[117,292,305,129,129,161,161,161,161,161,180,34,90,119,119,215,215,232,247,247,75,75,75,92,92],"floor_reached":25,"playtime":2457,"items_purged":["Doubt","Strike_B","Strike_B"],"score":228,"play_id":"cdf38ab0-ed62-47f7-9f60-0987df206d57","local_time":"20190818190533","is_ascension_mode":true,"campfire_choices":[{"data":"Streamline","floor":8,"key":"SMITH"},{"data":"Dualcast","floor":10,"key":"SMITH"},{"floor":15,"key":"REST"},{"floor":23,"key":"REST"}],"neow_cost":"NONE","seed_source_timestamp":113914544446611,"circlet_count":0,"master_deck":["Strike_B","Defend_B","Defend_B","Defend_B","Defend_B","Zap+1","Dualcast+1","Streamline+1","Darkness","Capacitor","Gash","All For One","Beam Cell","Rebound","Cold Snap","Double Energy","Rainbow","Leap","Stack","Loop","Double Energy","Loop+1"],"relics":["Cracked Core","Pocketwatch","Pantograph","Smiling Mask","Philosopher\u0027s Stone"],"potions_floor_usage":[14,24,25],"damage_taken":[{"damage":11,"enemies":"Small Slimes","floor":1,"turns":3},{"damage":8,"enemies":"2 Louse","floor":3,"turns":2},{"damage":16,"enemies":"Lagavulin","floor":6,"turns":6},{"damage":4,"enemies":"Jaw Worm","floor":11,"turns":3},{"damage":11,"enemies":"3 Sentries","floor":14,"turns":4},{"damage":8,"enemies":"Slime Boss","floor":16,"turns":6},{"damage":34,"enemies":"2 Thieves","floor":18,"turns":4},{"damage":0,"enemies":"Spheric Guardian","floor":19,"turns":3},{"damage":45,"enemies":"Shelled Parasite and Fungi","floor":24,"turns":6},{"damage":22,"enemies":"Snecko","floor":25,"turns":4}],"seed_played":"5338229459407652096","potions_obtained":[{"floor":1,"key":"SmokeBomb"},{"floor":6,"key":"Fire Potion"},{"floor":24,"key":"Dexterity Potion"}],"is_trial":false,"path_per_floor":["M","?","M","$","?","E","?","R","T","R","M","$","?","E","R","B",null,"M","M","?","$","?","R","M","M"],"character_chosen":"DEFECT","items_purchased":["Capacitor","Gash","Cold Snap","Loop","Fire Potion"],"campfire_rested":2,"item_purchase_floors":[4,4,12,21,21],"current_hp_per_floor":[64,64,56,56,56,40,45,45,45,45,41,41,41,30,54,71,80,46,46,31,31,31,56,11,0],"gold":92,"neow_bonus":"UPGRADE_CARD","is_prod":false,"is_daily":false,"chose_seed":false,"campfire_upgraded":2,"win_rate":0,"timestamp":1566169533,"path_taken":["M","?","M","$","?","E","?","R","T","R","M","$","?","E","R","BOSS","M","M","?","$","?","R","?","M"],"build_version":"2019-07-17","purchased_purges":3,"victory":false,"max_hp_per_floor":[75,75,75,75,75,75,80,80,80,80,80,80,80,80,80,80,80,80,80,85,85,85,85,85,85],"card_choices":[{"not_picked":["Hello World","Scrape"],"picked":"Streamline","floor":1},{"not_picked":["Ball Lightning","Heatsinks"],"picked":"Darkness","floor":3},{"not_picked":["Steam","Gash"],"picked":"Beam Cell","floor":6},{"not_picked":["Steam","Gash"],"picked":"Rebound","floor":11},{"not_picked":["White Noise","Seek"],"picked":"Double Energy","floor":14},{"not_picked":["All For One","Fission"],"picked":"Rainbow","floor":16},{"not_picked":["Steam Power","Compile Driver"],"picked":"Leap","floor":18},{"not_picked":["Sunder","Rebound+1"],"picked":"Stack","floor":19},{"not_picked":["Rebound+1","Compile Driver"],"picked":"Loop+1","floor":24}],"player_experience":137025,"relics_obtained":[{"floor":6,"key":"Pocketwatch"},{"floor":9,"key":"Pantograph"},{"floor":14,"key":"Smiling Mask"}],"event_choices":[{"damage_healed":0,"gold_gain":175,"player_choice":"AGREE","damage_taken":0,"max_hp_gain":0,"max_hp_loss":0,"event_name":"Liars Game","floor":2,"gold_loss":0,"cards_obtained":["Doubt"]},{"damage_healed":0,"gold_gain":0,"cards_transformed":["Strike_B"],"player_choice":"Change","damage_taken":0,"max_hp_gain":0,"max_hp_loss":0,"event_name":"Living Wall","floor":5,"gold_loss":0,"cards_obtained":["All For One"]},{"damage_healed":0,"gold_gain":0,"player_choice":"Donut","damage_taken":0,"max_hp_gain":5,"max_hp_loss":0,"event_name":"Big Fish","floor":7,"gold_loss":0},{"damage_healed":0,"gold_gain":56,"player_choice":"Gained Gold","damage_taken":0,"max_hp_gain":0,"max_hp_loss":0,"event_name":"Golden Wing","floor":13,"gold_loss":0},{"damage_healed":0,"gold_gain":0,"player_choice":"Shed Blood","damage_taken":20,"max_hp_gain":5,"max_hp_loss":0,"event_name":"Forgotten Altar","floor":20,"gold_loss":0},{"damage_healed":0,"gold_gain":0,"player_choice":"Copied","damage_taken":0,"max_hp_gain":0,"max_hp_loss":0,"event_name":"Duplicator","floor":22,"gold_loss":0,"cards_obtained":["Double Energy"]}],"is_beta":false,"boss_relics":[{"not_picked":["Runic Dome","Inserter"],"picked":"Philosopher\u0027s Stone"}],"items_purged_floors":[4,12,21],"is_endless":false,"potions_floor_spawned":[1,6,24],"killed_by":"Snecko","ascension_level":2}