{"gold_per_floor":[116,116,134,134,134,134,154,178,205,205,229,265,283,302,302,421,421,440,440,440,460,460,385,310,323,323,344,358,258,276,290,290,416,416,429,450,29,48,63,63],"floor_reached":40,"playtime":1884,"items_purged":["Defend_B","Strike_B"],"score":396,"play_id":"fd4ba535-b069-4802-9a08-08b0ecf504e5","local_time":"20190915135646","is_ascension_mode":false,"campfire_choices":[{"data":"Zap","floor":6,"key":"SMITH"},{"data":"Auto Shields","floor":10,"key":"SMITH"},{"data":"Ball Lightning","floor":15,"key":"SMITH"},{"floor":32,"key":"REST"}],"neow_cost":"NONE","seed_source_timestamp":271784966081000,"circlet_count":0,"master_deck":["Strike_B","Defend_B","Defend_B+1","Defend_B","Zap+1","Dualcast+1","Auto Shields+1","Gash","Capacitor","FTL","BootSequence","Ball Lightning+1","All For One","Beam Cell","Go for the Eyes","BootSequence","Steam+1","FTL","Conserve Battery+1","Echo Form","Melter+1","Redo+1","Chrysalis","Gash","Defragment"],"relics":["Cracked Core","NeowsBlessing","Golden Idol","Vajra","War Paint","Bag of Preparation","Cursed Key","MutagenicStrength","Nuclear Battery","Ornamental Fan"],"potions_floor_usage":[12,25,30,33,39],"damage_taken":[{"damage":0,"enemies":"2 Louse","floor":1,"turns":1},{"damage":0,"enemies":"Cultist","floor":3,"turns":1},{"damage":0,"enemies":"Small Slimes","floor":7,"turns":1},{"damage":0,"enemies":"3 Louse","floor":8,"turns":3},{"damage":4,"enemies":"2 Fungi Beasts","floor":11,"turns":3},{"damage":5,"enemies":"Gremlin Nob","floor":12,"turns":5},{"damage":0,"enemies":"Large Slime","floor":13,"turns":5},{"damage":0,"enemies":"Blue Slaver","floor":14,"turns":2},{"damage":29,"enemies":"The Guardian","floor":16,"turns":11},{"damage":12,"enemies":"Shell Parasite","floor":18,"turns":5},{"damage":0,"enemies":"3 Byrds","floor":21,"turns":3},{"damage":6,"enemies":"Snake Plant","floor":25,"turns":3},{"damage":0,"enemies":"Chosen and Byrds","floor":27,"turns":4},{"damage":26,"enemies":"Snecko","floor":28,"turns":5},{"damage":1,"enemies":"Shelled Parasite and Fungi","floor":30,"turns":3},{"damage":0,"enemies":"Snake Plant","floor":31,"turns":4},{"damage":48,"enemies":"Automaton","floor":33,"turns":10},{"damage":23,"enemies":"3 Darklings","floor":35,"turns":4},{"damage":0,"enemies":"Orb Walker","floor":36,"turns":3},{"damage":29,"enemies":"Spire Growth","floor":38,"turns":5},{"damage":21,"enemies":"3 Darklings","floor":39,"turns":3},{"damage":49,"enemies":"Giant Head","floor":40,"turns":7}],"seed_played":"9136820990626912806","potions_obtained":[{"floor":1,"key":"EssenceOfSteel"},{"floor":3,"key":"SkillPotion"},{"floor":14,"key":"Explosive Potion"},{"floor":21,"key":"Poison Potion"},{"floor":25,"key":"PowerPotion"},{"floor":28,"key":"Swift Potion"},{"floor":33,"key":"FairyPotion"},{"floor":39,"key":"FocusPotion"}],"is_trial":false,"path_per_floor":["M","?","M","?","?","R","M","M","T","R","M","E","M","M","R","B",null,"M","?","?","M","?","?","$","M","T","M","M","$","M","M","R","B",null,"M","M","$","M","M","E"],"character_chosen":"DEFECT","items_purchased":["Ornamental Fan","Chrysalis"],"campfire_rested":1,"item_purchase_floors":[37,37],"current_hp_per_floor":[75,57,57,50,50,50,50,50,50,50,46,41,41,41,41,12,75,63,63,63,63,63,63,63,57,57,57,31,31,30,30,52,4,75,52,52,52,23,2,0],"gold":63,"neow_bonus":"THREE_ENEMY_KILL","is_prod":false,"is_daily":false,"chose_seed":false,"campfire_upgraded":3,"win_rate":0,"timestamp":1568523406,"path_taken":["M","?","M","?","?","R","M","M","T","R","?","E","M","M","R","BOSS","M","?","?","M","?","?","$","M","T","?","M","$","?","M","R","BOSS","M","M","$","M","M","E"],"build_version":"2019-09-12","purchased_purges":2,"victory":false,"max_hp_per_floor":[75,75,75,75,75,75,75,75,75,75,75,75,75,75,75,75,75,75,75,75,75,75,75,75,75,75,75,75,75,75,75,75,75,75,75,75,75,75,75,75],"card_choices":[{"not_picked":["Aggregate","Tempest"],"picked":"Auto Shields","floor":1},{"not_picked":["Compile Driver","Rebound"],"picked":"Gash","floor":3},{"not_picked":["Steam","Reinforced Body","Recycle"],"picked":"SKIP","floor":7},{"not_picked":["Compile Driver","Storm"],"picked":"FTL","floor":8},{"not_picked":["Gash","Consume"],"picked":"BootSequence","floor":11},{"not_picked":["Auto Shields","Static Discharge","Steam"],"picked":"SKIP","floor":12},{"not_picked":["Reinforced Body","Redo"],"picked":"Ball Lightning","floor":13},{"not_picked":["Stack","Streamline","Steam"],"picked":"SKIP","floor":14},{"not_picked":["Machine Learning","Hyperbeam"],"picked":"All For One","floor":16},{"not_picked":["Leap","Rebound"],"picked":"Beam Cell","floor":18},{"not_picked":["Heatsinks","Cold Snap","Beam Cell"],"picked":"SKIP","floor":21},{"not_picked":["Stack","Hello World"],"picked":"BootSequence","floor":25},{"not_picked":["Compile Driver","Consume","Auto Shields"],"picked":"SKIP","floor":27},{"not_picked":["Compile Driver","Consume","Auto Shields"],"picked":"SKIP","floor":27},{"not_picked":["Fusion","Beam Cell"],"picked":"Steam+1","floor":28},{"not_picked":["Turbo+1","Sweeping Beam"],"picked":"FTL","floor":30},{"not_picked":["Steam Power+1","Electrodynamics"],"picked":"Conserve Battery+1","floor":31},{"not_picked":["Meteor Strike","Electrodynamics"],"picked":"Echo Form","floor":33},{"not_picked":["Rebound","FTL"],"picked":"Melter+1","floor":35},{"not_picked":["Beam Cell+1","Sunder"],"picked":"Redo+1","floor":36},{"not_picked":["Doom and Gloom+1","Steam+1"],"picked":"Gash","floor":38},{"not_picked":["Redo","Rebound+1"],"picked":"Defragment","floor":39}],"player_experience":447304,"relics_obtained":[{"floor":9,"key":"War Paint"},{"floor":12,"key":"Bag of Preparation"}],"event_choices":[{"damage_healed":0,"gold_gain":0,"player_choice":"Take Damage","damage_taken":18,"relics_obtained":["Golden Idol"],"max_hp_gain":0,"max_hp_loss":0,"event_name":"Golden Idol","floor":2,"gold_loss":0},{"damage_healed":0,"gold_gain":0,"player_choice":"Success","damage_taken":7,"relics_obtained":["Vajra"],"max_hp_gain":0,"max_hp_loss":0,"event_name":"Scrap Ooze","floor":4,"gold_loss":0},{"damage_healed":0,"gold_gain":0,"cards_transformed":["Strike_B"],"player_choice":"Transformed","damage_taken":0,"max_hp_gain":0,"max_hp_loss":0,"event_name":"Transmorgrifier","floor":5,"gold_loss":0,"cards_obtained":["Capacitor"]},{"damage_healed":0,"gold_gain":0,"player_choice":"Ignored","damage_taken":0,"max_hp_gain":0,"max_hp_loss":0,"event_name":"Vampires","floor":19,"gold_loss":0},{"damage_healed":0,"gold_gain":0,"player_choice":"Read","damage_taken":0,"max_hp_gain":0,"max_hp_loss":0,"event_name":"The Library","floor":20,"gold_loss":0,"cards_obtained":["Go for the Eyes"]},{"damage_healed":0,"gold_gain":0,"player_choice":"Inject Mutagens","damage_taken":0,"relics_obtained":["MutagenicStrength"],"max_hp_gain":0,"max_hp_loss":0,"event_name":"Drug Dealer","floor":22,"gold_loss":0},{"cards_removed":["Strike_B"],"damage_healed":0,"gold_gain":0,"player_choice":"Gave Gold","damage_taken":0,"max_hp_gain":0,"max_hp_loss":0,"event_name":"Beggar","floor":23,"gold_loss":75}],"is_beta":true,"boss_relics":[{"not_picked":["Pandora\u0027s Box","Empty Cage"],"picked":"Cursed Key"},{"not_picked":["Runic Pyramid","Calling Bell"],"picked":"Nuclear Battery"}],"items_purged_floors":[24,29],"is_endless":false,"potions_floor_spawned":[1,3,14,21,25,28,33,39],"killed_by":"Giant Head","ascension_level":0}