{"gold_per_floor":[110,110,120,131,181,181,201,201,201,201,228,228,247,35,35,110,110,130,26,26,0,19,19,48,48,48,48,64,64,64,64,64,64],"floor_reached":33,"playtime":1753,"items_purged":["Strike_B"],"score":508,"play_id":"c1f0e9f5-f977-4aa6-bbca-b96c3bb6d8d2","local_time":"20190308233535","is_ascension_mode":true,"campfire_choices":[{"data":"Beam Cell","floor":6,"key":"SMITH"},{"data":"Zap","floor":8,"key":"SMITH"},{"data":"Sweeping Beam","floor":10,"key":"SMITH"},{"data":"Fission","floor":12,"key":"SMITH"},{"data":"Coolheaded","floor":15,"key":"SMITH"},{"floor":23,"key":"REST"},{"floor":27,"key":"REST"},{"floor":29,"key":"REST"},{"data":"Echo Form","floor":32,"key":"SMITH"}],"neow_cost":"NONE","seed_source_timestamp":190446692801566,"circlet_count":0,"master_deck":["AscendersBane","Defend_B","Defend_B","Defend_B","Zap+1","Dualcast","Sweeping Beam+1","Gash","Beam Cell+1","Rebound","Fission+1","Coolheaded+1","Panache","All For One","Gash","Conserve Battery","FTL","Bite","Bite","Bite","Bite","Bite","Echo Form+1","Shame"],"relics":["Cracked Core","NeowsBlessing","FaceOfCleric","WingedGreaves","Dead Branch","Lizard Tail","Du-Vu Doll","The Courier","Ginger"],"potions_floor_usage":[11,16,24,28,33],"damage_taken":[{"damage":0,"enemies":"2 Louse","floor":1,"turns":1},{"damage":0,"enemies":"Cultist","floor":3,"turns":1},{"damage":0,"enemies":"Jaw Worm","floor":4,"turns":1},{"damage":11,"enemies":"Lots of Slimes","floor":7,"turns":5},{"damage":19,"enemies":"Lagavulin","floor":11,"turns":5},{"damage":6,"enemies":"Exordium Wildlife","floor":13,"turns":2},{"damage":47,"enemies":"The Guardian","floor":16,"turns":11},{"damage":14,"enemies":"Shell Parasite","floor":18,"turns":3},{"damage":14,"enemies":"Chosen","floor":22,"turns":4},{"damage":72,"enemies":"Slavers","floor":24,"turns":4},{"damage":26,"enemies":"3 Cultists","floor":28,"turns":4},{"damage":75,"enemies":"Champ","floor":33,"turns":8}],"seed_played":"-4249378729858183013","potions_obtained":[{"floor":1,"key":"Dexterity Potion"},{"floor":13,"key":"Regen Potion"},{"floor":22,"key":"Strength Potion"},{"floor":24,"key":"Regen Potion"},{"floor":28,"key":"Weak Potion"}],"is_trial":false,"path_per_floor":["M","?","M","M","?","R","M","R","T","R","E","R","M","$","R","B",null,"M","$","?","?","M","R","E","?","T","R","M","R","?","?","R","B"],"character_chosen":"DEFECT","items_purchased":["Panache","Gash"],"campfire_rested":3,"item_purchase_floors":[14,19],"current_hp_per_floor":[64,64,65,66,66,66,56,56,56,56,38,38,33,33,33,2,58,45,45,23,23,10,35,10,10,10,27,22,40,40,40,40,0],"gold":64,"neow_bonus":"THREE_ENEMY_KILL","is_prod":false,"is_daily":false,"chose_seed":false,"campfire_upgraded":6,"win_rate":0,"timestamp":1552116935,"path_taken":["M","?","?","M","?","R","M","R","T","R","E","R","?","$","R","BOSS","M","$","?","?","M","R","E","?","T","R","M","R","?","?","R","BOSS"],"build_version":"2019-01-23","purchased_purges":1,"victory":false,"max_hp_per_floor":[71,71,72,73,73,73,74,74,74,74,75,75,76,76,76,77,77,78,78,83,83,84,84,85,59,59,59,60,60,60,60,60,60],"card_choices":[{"not_picked":["Compile Driver","Turbo"],"picked":"Sweeping Beam","floor":1},{"not_picked":["Go for the Eyes","FTL"],"picked":"Gash","floor":3},{"not_picked":["Barrage","Steam"],"picked":"Beam Cell","floor":4},{"not_picked":["Barrage","FTL"],"picked":"Rebound","floor":7},{"not_picked":["Steam","Conserve Battery"],"picked":"Fission","floor":11},{"not_picked":["Capacitor","Ball Lightning"],"picked":"Coolheaded","floor":13},{"not_picked":["Core Surge","Rainbow"],"picked":"All For One","floor":16},{"not_picked":["Streamline","Sweeping Beam","Cold Snap"],"picked":"SKIP","floor":18},{"not_picked":["Genetic Algorithm","Cold Snap"],"picked":"Conserve Battery","floor":22},{"not_picked":["Lockon+1","Stack"],"picked":"FTL","floor":24},{"not_picked":["Leap","Melter"],"picked":"Echo Form","floor":28}],"player_experience":761328,"relics_obtained":[{"floor":9,"key":"WingedGreaves"},{"floor":11,"key":"Dead Branch"},{"floor":24,"key":"Du-Vu Doll"},{"floor":26,"key":"The Courier"}],"event_choices":[{"damage_healed":0,"gold_gain":0,"player_choice":"Trade","damage_taken":0,"relics_obtained":["FaceOfCleric"],"max_hp_gain":0,"max_hp_loss":0,"event_name":"FaceTrader","floor":2,"gold_loss":0},{"damage_healed":0,"gold_gain":50,"player_choice":"Pray","damage_taken":0,"max_hp_gain":0,"max_hp_loss":0,"event_name":"Golden Shrine","floor":5,"gold_loss":0},{"damage_healed":0,"gold_gain":0,"player_choice":"Shed Blood","damage_taken":27,"max_hp_gain":5,"max_hp_loss":0,"event_name":"Forgotten Altar","floor":20,"gold_loss":0},{"damage_healed":0,"gold_gain":0,"player_choice":"Paid Fearfully","damage_taken":0,"max_hp_gain":0,"max_hp_loss":0,"event_name":"Masked Bandits","floor":21,"gold_loss":26},{"damage_healed":0,"gold_gain":0,"player_choice":"Became a vampire","damage_taken":0,"max_hp_gain":0,"max_hp_loss":26,"event_name":"Vampires","floor":25,"gold_loss":0,"cards_obtained":["Bite","Bite","Bite","Bite","Bite"]},{"damage_healed":0,"gold_gain":0,"player_choice":"Stole Relic","damage_taken":0,"relics_obtained":["Ginger"],"max_hp_gain":0,"max_hp_loss":0,"event_name":"Addict","floor":30,"gold_loss":0,"cards_obtained":["Shame"]},{"cards_removed":["Defend_B"],"damage_healed":0,"gold_gain":0,"player_choice":"Elegance","damage_taken":0,"max_hp_gain":0,"max_hp_loss":0,"event_name":"Back to Basics","floor":31,"gold_loss":0}],"is_beta":false,"boss_relics":[{"not_picked":["FrozenCore","Calling Bell"],"picked":"Lizard Tail"}],"items_purged_floors":[19],"is_endless":false,"potions_floor_spawned":[1,13,22,24,28],"killed_by":"Champ","ascension_level":17}