{"gold_per_floor":[111,111,111,128,146,146,71,71,71,88,114,114,114,40,40,40],"floor_reached":16,"playtime":764,"items_purged":[],"score":186,"play_id":"7efbf74e-c505-42bf-9315-78269a15d4c7","local_time":"20190212203551","is_ascension_mode":true,"campfire_choices":[{"data":"Armaments","floor":6,"key":"SMITH"},{"data":"Havoc","floor":8,"key":"SMITH"},{"data":"Demon Form","floor":13,"key":"SMITH"},{"data":"Limit Break","floor":15,"key":"SMITH"}],"neow_cost":"PERCENT_DAMAGE","seed_source_timestamp":19011785028489,"circlet_count":0,"master_deck":["AscendersBane","Strike_R","Strike_R","Strike_R","Strike_R","Defend_R","Defend_R","Defend_R","Defend_R","Bash","Impatience","Metamorphosis","Armaments+1","Havoc+1","Combust","Body Slam","Demon Form+1","Limit Break+1"],"relics":["Burning Blood","Bag of Marbles","Bronze Scales","Frozen Egg 2"],"potions_floor_usage":[11,16],"damage_taken":[{"damage":7,"enemies":"Small Slimes","floor":1,"turns":3},{"damage":7,"enemies":"Jaw Worm","floor":4,"turns":3},{"damage":7,"enemies":"Cultist","floor":5,"turns":4},{"damage":2,"enemies":"Large Slime","floor":10,"turns":3},{"damage":41,"enemies":"Gremlin Nob","floor":11,"turns":4},{"damage":41,"enemies":"Slime Boss","floor":16,"turns":3}],"seed_played":"-1115145969364693278","potions_obtained":[{"floor":5,"key":"Strength Potion"},{"floor":10,"key":"Dexterity Potion"}],"is_trial":false,"path_per_floor":["M","?","?","M","M","R","?","R","T","M","E","T","R","$","R","B"],"character_chosen":"IRONCLAD","items_purchased":["Limit Break"],"campfire_rested":0,"item_purchase_floors":[14],"current_hp_per_floor":[49,74,74,73,72,72,72,72,72,75,40,40,40,40,40,0],"gold":40,"neow_bonus":"RANDOM_COLORLESS_2","is_prod":false,"is_daily":false,"chose_seed":false,"campfire_upgraded":4,"win_rate":0,"timestamp":1550032551,"path_taken":["M","?","?","M","?","R","?","R","T","M","E","?","R","$","R","BOSS"],"build_version":"2019-01-23","purchased_purges":0,"victory":false,"max_hp_per_floor":[75,75,75,75,75,75,75,75,75,75,75,75,75,75,75,75],"card_choices":[{"not_picked":["Anger","Clothesline"],"picked":"Armaments","floor":1},{"not_picked":["Warcry","Reckless Charge"],"picked":"Havoc","floor":4},{"not_picked":["Sword Boomerang","True Grit"],"picked":"Combust","floor":5},{"not_picked":["Battle Trance","Hemokinesis"],"picked":"Body Slam","floor":10},{"not_picked":["Heavy Blade","Shrug It Off"],"picked":"Demon Form","floor":11}],"player_experience":600131,"relics_obtained":[{"floor":9,"key":"Bag of Marbles"},{"floor":11,"key":"Bronze Scales"},{"floor":12,"key":"Frozen Egg 2"}],"event_choices":[{"damage_healed":25,"gold_gain":0,"player_choice":"Banana","damage_taken":0,"max_hp_gain":0,"max_hp_loss":0,"event_name":"Big Fish","floor":2,"gold_loss":0},{"damage_healed":0,"gold_gain":0,"player_choice":"0 cards matched","damage_taken":0,"max_hp_gain":0,"max_hp_loss":0,"event_name":"Match and Keep!","floor":3,"gold_loss":0,"cards_obtained":[]},{"cards_removed":["Strike_R"],"damage_healed":0,"gold_gain":0,"player_choice":"Card Removal","damage_taken":0,"max_hp_gain":0,"max_hp_loss":0,"event_name":"The Cleric","floor":7,"gold_loss":75}],"is_beta":false,"boss_relics":[],"items_purged_floors":[],"is_endless":false,"potions_floor_spawned":[5,10],"killed_by":"Slime Boss","ascension_level":18}