{"gold_per_floor":[119,130,95,95,115,115,150,150,150,177,177,189,242,258,258,333,333,348,348,367,379,379,379,406,419,473,473,473,473,492,176,176,251,251,263,263],"floor_reached":36,"playtime":2955,"items_purged":["Regret"],"score":982,"play_id":"aa651e23-fbd8-4e59-8251-b036e7152880","local_time":"20190330022358","is_ascension_mode":true,"campfire_choices":[{"data":"Hologram","floor":6,"key":"SMITH"},{"floor":8,"key":"REST"},{"floor":11,"key":"REST"},{"floor":15,"key":"REST"},{"data":"Go for the Eyes","floor":23,"key":"SMITH"},{"data":"Beam Cell","floor":27,"key":"SMITH"},{"floor":29,"key":"REST"},{"floor":32,"key":"REST"}],"neow_cost":"PERCENT_DAMAGE","seed_source_timestamp":280917052076640,"circlet_count":0,"master_deck":["AscendersBane","Strike_B","Strike_B","Strike_B","Strike_B","Defend_B","Defend_B","Defend_B","Defend_B","Zap","Dualcast","All For One","Gash","Streamline","Steam Power","Hologram+1","Seek+1","Gash","Steam+1","Go for the Eyes+1","Machine Learning","Hologram+1","Beam Cell+1","BootSequence+1","Steam+1","Panacea+1","Gash","Echo Form","Leap+1"],"relics":["Cracked Core","Toxic Egg 2","The Courier","Oddly Smooth Stone","Cursed Key","Bottled Tornado","Dream Catcher","MutagenicStrength","Ancient Tea Set","Eternal Feather"],"potions_floor_usage":[10,10,16,18,33,36,36],"damage_taken":[{"damage":0,"enemies":"Small Slimes","floor":1,"turns":2},{"damage":7,"enemies":"Jaw Worm","floor":2,"turns":3},{"damage":1,"enemies":"Cultist","floor":5,"turns":3},{"damage":44,"enemies":"3 Sentries","floor":7,"turns":9},{"damage":26,"enemies":"Lagavulin","floor":10,"turns":5},{"damage":14,"enemies":"Gremlin Gang","floor":12,"turns":3},{"damage":0,"enemies":"Blue Slaver","floor":14,"turns":3},{"damage":0,"enemies":"Hexaghost","floor":16,"turns":7},{"damage":12,"enemies":"2 Thieves","floor":18,"turns":4},{"damage":4,"enemies":"Shell Parasite","floor":20,"turns":4},{"damage":0,"enemies":"Snecko","floor":21,"turns":4},{"damage":51,"enemies":"Gremlin Leader","floor":24,"turns":6},{"damage":0,"enemies":"Centurion and Healer","floor":25,"turns":4},{"damage":8,"enemies":"Snake Plant","floor":30,"turns":4},{"damage":0,"enemies":"Champ","floor":33,"turns":7},{"damage":0,"enemies":"Orb Walker","floor":35,"turns":3},{"damage":71,"enemies":"2 Orb Walkers","floor":36,"turns":5}],"seed_played":"-3319791145548162040","potions_obtained":[{"floor":2,"key":"Ancient Potion"},{"floor":7,"key":"Dexterity Potion"},{"floor":12,"key":"Strength Potion"},{"floor":14,"key":"SneckoOil"},{"floor":25,"key":"AttackPotion"},{"floor":30,"key":"Block Potion"},{"floor":35,"key":"Dexterity Potion"}],"is_trial":false,"path_per_floor":["M","M","?","?","M","R","E","R","T","E","R","M","?","M","R","B",null,"M","?","M","M","?","R","E","M","T","R","?","R","M","$","R","B",null,"M","?"],"character_chosen":"DEFECT","items_purchased":["Steam+1","Panacea+1","Ancient Tea Set"],"campfire_rested":5,"item_purchase_floors":[31,31,31],"current_hp_per_floor":[46,39,56,56,55,55,11,32,32,6,27,13,13,13,34,34,62,50,50,46,46,60,60,9,9,9,9,9,30,22,22,43,43,64,64,0],"gold":263,"neow_bonus":"THREE_RARE_CARDS","is_prod":false,"is_daily":false,"chose_seed":false,"campfire_upgraded":3,"win_rate":0,"timestamp":1553937838,"path_taken":["M","M","?","?","?","R","E","R","T","E","R","?","?","M","R","BOSS","M","?","M","M","?","R","E","M","T","R","?","R","M","$","R","BOSS","M","?"],"build_version":"2019-01-23","purchased_purges":1,"victory":false,"max_hp_per_floor":[71,71,71,71,71,71,71,71,71,71,71,71,71,71,71,71,71,71,71,71,71,71,71,71,71,71,71,71,71,71,71,71,71,71,71,71],"card_choices":[{"not_picked":["Thunder Strike","Buffer"],"picked":"All For One","floor":0},{"not_picked":["Conserve Battery","Leap"],"picked":"Gash","floor":1},{"not_picked":["Aggregate","Chaos"],"picked":"Streamline","floor":2},{"not_picked":["Turbo","Cold Snap"],"picked":"Hologram","floor":5},{"not_picked":["Rebound","Auto Shields"],"picked":"Seek","floor":7},{"not_picked":["Barrage","Electrodynamics"],"picked":"Gash","floor":10},{"not_picked":["Scrape","Consume+1"],"picked":"Steam+1","floor":12},{"not_picked":["Force Field+1","Leap+1"],"picked":"Go for the Eyes","floor":14},{"not_picked":["Multi-Cast+1","Biased Cognition"],"picked":"Machine Learning","floor":16},{"not_picked":["Loop","Coolheaded+1","Rip and Tear"],"picked":"SKIP","floor":18},{"not_picked":["Conserve Battery+1","Force Field+1"],"picked":"Hologram+1","floor":20},{"not_picked":["Undo+1","Tempest+1","Doom and Gloom"],"picked":"SKIP","floor":21},{"not_picked":["Conserve Battery+1","Force Field+1"],"picked":"Beam Cell","floor":24},{"not_picked":["Ball Lightning","Turbo+1"],"picked":"BootSequence+1","floor":25},{"not_picked":["Lockon","Force Field+1","Stack+1"],"picked":"SKIP","floor":30},{"not_picked":["Leap+1","Go for the Eyes"],"picked":"Gash","floor":32},{"not_picked":["Amplify+1","Hyperbeam"],"picked":"Echo Form","floor":33},{"not_picked":["Barrage","FTL"],"picked":"Leap+1","floor":35}],"player_experience":819383,"relics_obtained":[{"floor":7,"key":"Toxic Egg 2"},{"floor":9,"key":"The Courier"},{"floor":10,"key":"Oddly Smooth Stone"},{"floor":24,"key":"Bottled Tornado"},{"floor":26,"key":"Dream Catcher"}],"event_choices":[{"damage_healed":17,"gold_gain":0,"player_choice":"Healed","damage_taken":0,"max_hp_gain":0,"max_hp_loss":0,"event_name":"The Cleric","floor":3,"gold_loss":35},{"damage_healed":0,"gold_gain":0,"player_choice":"1 cards matched","damage_taken":0,"max_hp_gain":0,"max_hp_loss":0,"event_name":"Match and Keep!","floor":4,"gold_loss":0,"cards_obtained":["Steam Power"]},{"damage_healed":0,"gold_gain":0,"player_choice":"1 cards matched","damage_taken":0,"max_hp_gain":0,"max_hp_loss":0,"event_name":"Match and Keep!","floor":4,"gold_loss":0,"cards_obtained":["Steam Power"]},{"damage_healed":0,"gold_gain":53,"player_choice":"Gained Gold","damage_taken":0,"max_hp_gain":0,"max_hp_loss":0,"event_name":"Golden Wing","floor":13,"gold_loss":0},{"damage_healed":0,"gold_gain":0,"player_choice":"Ignored","damage_taken":0,"max_hp_gain":0,"max_hp_loss":0,"event_name":"The Mausoleum","floor":19,"gold_loss":0},{"damage_healed":14,"gold_gain":0,"player_choice":"Heal","damage_taken":0,"max_hp_gain":0,"max_hp_loss":0,"event_name":"The Library","floor":22,"gold_loss":0},{"damage_healed":0,"gold_gain":0,"player_choice":"Inject Mutagens","damage_taken":0,"relics_obtained":["MutagenicStrength"],"max_hp_gain":0,"max_hp_loss":0,"event_name":"Drug Dealer","floor":28,"gold_loss":0},{"damage_healed":0,"gold_gain":0,"player_choice":"Fight","damage_taken":0,"max_hp_gain":0,"max_hp_loss":0,"event_name":"Mysterious Sphere","floor":36,"gold_loss":0}],"is_beta":false,"boss_relics":[{"not_picked":["Lizard Tail","Ectoplasm"],"picked":"Cursed Key"},{"not_picked":["Fusion Hammer","White Beast Statue"],"picked":"Eternal Feather"}],"items_purged_floors":[31],"is_endless":false,"potions_floor_spawned":[2,7,12,14,25,30,35],"killed_by":"2 Orb Walkers","ascension_level":18}