{"gold_per_floor":[364,55,2,12,12,37,37,54,78,104,122,18,18,35,35,107,107,118,128,142,161,106,106],"floor_reached":23,"playtime":1930,"items_purged":["Clumsy","Strike_R"],"score":335,"play_id":"ab106512-2ef3-4bc5-a3b1-28a29168a8ea","local_time":"20190111235031","is_ascension_mode":true,"campfire_choices":[{"data":"True Grit","floor":7,"key":"SMITH"},{"data":"Armaments","floor":13,"key":"SMITH"},{"data":"Metallicize","floor":15,"key":"SMITH"}],"neow_cost":"CURSE","seed_source_timestamp":514297508451073,"circlet_count":0,"master_deck":["AscendersBane","Strike_R","Strike_R","Strike_R","Defend_R","Defend_R","Defend_R","Defend_R","Bash","Thunderclap","Metallicize+1","True Grit+1","Carnage","Anger","Clothesline","Sword Boomerang","Armaments+1","Iron Wave","Fiend Fire","Iron Wave+1","Flame Barrier","Shockwave"],"relics":["Burning Blood","Sling","Regal Pillow","Dream Catcher","Smiling Mask","Philosopher\u0027s Stone","Tiny Chest"],"potions_floor_usage":[10,10,16,20,21],"damage_taken":[{"damage":6,"enemies":"Cultist","floor":1,"turns":4},{"damage":3,"enemies":"Small Slimes","floor":4,"turns":5},{"damage":29,"enemies":"3 Sentries","floor":6,"turns":10},{"damage":0,"enemies":"2 Louse","floor":8,"turns":3},{"damage":12,"enemies":"Lagavulin","floor":10,"turns":6},{"damage":6,"enemies":"2 Fungi Beasts","floor":11,"turns":4},{"damage":1,"enemies":"Blue Slaver","floor":14,"turns":3},{"damage":27,"enemies":"Slime Boss","floor":16,"turns":11},{"damage":12,"enemies":"Shell Parasite","floor":18,"turns":6},{"damage":19,"enemies":"2 Thieves","floor":19,"turns":4},{"damage":20,"enemies":"Cultist and Chosen","floor":20,"turns":8},{"damage":17,"enemies":"Centurion and Healer","floor":21,"turns":6},{"damage":32,"enemies":"Slavers","floor":23,"turns":1}],"seed_played":"6212726882983657159","potions_obtained":[{"floor":6,"key":"AttackPotion"},{"floor":8,"key":"SkillPotion"},{"floor":14,"key":"LiquidBronze"},{"floor":19,"key":"SneckoOil"},{"floor":20,"key":"AttackPotion"}],"is_trial":false,"path_per_floor":["M","$","$","M","?","E","R","M","T","E","M","$","R","M","R","B",null,"M","M","M","M","?","E"],"character_chosen":"IRONCLAD","items_purchased":["Metallicize","Sling","True Grit","Armaments"],"campfire_rested":0,"item_purchase_floors":[2,2,3,12],"current_hp_per_floor":[72,72,72,75,75,52,52,58,58,52,52,52,52,57,57,36,69,63,50,36,25,25,0],"gold":106,"neow_bonus":"TWO_FIFTY_GOLD","is_prod":false,"is_daily":false,"chose_seed":false,"campfire_upgraded":3,"win_rate":0,"timestamp":1547279431,"path_taken":["M","?","$","M","?","E","R","?","T","E","M","?","R","M","R","BOSS","M","M","M","M","?","E"],"build_version":"2019-01-10","purchased_purges":2,"victory":false,"max_hp_per_floor":[80,80,80,80,80,80,80,80,80,80,80,80,80,80,80,80,80,80,80,80,80,80,80],"card_choices":[{"not_picked":["Havoc","Clash"],"picked":"Thunderclap","floor":1},{"not_picked":["Entrench","Reckless Charge","Perfected Strike"],"picked":"SKIP","floor":4},{"not_picked":["Dark Embrace","Heavy Blade"],"picked":"Carnage","floor":6},{"not_picked":["Perfected Strike","Burning Pact"],"picked":"Anger","floor":8},{"not_picked":["Pommel Strike","Body Slam"],"picked":"Clothesline","floor":10},{"not_picked":["Clothesline","Evolve"],"picked":"Sword Boomerang","floor":11},{"not_picked":["Heavy Blade","Burning Pact"],"picked":"Iron Wave","floor":14},{"not_picked":["Impervious","Dark Embrace"],"picked":"Fiend Fire","floor":16},{"not_picked":["Body Slam","Corruption"],"picked":"Iron Wave+1","floor":18},{"not_picked":["Havoc","Heavy Blade","Headbutt"],"picked":"SKIP","floor":19},{"not_picked":["Thunderclap","Hemokinesis"],"picked":"Flame Barrier","floor":20},{"not_picked":["Dark Embrace","True Grit"],"picked":"Shockwave","floor":21}],"player_experience":433062,"relics_obtained":[{"floor":6,"key":"Regal Pillow"},{"floor":9,"key":"Dream Catcher"},{"floor":10,"key":"Smiling Mask"}],"event_choices":[{"cards_removed":["Strike_R"],"damage_healed":0,"gold_gain":0,"player_choice":"Offered Basic","damage_taken":0,"max_hp_gain":0,"max_hp_loss":0,"event_name":"Bonfire Elementals","floor":5,"gold_loss":0},{"damage_healed":0,"gold_gain":0,"player_choice":"Obtained Relic","damage_taken":0,"relics_obtained":["Tiny Chest"],"max_hp_gain":0,"max_hp_loss":0,"event_name":"Addict","floor":22,"gold_loss":85}],"is_beta":false,"boss_relics":[{"not_picked":["Runic Dome","Ectoplasm"],"picked":"Philosopher\u0027s Stone"}],"items_purged_floors":[2,12],"is_endless":false,"potions_floor_spawned":[6,8,14,19,20],"killed_by":"Slavers","ascension_level":13}