{"gold_per_floor":[112,112,112,82,101,116,142,142,169,200,127,162,162,180,180,277,277,297,68,68,78,90,115,115,149,149,149,168,168,201,1,1,98,98,111,333,381,393,393,393,407,407],"floor_reached":42,"playtime":9459,"items_purged":[],"score":502,"play_id":"39ed7354-883f-4280-af72-854e1dfa6d51","local_time":"20190704023905","is_ascension_mode":false,"campfire_choices":[{"floor":8,"key":"REST"},{"floor":13,"key":"REST"},{"floor":15,"key":"REST"},{"floor":24,"key":"REST"},{"floor":27,"key":"REST"},{"floor":29,"key":"REST"},{"floor":32,"key":"REST"},{"floor":40,"key":"REST"}],"neow_cost":"NONE","seed_source_timestamp":104964679965109,"circlet_count":0,"master_deck":["Strike_G","Strike_G","Strike_G","Strike_G","Strike_G","Defend_G","Defend_G","Defend_G","Defend_G","Defend_G","Survivor","Neutralize+1","Backflip","Dagger Throw","Caltrops","Poisoned Stab","All Out Attack","Blur","Slice","Blade Dance","Dash","Deflect","Flying Knee","Slice","Die Die Die","Crippling Poison","Tactician","Distraction+1","Dagger Throw+1","Well Laid Plans","Flying Knee+1","Quick Slash+1","Eviscerate+1","Heel Hook","Sucker Punch+1","Outmaneuver","Heel Hook","A Thousand Cuts","Blade Dance+1","Blur+1","Dodge and Roll","Dagger Spray+1","Crippling Poison+1"],"relics":["Ring of the Serpent","Dream Catcher","Boot","Regal Pillow","Ornamental Fan","Bottled Tornado","Philosopher\u0027s Stone","Ancient Tea Set","Snake Skull","Red Mask","Paper Crane","Pen Nib","Vajra","Nunchaku"],"potions_floor_usage":[12,12,12,21,22,23,33],"damage_taken":[{"damage":0,"enemies":"2 Louse","floor":1,"turns":3},{"damage":0,"enemies":"Small Slimes","floor":5,"turns":4},{"damage":0,"enemies":"Cultist","floor":6,"turns":3},{"damage":40,"enemies":"3 Sentries","floor":7,"turns":9},{"damage":34,"enemies":"Gremlin Nob","floor":10,"turns":6},{"damage":0,"enemies":"Lagavulin","floor":12,"turns":5},{"damage":0,"enemies":"Blue Slaver","floor":14,"turns":3},{"damage":36,"enemies":"Hexaghost","floor":16,"turns":11},{"damage":6,"enemies":"Shell Parasite","floor":18,"turns":6},{"damage":0,"enemies":"Spheric Guardian","floor":21,"turns":3},{"damage":24,"enemies":"Centurion and Healer","floor":22,"turns":7},{"damage":31,"enemies":"Book of Stabbing","floor":23,"turns":6},{"damage":29,"enemies":"Masked Bandits","floor":25,"turns":4},{"damage":0,"enemies":"Snake Plant","floor":28,"turns":3},{"damage":15,"enemies":"Gremlin Leader","floor":30,"turns":6},{"damage":50,"enemies":"Champ","floor":33,"turns":11},{"damage":17,"enemies":"Orb Walker","floor":35,"turns":4},{"damage":41,"enemies":"2 Orb Walkers","floor":37,"turns":5},{"damage":13,"enemies":"3 Darklings","floor":38,"turns":5},{"damage":0,"enemies":"Maw","floor":41,"turns":8},{"damage":63,"enemies":"Reptomancer","floor":42,"turns":2}],"seed_played":"3140213483522575959","potions_obtained":[{"floor":4,"key":"SpeedPotion"},{"floor":4,"key":"Energy Potion"},{"floor":6,"key":"PowerPotion"},{"floor":14,"key":"SteroidPotion"},{"floor":16,"key":"Fire Potion"},{"floor":21,"key":"AttackPotion"},{"floor":25,"key":"LiquidBronze"},{"floor":28,"key":"Ancient Potion"},{"floor":30,"key":"GamblersBrew"},{"floor":33,"key":"Regen Potion"},{"floor":37,"key":"Fire Potion"},{"floor":38,"key":"SteroidPotion"}],"is_trial":false,"path_per_floor":["M","?","?","?","M","M","E","R","T","E","$","E","R","M","R","B",null,"M","$","?","M","M","E","R","?","T","R","M","R","E","$","R","B",null,"M","?","?","M","?","R","M","E"],"character_chosen":"THE_SILENT","items_purchased":["Slice","Blade Dance","Tactician","Ancient Tea Set","Vajra","Outmaneuver"],"campfire_rested":8,"item_purchase_floors":[11,11,19,19,31,31],"current_hp_per_floor":[77,65,65,65,65,65,25,48,48,14,14,14,52,52,77,41,77,71,71,57,57,33,2,41,12,12,51,51,82,67,67,82,32,82,65,65,24,11,11,50,50,0],"gold":407,"neow_bonus":"TEN_PERCENT_HP_BONUS","is_prod":false,"is_daily":false,"chose_seed":false,"campfire_upgraded":0,"win_rate":0.0,"timestamp":1562222345,"path_taken":["M","?","?","?","M","?","E","R","T","E","$","E","R","M","R","BOSS","M","$","?","M","M","E","R","?","T","R","M","R","E","$","R","BOSS","M","?","?","M","?","R","?","E"],"build_version":"2019-07-01","purchased_purges":0,"victory":false,"max_hp_per_floor":[77,77,77,77,77,77,77,77,77,77,77,77,77,77,77,77,77,77,77,82,82,82,82,82,82,82,82,82,82,82,82,82,82,82,82,82,82,82,82,82,82,82],"card_choices":[{"not_picked":["Prepared","Deadly Poison"],"picked":"Backflip","floor":1},{"not_picked":["Choke","Flechettes"],"picked":"Dagger Throw","floor":5},{"not_picked":["Predator","Masterful Stab"],"picked":"Caltrops","floor":6},{"not_picked":["Acrobatics","Bouncing Flask"],"picked":"Poisoned Stab","floor":7},{"not_picked":["Dash","Sucker Punch"],"picked":"All Out Attack","floor":8},{"not_picked":["Infinite Blades","Glass Knife"],"picked":"Blur","floor":10},{"not_picked":["Poisoned Stab","Acrobatics"],"picked":"Dash","floor":12},{"not_picked":["Infinite Blades","Bouncing Flask"],"picked":"Deflect","floor":13},{"not_picked":["Blade Dance","Deflect"],"picked":"Flying Knee","floor":14},{"not_picked":["Predator","Infinite Blades"],"picked":"Slice","floor":15},{"not_picked":["Tools of the Trade","Wraith Form v2"],"picked":"Die Die Die","floor":16},{"not_picked":["Quick Slash","Bouncing Flask"],"picked":"Crippling Poison","floor":18},{"not_picked":["Calculated Gamble+1","Poisoned Stab"],"picked":"Prepared+1","floor":21},{"not_picked":["Acrobatics","Dagger Spray"],"picked":"Distraction+1","floor":22},{"not_picked":["Underhanded Strike","Masterful Stab+1"],"picked":"Dagger Throw+1","floor":23},{"not_picked":["Underhanded Strike","Backflip+1"],"picked":"Well Laid Plans","floor":24},{"not_picked":["Poisoned Stab","Underhanded Strike"],"picked":"Flying Knee+1","floor":25},{"not_picked":["Underhanded Strike","Deflect"],"picked":"Quick Slash+1","floor":27},{"not_picked":["Wraith Form v2","Leg Sweep"],"picked":"Eviscerate+1","floor":28},{"not_picked":["Eviscerate+1","Deadly Poison+1"],"picked":"Heel Hook","floor":29},{"not_picked":["Acrobatics+1","Well Laid Plans"],"picked":"Sucker Punch+1","floor":30},{"not_picked":["Quick Slash","Eviscerate"],"picked":"Heel Hook","floor":32},{"not_picked":["Tools of the Trade","Wraith Form v2"],"picked":"A Thousand Cuts","floor":33},{"not_picked":["Well Laid Plans+1","Reflex"],"picked":"Blade Dance+1","floor":35},{"not_picked":["Dodge and Roll+1","Dagger Throw+1"],"picked":"Blur+1","floor":37},{"not_picked":["Sucker Punch","Backflip"],"picked":"Dodge and Roll","floor":38},{"not_picked":["Backstab+1","Riddle With Holes+1"],"picked":"Dagger Spray+1","floor":40},{"not_picked":["Dodge and Roll","Venomology"],"picked":"Crippling Poison+1","floor":41}],"player_experience":5958,"relics_obtained":[{"floor":7,"key":"Boot"},{"floor":9,"key":"Regal Pillow"},{"floor":10,"key":"Ornamental Fan"},{"floor":12,"key":"Bottled Tornado"},{"floor":23,"key":"Snake Skull"},{"floor":25,"key":"Red Mask"},{"floor":26,"key":"Paper Crane"},{"floor":30,"key":"Pen Nib"},{"floor":37,"key":"Nunchaku"}],"event_choices":[{"damage_healed":0,"gold_gain":0,"player_choice":"Success","damage_taken":12,"relics_obtained":["Dream Catcher"],"max_hp_gain":0,"max_hp_loss":0,"event_name":"Scrap Ooze","floor":2,"gold_loss":0},{"damage_healed":0,"gold_gain":0,"player_choice":"Grow","damage_taken":0,"max_hp_gain":0,"max_hp_loss":0,"event_name":"Living Wall","floor":3,"gold_loss":0,"cards_upgraded":["Neutralize"]},{"damage_healed":0,"gold_gain":0,"player_choice":"Bought 2 Potions","damage_taken":0,"max_hp_gain":0,"max_hp_loss":0,"event_name":"The Woman in Blue","floor":4,"gold_loss":0},{"damage_healed":0,"gold_gain":0,"player_choice":"Shed Blood","damage_taken":19,"max_hp_gain":5,"max_hp_loss":0,"event_name":"Forgotten Altar","floor":20,"gold_loss":0},{"damage_healed":0,"gold_gain":0,"player_choice":"Fought Bandits","damage_taken":0,"max_hp_gain":0,"max_hp_loss":0,"event_name":"Masked Bandits","floor":25,"gold_loss":0},{"damage_healed":0,"gold_gain":222,"player_choice":"Wore Mask","damage_taken":0,"max_hp_gain":0,"max_hp_loss":0,"event_name":"Tomb of Lord Red Mask","floor":36,"gold_loss":0},{"damage_healed":0,"gold_gain":0,"player_choice":"Fight","damage_taken":0,"max_hp_gain":0,"max_hp_loss":0,"event_name":"Mysterious Sphere","floor":37,"gold_loss":0},{"cards_removed":["Prepared"],"damage_healed":0,"gold_gain":0,"player_choice":"Removed Skill","damage_taken":0,"max_hp_gain":0,"max_hp_loss":0,"event_name":"Falling","floor":39,"gold_loss":0}],"is_beta":false,"boss_relics":[{"not_picked":["Tiny House","Runic Pyramid"],"picked":"Philosopher\u0027s Stone"},{"not_picked":["White Beast Statue","Runic Dome"],"picked":"Ring of the Serpent"}],"items_purged_floors":[],"is_endless":false,"potions_floor_spawned":[6,10,14,16,21,25,28,30,33,37,38,41],"killed_by":"Reptomancer","ascension_level":0}