{"gold_per_floor":[364,166,186,204,204,204,243,243,243,257,281,301,301,56,56,185,185,198,216,216,216,234,234,278,4,54,98,98,13,93,112,112,231,231,255,274,399,399,399,432,432,445,445,480,495,13,13,36,36,36,36,36,1,34,34],"floor_reached":56,"playtime":5341,"items_purged":["Regret","Regret","Hemokinesis+1"],"score":1270,"play_id":"dfd8cd37-df1e-4279-a85b-f6458b25dfd1","local_time":"20190107222327","is_ascension_mode":false,"campfire_choices":[{"data":"Hemokinesis","floor":6,"key":"SMITH"},{"data":"Body Slam","floor":8,"key":"SMITH"},{"data":"Shockwave","floor":15,"key":"SMITH"},{"data":"Seeing Red","floor":23,"key":"SMITH"},{"floor":28,"key":"RECALL"},{"floor":32,"key":"REST"},{"data":"Disarm","floor":41,"key":"SMITH"},{"data":"True Grit","floor":47,"key":"SMITH"},{"data":"True Grit","floor":49,"key":"SMITH"},{"data":"Power Through","floor":52,"key":"SMITH"}],"neow_cost":"CURSE","seed_source_timestamp":394578041104753,"circlet_count":0,"master_deck":["Strike_R+1","Strike_R+1","Strike_R+1","Defend_R+1","Defend_R+1","Defend_R+1","Defend_R+1","Bash+1","Shockwave+1","Iron Wave+1","Disarm+1","Body Slam+1","Corruption","Warcry","Shrug It Off+1","Impervious","Seeing Red+1","Body Slam+1","Shockwave+1","Power Through+1","Havoc","Impervious","Burning Pact+1","Barricade+1","True Grit+1","True Grit+1","Feel No Pain+1","Feel No Pain+1","Metallicize+1","Blind","Shrug It Off+1"],"relics":["Burning Blood","Golden Idol","The Courier","Paper Frog","Strange Spoon","Black Star","Bronze Scales","Charon\u0027s Ashes","Membership Card","War Paint","Whetstone","Juzu Bracelet","Gambling Chip","Magic Flower","Dodecahedron","Frozen Egg 2","Mark of Pain","Torii","Mummified Hand","Pocketwatch","Letter Opener","Red Skull","Lantern","PreservedInsect","Mercury Hourglass","Happy Flower","Mango","Ancient Tea Set","Pen Nib","Ginger"],"potions_floor_usage":[7,16,22,24,33,33,44,50,55,55],"damage_taken":[{"damage":4,"enemies":"Cultist","floor":1,"turns":3},{"damage":4,"enemies":"2 Louse","floor":3,"turns":3},{"damage":2,"enemies":"Small Slimes","floor":4,"turns":4},{"damage":26,"enemies":"3 Sentries","floor":7,"turns":8},{"damage":5,"enemies":"Looter","floor":10,"turns":3},{"damage":3,"enemies":"Exordium Wildlife","floor":11,"turns":5},{"damage":15,"enemies":"Large Slime","floor":12,"turns":6},{"damage":11,"enemies":"Hexaghost","floor":16,"turns":10},{"damage":4,"enemies":"3 Byrds","floor":18,"turns":5},{"damage":2,"enemies":"Chosen","floor":19,"turns":5},{"damage":13,"enemies":"Shelled Parasite and Fungi","floor":22,"turns":7},{"damage":29,"enemies":"Slavers","floor":24,"turns":8},{"damage":28,"enemies":"Gremlin Leader","floor":27,"turns":5},{"damage":6,"enemies":"3 Cultists","floor":31,"turns":4},{"damage":54,"enemies":"Collector","floor":33,"turns":13},{"damage":2,"enemies":"3 Shapes","floor":35,"turns":5},{"damage":2,"enemies":"Orb Walker","floor":36,"turns":3},{"damage":2,"enemies":"Mind Bloom Boss Battle","floor":37,"turns":5},{"damage":41,"enemies":"Giant Head","floor":40,"turns":9},{"damage":2,"enemies":"Maw","floor":42,"turns":5},{"damage":14,"enemies":"Reptomancer","floor":44,"turns":4},{"damage":0,"enemies":"Sphere and 2 Shapes","floor":45,"turns":4},{"damage":0,"enemies":"Transient","floor":48,"turns":5},{"damage":12,"enemies":"Time Eater","floor":50,"turns":7},{"damage":11,"enemies":"Shield and Spear","floor":54,"turns":5},{"damage":27,"enemies":"The Heart","floor":55,"turns":13}],"seed_played":"5717616438790338734","potions_obtained":[{"floor":1,"key":"Energy Potion"},{"floor":4,"key":"Weak Potion"},{"floor":7,"key":"Strength Potion"},{"floor":19,"key":"Ancient Potion"},{"floor":27,"key":"Weak Potion"},{"floor":31,"key":"GamblersBrew"},{"floor":40,"key":"PowerPotion"},{"floor":44,"key":"SkillPotion"},{"floor":45,"key":"GamblersBrew"},{"floor":54,"key":"Swift Potion"}],"is_trial":false,"path_per_floor":["M","$","M","M","?","R","E","R","T","M","M","M","?","$","R","B",null,"M","M","?","?","M","R","E","$","T","E","R","?","T","M","R","B",null,"M","M","?","T","?","E","R","M","T","E","M","$","R","M","R","B",null,"R","$","E","B",null],"character_chosen":"IRONCLAD","items_purchased":["Shockwave","Iron Wave","Strange Spoon","Membership Card","War Paint","Whetstone","Feel No Pain+1","Feel No Pain+1","Metallicize+1","Mercury Hourglass","Happy Flower","Mango","Ancient Tea Set","Blind"],"campfire_rested":1,"item_purchase_floors":[2,2,14,25,25,25,46,46,46,46,46,46,46,53],"current_hp_per_floor":[80,80,80,80,60,60,40,40,40,41,44,35,35,35,35,30,80,80,80,80,80,73,73,50,50,50,28,28,28,28,31,55,10,80,80,80,80,80,76,44,44,51,51,46,55,69,69,78,78,75,90,90,90,88,70],"gold":34,"neow_bonus":"TWO_FIFTY_GOLD","is_prod":false,"is_daily":false,"chose_seed":false,"campfire_upgraded":8,"win_rate":0,"timestamp":1546928607,"path_taken":["M","?","M","?","?","R","E","R","T","M","M","M","?","$","R","BOSS","M","M","?","?","M","R","E","?","T","E","R","?","?","M","R","BOSS","M","M","?","?","?","E","R","M","T","E","M","$","R","M","R","BOSS","R","$","E","BOSS"],"build_version":"2019-01-03v4","purchased_purges":3,"victory":true,"max_hp_per_floor":[80,80,80,80,80,80,80,80,80,80,80,80,80,80,80,80,80,80,80,80,80,80,80,80,80,80,80,80,80,80,80,80,80,80,80,80,80,80,76,76,76,76,76,76,76,90,90,90,90,90,90,90,90,90,90],"card_choices":[{"not_picked":["Burning Pact","Sword Boomerang"],"picked":"Hemokinesis","floor":1},{"not_picked":["Rampage","Wild Strike","Whirlwind"],"picked":"SKIP","floor":3},{"not_picked":["Thunderclap","Hemokinesis"],"picked":"Disarm","floor":4},{"not_picked":["Havoc","Cleave"],"picked":"Body Slam","floor":7},{"not_picked":["Feel No Pain","Havoc"],"picked":"Corruption","floor":10},{"not_picked":["Clash","Perfected Strike"],"picked":"Warcry","floor":11},{"not_picked":["Twin Strike","Iron Wave"],"picked":"Shrug It Off","floor":12},{"not_picked":["Bludgeon","Offering"],"picked":"Impervious","floor":16},{"not_picked":["Twin Strike","Ghostly Armor"],"picked":"Seeing Red","floor":18},{"not_picked":["True Grit","Headbutt"],"picked":"Body Slam+1","floor":19},{"not_picked":["Pommel Strike","Flex","Warcry"],"picked":"SKIP","floor":22},{"not_picked":["Headbutt","Perfected Strike+1","Cleave+1"],"picked":"SKIP","floor":24},{"not_picked":["Pommel Strike","Heavy Blade"],"picked":"Havoc","floor":27},{"not_picked":["Immolate","Rampage","Blood for Blood"],"picked":"SKIP","floor":31},{"not_picked":["Demon Form+1","Feed"],"picked":"Impervious","floor":33},{"not_picked":["Spot Weakness+1","Pommel Strike","Headbutt"],"picked":"SKIP","floor":35},{"not_picked":["Sword Boomerang","Havoc+1"],"picked":"Burning Pact+1","floor":36},{"not_picked":["Headbutt","Immolate"],"picked":"Barricade+1","floor":40},{"not_picked":["Pommel Strike","Sever Soul+1"],"picked":"True Grit","floor":42},{"not_picked":["Warcry+1","Pommel Strike+1"],"picked":"True Grit","floor":44},{"not_picked":["Warcry","Headbutt","Thunderclap"],"picked":"SKIP","floor":45},{"not_picked":["Rage+1","Flex","Headbutt"],"picked":"SKIP","floor":48},{"not_picked":["Twin Strike","Havoc"],"picked":"Shrug It Off+1","floor":54}],"player_experience":390609,"relics_obtained":[{"floor":7,"key":"The Courier"},{"floor":24,"key":"Bronze Scales"},{"floor":24,"key":"Charon\u0027s Ashes"},{"floor":26,"key":"Juzu Bracelet"},{"floor":27,"key":"Gambling Chip"},{"floor":27,"key":"Magic Flower"},{"floor":30,"key":"Frozen Egg 2"},{"floor":37,"key":"Torii"},{"floor":38,"key":"Mummified Hand"},{"floor":40,"key":"Pocketwatch"},{"floor":40,"key":"Letter Opener"},{"floor":43,"key":"Red Skull"},{"floor":44,"key":"Lantern"},{"floor":44,"key":"PreservedInsect"},{"floor":54,"key":"Pen Nib"},{"floor":54,"key":"Ginger"}],"event_choices":[{"damage_healed":0,"gold_gain":0,"player_choice":"Take Damage","damage_taken":20,"relics_obtained":["Golden Idol"],"max_hp_gain":0,"max_hp_loss":0,"event_name":"Golden Idol","floor":5,"gold_loss":0},{"damage_healed":0,"gold_gain":0,"player_choice":"Box","damage_taken":0,"relics_obtained":["Paper Frog"],"max_hp_gain":0,"max_hp_loss":0,"event_name":"Big Fish","floor":13,"gold_loss":0,"cards_obtained":["Regret"]},{"damage_healed":0,"gold_gain":0,"cards_transformed":["Strike_R","Strike_R"],"player_choice":"Became Test Subject","damage_taken":0,"max_hp_gain":0,"max_hp_loss":0,"event_name":"Drug Dealer","floor":20,"gold_loss":0,"cards_obtained":["Shockwave","Power Through"]},{"damage_healed":0,"gold_gain":0,"player_choice":"Simplicity","damage_taken":0,"max_hp_gain":0,"max_hp_loss":0,"event_name":"Back to Basics","floor":21,"gold_loss":0,"cards_upgraded":["Strike_R","Strike_R","Strike_R","Defend_R","Defend_R","Defend_R","Defend_R"]},{"damage_healed":0,"gold_gain":0,"player_choice":"Obtained Relic","damage_taken":0,"relics_obtained":["Dodecahedron"],"max_hp_gain":0,"max_hp_loss":0,"event_name":"Addict","floor":29,"gold_loss":85},{"damage_healed":0,"gold_gain":0,"player_choice":"Fight","damage_taken":0,"max_hp_gain":0,"max_hp_loss":0,"event_name":"MindBloom","floor":37,"gold_loss":0},{"damage_healed":0,"gold_gain":0,"player_choice":"Max HP","damage_taken":0,"max_hp_gain":0,"max_hp_loss":4,"event_name":"Winding Halls","floor":39,"gold_loss":0}],"is_beta":false,"boss_relics":[{"not_picked":["Snecko Eye","Busted Crown"],"picked":"Black Star"},{"not_picked":["Pandora\u0027s Box","Black Blood"],"picked":"Mark of Pain"}],"items_purged_floors":[2,14,46],"is_endless":false,"potions_floor_spawned":[1,4,7,19,27,31,40,44,45,54],"ascension_level":0}