{"gold_per_floor":[13,29,49,69,89,124,124,142,142,162,173,173,173,184,184,289,289,309,309,309,65,82,82,116,116,140,140,55,86,86,115,115,115],"floor_reached":33,"playtime":4119,"items_purged":[],"score":347,"play_id":"a7406bc3-9384-401f-a121-46aaca027696","local_time":"20181118082301","is_ascension_mode":true,"campfire_choices":[{"data":"Searing Blow","floor":7,"key":"SMITH"},{"data":"Feed","floor":12,"key":"SMITH"},{"floor":15,"key":"REST"},{"data":"Limit Break","floor":23,"key":"SMITH"},{"floor":25,"key":"DIG"},{"floor":30,"key":"REST"},{"floor":32,"key":"REST"}],"neow_cost":"NO_GOLD","seed_source_timestamp":521743294140566,"circlet_count":0,"master_deck":["Strike_R","Strike_R+1","Strike_R","Strike_R","Defend_R","Defend_R","Defend_R","Bash","Blood for Blood","Double Tap","Searing Blow+1","Bloodletting","True Grit","Clothesline","Ghostly Armor","Feed+1","Clothesline+1","Thunderclap","Shrug It Off","Flex","Limit Break+1","Rage","Headbutt","Pommel Strike","Carnage","Decay","Shrug It Off+1","Entrench+1"],"relics":["Burning Blood","Bronze Scales","Meat on the Bone","Cursed Key","Paper Frog","Toxic Egg 2","Shovel","Mummified Hand","Regal Pillow","Dodecahedron","Mercury Hourglass","Strawberry"],"potions_floor_usage":[6,11,16,18,24,29,29,31],"damage_taken":[{"damage":6,"enemies":"2 Louse","floor":1,"turns":4},{"damage":15,"enemies":"Small Slimes","floor":2,"turns":4},{"damage":8,"enemies":"Jaw Worm","floor":3,"turns":3},{"damage":16,"enemies":"Blue Slaver","floor":4,"turns":5},{"damage":12,"enemies":"3 Louse","floor":5,"turns":4},{"damage":14,"enemies":"Gremlin Nob","floor":6,"turns":4},{"damage":13,"enemies":"Exordium Wildlife","floor":8,"turns":5},{"damage":7,"enemies":"Blue Slaver","floor":10,"turns":4},{"damage":19,"enemies":"Exordium Thugs","floor":11,"turns":5},{"damage":8,"enemies":"2 Fungi Beasts","floor":14,"turns":3},{"damage":52,"enemies":"Hexaghost","floor":16,"turns":11},{"damage":5,"enemies":"3 Byrds","floor":18,"turns":4},{"damage":15,"enemies":"Spheric Guardian","floor":22,"turns":4},{"damage":34,"enemies":"Gremlin Leader","floor":24,"turns":7},{"damage":47,"enemies":"Slavers","floor":29,"turns":6},{"damage":18,"enemies":"Book of Stabbing","floor":31,"turns":5},{"damage":114,"enemies":"Automaton","floor":33,"turns":14}],"seed_played":"-8240419797753005690","potions_obtained":[{"floor":3,"key":"Block Potion"},{"floor":6,"key":"Strength Potion"},{"floor":8,"key":"SmokeBomb"},{"floor":10,"key":"SpeedPotion"},{"floor":14,"key":"Fire Potion"},{"floor":16,"key":"GamblersBrew"},{"floor":22,"key":"SteroidPotion"},{"floor":24,"key":"Block Potion"},{"floor":29,"key":"SteroidPotion"}],"is_trial":false,"path_per_floor":["M","M","M","M","M","E","R","M","T","M","M","R","?","M","R","B",null,"M","?","?","$","M","R","E","R","T","?","?","E","R","E","R","B"],"character_chosen":"IRONCLAD","items_purchased":["Toxic Egg 2"],"campfire_rested":3,"item_purchase_floors":[21],"current_hp_per_floor":[80,71,69,59,53,45,45,41,41,52,54,54,37,51,78,44,90,90,90,90,90,81,81,53,53,53,53,53,28,71,70,105,0],"gold":115,"neow_bonus":"TRANSFORM_TWO_CARDS","is_prod":false,"is_daily":false,"chose_seed":false,"campfire_upgraded":3,"win_rate":0,"timestamp":1542558181,"path_taken":["M","M","M","M","M","E","R","M","T","M","M","R","?","M","R","BOSS","M","?","?","$","M","R","E","R","T","?","?","E","R","E","R","BOSS"],"build_version":"2018-11-15","purchased_purges":0,"victory":false,"max_hp_per_floor":[80,80,80,80,80,80,80,83,83,83,86,86,86,90,90,90,90,90,90,90,90,90,90,90,90,90,90,90,94,94,105,105,105],"card_choices":[{"not_picked":["Armaments","Power Through"],"picked":"Searing Blow","floor":1},{"not_picked":["True Grit","Reckless Charge"],"picked":"Bloodletting","floor":2},{"not_picked":["Anger","Infernal Blade"],"picked":"True Grit","floor":3},{"not_picked":["Thunderclap","Twin Strike"],"picked":"Clothesline","floor":4},{"not_picked":["Metallicize","Pummel"],"picked":"Ghostly Armor","floor":5},{"not_picked":["Fiend Fire","Dark Embrace"],"picked":"Feed","floor":6},{"not_picked":["Clash","Reckless Charge"],"picked":"Clothesline","floor":8},{"not_picked":["Body Slam","Pummel"],"picked":"Thunderclap","floor":10},{"not_picked":["Headbutt","Bloodletting"],"picked":"Shrug It Off","floor":11},{"not_picked":["Combust","Infernal Blade"],"picked":"Flex","floor":14},{"not_picked":["Bludgeon","Feed"],"picked":"Limit Break","floor":16},{"not_picked":["Body Slam","Clothesline+1"],"picked":"Rage","floor":18},{"not_picked":["Clash+1","Whirlwind"],"picked":"Pommel Strike","floor":22},{"not_picked":["Sword Boomerang","Combust"],"picked":"Carnage","floor":24},{"not_picked":["Second Wind+1","Entrench+1"],"picked":"Shrug It Off+1","floor":29},{"not_picked":["Battle Trance+1","Dropkick"],"picked":"Entrench+1","floor":31}],"player_experience":37283,"relics_obtained":[{"floor":6,"key":"Bronze Scales"},{"floor":9,"key":"Meat on the Bone"},{"floor":24,"key":"Shovel"},{"floor":25,"key":"Mummified Hand"},{"floor":26,"key":"Regal Pillow"},{"floor":29,"key":"Mercury Hourglass"},{"floor":31,"key":"Strawberry"}],"event_choices":[{"damage_healed":0,"gold_gain":0,"player_choice":"Entered Light","damage_taken":17,"max_hp_gain":0,"max_hp_loss":0,"event_name":"Shining Light","floor":13,"gold_loss":0,"cards_upgraded":["Strike_R","Clothesline"]},{"damage_healed":0,"gold_gain":0,"player_choice":"Read","damage_taken":0,"max_hp_gain":0,"max_hp_loss":0,"event_name":"The Library","floor":19,"gold_loss":0,"cards_obtained":["Headbutt"]},{"damage_healed":0,"gold_gain":0,"player_choice":"Opened","damage_taken":0,"relics_obtained":["Paper Frog"],"max_hp_gain":0,"max_hp_loss":0,"event_name":"The Mausoleum","floor":20,"gold_loss":0},{"damage_healed":0,"gold_gain":0,"player_choice":"Ignored","damage_taken":0,"max_hp_gain":0,"max_hp_loss":0,"event_name":"Vampires","floor":27,"gold_loss":0},{"damage_healed":0,"gold_gain":0,"player_choice":"Obtained Relic","damage_taken":0,"relics_obtained":["Dodecahedron"],"max_hp_gain":0,"max_hp_loss":0,"event_name":"Addict","floor":28,"gold_loss":85}],"is_beta":false,"boss_relics":[{"not_picked":["Busted Crown","Black Star"],"picked":"Cursed Key"}],"items_purged_floors":[],"is_endless":false,"potions_floor_spawned":[3,6,8,10,14,16,22,24,29],"killed_by":"Automaton","ascension_level":1}