{"gold_per_floor":[116,28,28,41,41,68,85,85,112,130,23,43,69,83,83,159,159,171,171,171,190,210,210,235,235,258,288,288,6,6,19,19,92,92,111,54,54,73,90,90,116,143,217,217,271,271,271,281,281,281,281],"floor_reached":52,"playtime":3901,"items_purged":[],"score":1956,"play_id":"e3fd8fc7-13fa-41fb-bcdc-c683df4f18b7","local_time":"20190218005326","is_ascension_mode":true,"campfire_choices":[{"data":"Metallicize","floor":8,"key":"SMITH"},{"data":"Body Slam","floor":15,"key":"SMITH"},{"data":"Barricade","floor":23,"key":"SMITH"},{"data":"Entrench","floor":25,"key":"SMITH"},{"data":"Shockwave","floor":28,"key":"SMITH"},{"data":"Iron Wave","floor":32,"key":"SMITH"},{"floor":40,"key":"REST"},{"floor":46,"key":"REST"},{"floor":49,"key":"REST"}],"neow_cost":"NONE","seed_source_timestamp":156787338848638,"circlet_count":0,"master_deck":["AscendersBane","Strike_R","Strike_R","Strike_R","Strike_R","Strike_R","Defend_R","Defend_R","Defend_R","Bash","Ghostly Armor","Shockwave+1","Body Slam+1","Metallicize+1","Iron Wave+1","Shrug It Off","Panacea","Body Slam+1","Offering","Barricade+1","Metallicize+1","Entrench+1","Shrug It Off","Master of Strategy"],"relics":["Burning Blood","NeowsBlessing","Bronze Scales","Centennial Puzzle","Paper Frog","Busted Crown","Lantern","Vajra","Pen Nib","Mummified Hand","Runic Dome","FaceOfCleric","Peace Pipe","Juzu Bracelet","Meat on the Bone","Dead Branch"],"potions_floor_usage":[13,13,22,24,27,33,38],"damage_taken":[{"damage":0,"enemies":"Small Slimes","floor":1,"turns":1},{"damage":0,"enemies":"Cultist","floor":4,"turns":1},{"damage":0,"enemies":"Gremlin Nob","floor":6,"turns":1},{"damage":4,"enemies":"Jaw Worm","floor":7,"turns":4},{"damage":5,"enemies":"3 Louse","floor":10,"turns":3},{"damage":0,"enemies":"Looter","floor":12,"turns":3},{"damage":13,"enemies":"Lagavulin","floor":13,"turns":6},{"damage":0,"enemies":"Red Slaver","floor":14,"turns":3},{"damage":9,"enemies":"Hexaghost","floor":16,"turns":9},{"damage":10,"enemies":"3 Byrds","floor":18,"turns":3},{"damage":7,"enemies":"Shell Parasite","floor":21,"turns":4},{"damage":12,"enemies":"Shelled Parasite and Fungi","floor":22,"turns":5},{"damage":22,"enemies":"Gremlin Leader","floor":24,"turns":9},{"damage":11,"enemies":"Book of Stabbing","floor":27,"turns":5},{"damage":6,"enemies":"Centurion and Healer","floor":31,"turns":5},{"damage":6,"enemies":"Automaton","floor":33,"turns":7},{"damage":7,"enemies":"Orb Walker","floor":35,"turns":3},{"damage":28,"enemies":"3 Darklings","floor":38,"turns":5},{"damage":20,"enemies":"Spire Growth","floor":39,"turns":4},{"damage":23,"enemies":"Nemesis","floor":41,"turns":7},{"damage":34,"enemies":"2 Orb Walkers","floor":45,"turns":5},{"damage":6,"enemies":"Jaw Worm Horde","floor":48,"turns":3},{"damage":45,"enemies":"Donu and Deca","floor":50,"turns":13},{"damage":29,"enemies":"Time Eater","floor":51,"turns":7}],"seed_played":"-1615201070528871446","potions_obtained":[{"floor":1,"key":"SteroidPotion"},{"floor":4,"key":"SkillPotion"},{"floor":6,"key":"SkillPotion"},{"floor":21,"key":"GamblersBrew"},{"floor":22,"key":"EssenceOfSteel"},{"floor":24,"key":"Swift Potion"},{"floor":31,"key":"EssenceOfSteel"},{"floor":35,"key":"SpeedPotion"}],"is_trial":false,"path_per_floor":["M","$","?","M","?","E","M","R","T","M","$","M","E","M","R","B",null,"M","?","?","M","M","R","E","R","T","E","R","$","?","M","R","B",null,"M","$","?","M","M","R","E","T","T","?","?","R","?","M","R","B","B",null],"character_chosen":"IRONCLAD","items_purchased":["Shockwave","Panacea","Mummified Hand","Shrug It Off"],"campfire_rested":3,"item_purchase_floors":[2,11,29,36],"current_hp_per_floor":[74,74,74,75,75,75,75,75,75,75,75,75,68,74,74,71,74,70,70,70,69,63,63,47,47,47,42,42,42,57,57,57,57,71,70,70,70,49,36,59,43,43,43,43,28,50,50,51,73,47,37],"gold":281,"neow_bonus":"THREE_ENEMY_KILL","is_prod":false,"is_daily":false,"chose_seed":false,"campfire_upgraded":6,"win_rate":0,"timestamp":1550480006,"path_taken":["M","$","?","?","?","E","M","R","T","M","$","M","E","M","R","BOSS","M","?","?","?","M","R","E","R","T","E","R","$","?","M","R","BOSS","M","$","?","?","?","R","E","?","T","?","?","R","?","M","R","BOSS","BOSS"],"build_version":"2019-01-23","purchased_purges":0,"victory":true,"max_hp_per_floor":[75,75,75,75,75,75,75,75,75,75,75,75,75,75,75,75,75,75,75,75,75,75,75,75,75,75,75,75,75,75,75,75,75,75,75,75,75,76,77,77,78,78,78,74,75,75,75,76,76,77,78],"card_choices":[{"not_picked":["Sentinel","Battle Trance"],"picked":"Ghostly Armor","floor":1},{"not_picked":["Thunderclap","Armaments"],"picked":"Metallicize","floor":4},{"not_picked":["Flex","Perfected Strike","Shockwave"],"picked":"SKIP","floor":6},{"not_picked":["Clash","Combust"],"picked":"Iron Wave","floor":7},{"not_picked":["Ghostly Armor","True Grit"],"picked":"Shrug It Off","floor":10},{"not_picked":["Headbutt","Sword Boomerang"],"picked":"Body Slam","floor":12},{"not_picked":["Hemokinesis","Warcry","Carnage"],"picked":"SKIP","floor":13},{"not_picked":["Warcry","Rampage"],"picked":"Offering","floor":14},{"not_picked":["Dark Embrace","Limit Break"],"picked":"Barricade","floor":16},{"not_picked":["Cleave+1"],"picked":"SKIP","floor":18},{"not_picked":[],"picked":"Entrench","floor":21},{"not_picked":["Headbutt"],"picked":"SKIP","floor":22},{"not_picked":["Limit Break"],"picked":"SKIP","floor":24},{"not_picked":["Anger"],"picked":"SKIP","floor":27},{"not_picked":["Cleave"],"picked":"SKIP","floor":31},{"not_picked":["Wild Strike"],"picked":"SKIP","floor":35},{"not_picked":["Power Through+1"],"picked":"SKIP","floor":38},{"not_picked":["Sword Boomerang+1"],"picked":"SKIP","floor":39},{"not_picked":["Dropkick"],"picked":"SKIP","floor":41},{"not_picked":[],"picked":"Master of Strategy","floor":47},{"not_picked":["True Grit"],"picked":"SKIP","floor":48}],"player_experience":669933,"relics_obtained":[{"floor":6,"key":"Bronze Scales"},{"floor":9,"key":"Centennial Puzzle"},{"floor":13,"key":"Paper Frog"},{"floor":24,"key":"Lantern"},{"floor":26,"key":"Vajra"},{"floor":27,"key":"Pen Nib"},{"floor":41,"key":"Peace Pipe"},{"floor":42,"key":"Juzu Bracelet"},{"floor":43,"key":"Meat on the Bone"},{"floor":45,"key":"Dead Branch"}],"event_choices":[{"damage_healed":0,"gold_gain":0,"cards_transformed":["Defend_R"],"player_choice":"Transformed","damage_taken":0,"max_hp_gain":0,"max_hp_loss":0,"event_name":"Transmorgrifier","floor":3,"gold_loss":0,"cards_obtained":["Body Slam"]},{"damage_healed":0,"gold_gain":0,"player_choice":"Grow","damage_taken":0,"max_hp_gain":0,"max_hp_loss":0,"event_name":"Living Wall","floor":5,"gold_loss":0,"cards_upgraded":["Body Slam"]},{"damage_healed":0,"gold_gain":0,"player_choice":"Ignored","damage_taken":0,"max_hp_gain":0,"max_hp_loss":0,"event_name":"Cursed Tome","floor":19,"gold_loss":0},{"damage_healed":0,"gold_gain":0,"player_choice":"Copied","damage_taken":0,"max_hp_gain":0,"max_hp_loss":0,"event_name":"Duplicator","floor":20,"gold_loss":0,"cards_obtained":["Metallicize"]},{"damage_healed":15,"gold_gain":0,"player_choice":"Heal","damage_taken":0,"max_hp_gain":0,"max_hp_loss":0,"event_name":"The Library","floor":30,"gold_loss":0},{"damage_healed":0,"gold_gain":0,"player_choice":"Trade","damage_taken":0,"relics_obtained":["FaceOfCleric"],"max_hp_gain":0,"max_hp_loss":0,"event_name":"FaceTrader","floor":37,"gold_loss":0},{"damage_healed":0,"gold_gain":0,"player_choice":"Max HP","damage_taken":0,"max_hp_gain":0,"max_hp_loss":4,"event_name":"Winding Halls","floor":44,"gold_loss":0},{"damage_healed":0,"gold_gain":0,"player_choice":"Fight","damage_taken":0,"max_hp_gain":0,"max_hp_loss":0,"event_name":"Mysterious Sphere","floor":45,"gold_loss":0},{"damage_healed":0,"gold_gain":0,"player_choice":"Memory 1","damage_taken":0,"max_hp_gain":0,"max_hp_loss":0,"event_name":"SensoryStone","floor":47,"gold_loss":0}],"is_beta":false,"boss_relics":[{"not_picked":["Pandora\u0027s Box","Orrery"],"picked":"Busted Crown"},{"not_picked":["Snecko Eye","Velvet Choker"],"picked":"Runic Dome"}],"items_purged_floors":[],"is_endless":false,"potions_floor_spawned":[1,4,6,10,21,22,24,31,35],"ascension_level":20}