{"gold_per_floor":[115,127,302,302,316,316,333,351,351,370,57,72,92,43,43,140,140,151,162,175,186,221,221,249,249,249,260,260,260,279,297,297,397,397,408,10,63,76,95,95,120,120,120,137,137,137,156,156,156,156],"floor_reached":51,"playtime":9608,"items_purged":["Doubt"],"score":737,"play_id":"1f2188ea-c12c-4d13-be97-452fbe6721b6","local_time":"20190828220437","is_ascension_mode":true,"campfire_choices":[{"data":"Dash","floor":6,"key":"SMITH"},{"floor":15,"key":"REST"},{"floor":23,"key":"REST"},{"floor":25,"key":"REST"},{"floor":28,"key":"REST"},{"floor":32,"key":"REST"},{"floor":40,"key":"REST"},{"data":"Footwork","floor":42,"key":"SMITH"},{"data":"Choke","floor":46,"key":"SMITH"},{"data":"Eviscerate","floor":49,"key":"SMITH"}],"neow_cost":"NONE","seed_source_timestamp":54010967110267,"circlet_count":0,"master_deck":["Strike_G","Strike_G","Strike_G","Strike_G","Defend_G","Defend_G","Defend_G","Defend_G","Defend_G","Survivor","Neutralize+1","Dagger Throw","Dash+1","Well Laid Plans","Prepared","PiercingWail","Crippling Poison","Quick Slash","Doppelganger","Dodge and Roll","Grand Finale","Dagger Spray","Blur+1","Footwork+1","Noxious Fumes+1","Dash+1","Terror","Caltrops+1","Bullet Time","Crippling Poison","Eviscerate+1","Eviscerate+1","Choke+1","Setup+1"],"relics":["Ring of the Serpent","Shuriken","PreservedInsect","Snecko Eye","Red Mask","Ancient Tea Set","Singing Bowl","Gambling Chip","Du-Vu Doll","Thread and Needle","Paper Crane"],"potions_floor_usage":[16,19,22,22,31,33,39,41,50,50],"damage_taken":[{"damage":1,"enemies":"Cultist","floor":1,"turns":5},{"damage":4,"enemies":"2 Louse","floor":2,"turns":4},{"damage":0,"enemies":"Small Slimes","floor":5,"turns":3},{"damage":8,"enemies":"Looter","floor":7,"turns":3},{"damage":8,"enemies":"Exordium Thugs","floor":8,"turns":7},{"damage":8,"enemies":"Exordium Wildlife","floor":10,"turns":6},{"damage":4,"enemies":"2 Fungi Beasts","floor":12,"turns":3},{"damage":23,"enemies":"Gremlin Gang","floor":13,"turns":5},{"damage":39,"enemies":"The Guardian","floor":16,"turns":18},{"damage":0,"enemies":"3 Byrds","floor":18,"turns":6},{"damage":14,"enemies":"Spheric Guardian","floor":19,"turns":6},{"damage":20,"enemies":"Shelled Parasite and Fungi","floor":20,"turns":7},{"damage":0,"enemies":"Snecko","floor":21,"turns":4},{"damage":37,"enemies":"Masked Bandits","floor":22,"turns":6},{"damage":12,"enemies":"Gremlin Leader","floor":24,"turns":6},{"damage":0,"enemies":"Chosen and Byrds","floor":27,"turns":7},{"damage":3,"enemies":"Snake Plant","floor":30,"turns":5},{"damage":18,"enemies":"Cultist and Chosen","floor":31,"turns":5},{"damage":25,"enemies":"Automaton","floor":33,"turns":9},{"damage":19,"enemies":"3 Darklings","floor":35,"turns":6},{"damage":0,"enemies":"2 Orb Walkers","floor":37,"turns":5},{"damage":11,"enemies":"3 Shapes","floor":38,"turns":4},{"damage":0,"enemies":"3 Darklings","floor":39,"turns":4},{"damage":0,"enemies":"Nemesis","floor":41,"turns":5},{"damage":1,"enemies":"Jaw Worm Horde","floor":44,"turns":4},{"damage":0,"enemies":"Maw","floor":47,"turns":6},{"damage":7,"enemies":"Time Eater","floor":50,"turns":10}],"seed_played":"4707799676301723419","potions_obtained":[{"floor":2,"key":"Regen Potion"},{"floor":5,"key":"GhostInAJar"},{"floor":7,"key":"SpeedPotion"},{"floor":13,"key":"GhostInAJar"},{"floor":18,"key":"SpeedPotion"},{"floor":20,"key":"SkillPotion"},{"floor":22,"key":"Weak Potion"},{"floor":33,"key":"GhostInAJar"},{"floor":48,"key":"Ancient Potion"},{"floor":48,"key":"Strength Potion"}],"is_trial":false,"path_per_floor":["M","M","?","?","M","R","M","M","T","M","$","M","M","$","R","B",null,"M","M","M","M","?","R","E","R","T","M","R","?","M","M","R","B",null,"M","$","?","M","M","R","E","R","T","M","?","R","M","?","R","B",null],"character_chosen":"THE_SILENT","items_purchased":["PiercingWail","PreservedInsect","Crippling Poison","Dodge and Roll","Gambling Chip","Block Potion","Block Potion"],"campfire_rested":6,"item_purchase_floors":[11,11,11,14,36,36,36],"current_hp_per_floor":[76,72,72,72,72,72,64,56,56,48,48,44,21,21,44,20,77,77,63,43,43,6,29,17,40,40,42,65,65,62,46,70,45,81,62,62,62,53,55,80,80,80,80,79,79,79,79,79,79,72],"gold":156,"neow_bonus":"TEN_PERCENT_HP_BONUS","is_prod":false,"is_daily":false,"chose_seed":false,"campfire_upgraded":4,"win_rate":0,"timestamp":1567044277,"path_taken":["M","M","?","?","?","R","?","M","T","?","$","M","M","$","R","BOSS","M","M","M","M","?","R","E","R","T","M","R","?","M","?","R","BOSS","M","$","?","M","M","R","E","R","T","M","?","R","M","?","R","BOSS"],"build_version":"2019-07-17","purchased_purges":1,"victory":true,"max_hp_per_floor":[77,77,77,77,77,77,77,77,77,77,77,77,77,77,77,77,77,77,77,77,77,77,77,77,77,77,79,79,79,79,81,81,81,81,81,81,81,83,85,85,85,85,85,85,81,81,81,81,81,81],"card_choices":[{"not_picked":["Acrobatics","Backflip"],"picked":"Dagger Throw","floor":1},{"not_picked":["Dodge and Roll","Finisher","Concentrate"],"picked":"SKIP","floor":2},{"not_picked":["Distraction","Bane"],"picked":"Dash","floor":5},{"not_picked":["Underhanded Strike","Bane","Dash"],"picked":"SKIP","floor":7},{"not_picked":["Reflex","Acrobatics"],"picked":"Well Laid Plans","floor":8},{"not_picked":["Slice","Backflip"],"picked":"Prepared","floor":10},{"not_picked":["Underhanded Strike","Outmaneuver"],"picked":"Quick Slash","floor":12},{"not_picked":["Choke","Dagger Throw"],"picked":"Doppelganger","floor":13},{"not_picked":["Phantasmal Killer","A Thousand Cuts"],"picked":"Grand Finale","floor":16},{"not_picked":["Acrobatics+1","Outmaneuver+1"],"picked":"Dagger Spray","floor":18},{"not_picked":["Flechettes","Deflect"],"picked":"Blur+1","floor":19},{"not_picked":["Setup","Caltrops"],"picked":"Footwork","floor":20},{"not_picked":["Slice","Outmaneuver"],"picked":"Noxious Fumes+1","floor":21},{"not_picked":["Underhanded Strike","PiercingWail"],"picked":"Dash+1","floor":22},{"not_picked":["Endless Agony","Well Laid Plans"],"picked":"Terror","floor":24},{"not_picked":["Concentrate+1","Dagger Spray","Quick Slash"],"picked":"Singing Bowl","floor":27},{"not_picked":["Underhanded Strike","Dagger Spray+1"],"picked":"Caltrops+1","floor":30},{"not_picked":["Slice","PiercingWail","Backstab"],"picked":"Singing Bowl","floor":31},{"not_picked":["Envenom","Venomology"],"picked":"Bullet Time","floor":33},{"not_picked":["Infinite Blades+1","Deflect+1"],"picked":"Crippling Poison","floor":35},{"not_picked":["Bane+1","Poisoned Stab"],"picked":"Eviscerate","floor":37},{"not_picked":["Dodge and Roll","PiercingWail","Backflip"],"picked":"Singing Bowl","floor":38},{"not_picked":["Acrobatics+1","Setup+1","Deflect+1"],"picked":"Singing Bowl","floor":39},{"not_picked":["PiercingWail+1","Sucker Punch+1"],"picked":"Eviscerate+1","floor":41},{"not_picked":["Deflect","Die Die Die"],"picked":"Choke","floor":44},{"not_picked":["Poisoned Stab+1","Slice"],"picked":"Setup+1","floor":47}],"player_experience":254257,"relics_obtained":[{"floor":9,"key":"Shuriken"},{"floor":22,"key":"Red Mask"},{"floor":24,"key":"Ancient Tea Set"},{"floor":26,"key":"Singing Bowl"},{"floor":37,"key":"Du-Vu Doll"},{"floor":41,"key":"Thread and Needle"},{"floor":43,"key":"Paper Crane"}],"event_choices":[{"damage_healed":0,"gold_gain":175,"player_choice":"AGREE","damage_taken":0,"max_hp_gain":0,"max_hp_loss":0,"event_name":"Liars Game","floor":3,"gold_loss":0,"cards_obtained":["Doubt"]},{"damage_healed":0,"gold_gain":0,"player_choice":"Upgraded","damage_taken":0,"max_hp_gain":0,"max_hp_loss":0,"event_name":"Upgrade Shrine","floor":4,"gold_loss":0,"cards_upgraded":["Neutralize"]},{"damage_healed":0,"gold_gain":0,"player_choice":"Fought Bandits","damage_taken":0,"max_hp_gain":0,"max_hp_loss":0,"event_name":"Masked Bandits","floor":22,"gold_loss":0},{"cards_removed":["Strike_G"],"damage_healed":0,"gold_gain":0,"player_choice":"Purged","damage_taken":0,"max_hp_gain":0,"max_hp_loss":0,"event_name":"Purifier","floor":29,"gold_loss":0},{"damage_healed":0,"gold_gain":0,"player_choice":"Fight","damage_taken":0,"max_hp_gain":0,"max_hp_loss":0,"event_name":"Mysterious Sphere","floor":37,"gold_loss":0},{"damage_healed":0,"gold_gain":0,"player_choice":"Max HP","damage_taken":0,"max_hp_gain":0,"max_hp_loss":4,"event_name":"Winding Halls","floor":45,"gold_loss":0},{"damage_healed":0,"gold_gain":0,"player_choice":"Got Potions","damage_taken":0,"max_hp_gain":0,"max_hp_loss":0,"event_name":"Lab","floor":48,"gold_loss":0}],"is_beta":false,"boss_relics":[{"not_picked":["WristBlade","Ectoplasm"],"picked":"Snecko Eye"},{"not_picked":["Coffee Dripper","Runic Pyramid"],"picked":"Ring of the Serpent"}],"items_purged_floors":[11],"is_endless":false,"potions_floor_spawned":[2,5,7,12,13,18,20,22,33,37],"ascension_level":2}