{"gold_per_floor":[111,111,121,131,145,177,177,197,197,197,227,227,254,254,254,254],"floor_reached":16,"playtime":811,"items_purged":[],"score":124,"play_id":"a0c5f768-bcfe-4328-9fc6-a4c1d05b34fc","local_time":"20190820213904","is_ascension_mode":true,"campfire_choices":[{"floor":7,"key":"REST"},{"floor":10,"key":"REST"},{"floor":15,"key":"REST"}],"neow_cost":"NONE","seed_source_timestamp":37712136579606,"circlet_count":0,"master_deck":["Strike_G","Strike_G","Strike_G","Strike_G","Strike_G","Defend_G","Defend_G","Defend_G","Defend_G","Defend_G","Survivor","Neutralize+1","Adrenaline","Backflip","Noxious Fumes","Dagger Spray","Backstab+1","Deadly Poison","Footwork","Noxious Fumes","Injury"],"relics":["Ring of the Snake","Juzu Bracelet","Odd Mushroom","Whetstone","Toxic Egg 2","Ancient Tea Set","Kunai","Golden Idol"],"potions_floor_usage":[6,13],"damage_taken":[{"damage":4,"enemies":"Jaw Worm","floor":1,"turns":5},{"damage":1,"enemies":"2 Louse","floor":3,"turns":4},{"damage":0,"enemies":"Small Slimes","floor":4,"turns":3},{"damage":1,"enemies":"Red Slaver","floor":5,"turns":4},{"damage":24,"enemies":"Gremlin Nob","floor":6,"turns":5},{"damage":16,"enemies":"The Mushroom Lair","floor":8,"turns":4},{"damage":20,"enemies":"3 Sentries","floor":11,"turns":7},{"damage":24,"enemies":"Gremlin Nob","floor":13,"turns":4},{"damage":43,"enemies":"Slime Boss","floor":16,"turns":7}],"seed_played":"-1015947323612542130","potions_obtained":[{"floor":3,"key":"Poison Potion"},{"floor":6,"key":"Ancient Potion"},{"floor":8,"key":"Strength Potion"}],"is_trial":false,"path_per_floor":["M","?","M","M","M","E","R","?","T","R","E","T","E","?","R","B"],"character_chosen":"THE_SILENT","items_purchased":[],"campfire_rested":3,"item_purchase_floors":[],"current_hp_per_floor":[66,66,65,65,64,40,61,45,45,66,46,46,22,22,43,0],"gold":254,"neow_bonus":"ONE_RANDOM_RARE_CARD","is_prod":false,"is_daily":false,"chose_seed":false,"campfire_upgraded":0,"win_rate":0,"timestamp":1566351544,"path_taken":["M","?","M","M","M","E","R","?","T","R","E","?","E","?","R","BOSS"],"build_version":"2019-07-17","purchased_purges":0,"victory":false,"max_hp_per_floor":[70,70,70,70,70,70,70,70,70,70,70,70,70,70,70,70],"card_choices":[{"not_picked":["Blur","Quick Slash"],"picked":"Backflip","floor":1},{"not_picked":["Underhanded Strike","Flying Knee"],"picked":"Noxious Fumes","floor":3},{"not_picked":["Deflect","Acrobatics","Reflex"],"picked":"SKIP","floor":4},{"not_picked":["Flechettes","Slice"],"picked":"Dagger Spray","floor":5},{"not_picked":["Backflip","Cloak And Dagger"],"picked":"Backstab","floor":6},{"not_picked":["Distraction","Sucker Punch"],"picked":"Deadly Poison","floor":8},{"not_picked":["Dagger Throw","Sucker Punch"],"picked":"Footwork","floor":11},{"not_picked":["Footwork","Blur+1"],"picked":"Noxious Fumes","floor":13}],"player_experience":217264,"relics_obtained":[{"floor":6,"key":"Juzu Bracelet"},{"floor":8,"key":"Odd Mushroom"},{"floor":9,"key":"Whetstone"},{"floor":11,"key":"Toxic Egg 2"},{"floor":12,"key":"Ancient Tea Set"},{"floor":13,"key":"Kunai"}],"event_choices":[{"damage_healed":0,"gold_gain":0,"player_choice":"Ignored","damage_taken":0,"max_hp_gain":0,"max_hp_loss":0,"event_name":"Golden Wing","floor":2,"gold_loss":0},{"damage_healed":0,"gold_gain":0,"player_choice":"Fought Mushrooms","damage_taken":0,"max_hp_gain":0,"max_hp_loss":0,"event_name":"Mushrooms","floor":8,"gold_loss":0},{"damage_healed":0,"gold_gain":0,"player_choice":"Take Wound","damage_taken":0,"relics_obtained":["Golden Idol"],"max_hp_gain":0,"max_hp_loss":0,"event_name":"Golden Idol","floor":14,"gold_loss":0,"cards_obtained":["Injury"]}],"is_beta":false,"boss_relics":[],"items_purged_floors":[],"is_endless":false,"potions_floor_spawned":[3,6,8],"killed_by":"Slime Boss","ascension_level":1}