{"gold_per_floor":[118,134,134,147,164,164,164,194,194,194,205,31,31,44,44,144,144,163,163,181,10,29,29,29,40,40,40,70,70,70,89,89,89],"floor_reached":33,"playtime":2884,"items_purged":["Strike_R","Defend_R"],"score":342,"play_id":"469fbd00-7b36-4803-a4af-dde5b697bb34","local_time":"20190105193239","is_ascension_mode":false,"campfire_choices":[{"data":"Feed","floor":6,"key":"SMITH"},{"data":"Armaments","floor":13,"key":"SMITH"},{"data":"Shockwave","floor":15,"key":"SMITH"},{"data":"Feed","floor":23,"key":"SMITH"},{"data":"True Grit","floor":27,"key":"SMITH"},{"floor":29,"key":"RECALL"},{"data":"Metallicize","floor":32,"key":"SMITH"}],"neow_cost":"NONE","seed_source_timestamp":338808472749078,"circlet_count":0,"master_deck":["Strike_R","Strike_R","Strike_R","Strike_R","Defend_R","Defend_R","Defend_R","Bash+1","Feed+1","Infernal Blade+1","Headbutt","Pommel Strike","Armaments+1","Bash","Shockwave+1","Metallicize+1","Clothesline","Feed+1","Thunderclap+1","Immolate","Flame Barrier","Shrug It Off","True Grit+1","Shrug It Off","Disarm","Warcry","Impervious"],"relics":["Burning Blood","Orichalcum","Blue Candle","Lizard Tail","Question Card","Kunai"],"potions_floor_usage":[5,8,16,20,22,28],"damage_taken":[{"damage":5,"enemies":"Jaw Worm","floor":1,"turns":4},{"damage":0,"enemies":"2 Louse","floor":2,"turns":2},{"damage":1,"enemies":"Cultist","floor":4,"turns":3},{"damage":0,"enemies":"Looter","floor":5,"turns":2},{"damage":0,"enemies":"Gremlin Nob","floor":8,"turns":3},{"damage":8,"enemies":"Red Slaver","floor":11,"turns":2},{"damage":0,"enemies":"Lots of Slimes","floor":14,"turns":4},{"damage":43,"enemies":"Hexaghost","floor":16,"turns":10},{"damage":2,"enemies":"Chosen","floor":18,"turns":5},{"damage":2,"enemies":"3 Byrds","floor":20,"turns":5},{"damage":31,"enemies":"Centurion and Healer","floor":22,"turns":6},{"damage":5,"enemies":"Snecko","floor":25,"turns":5},{"damage":17,"enemies":"Book of Stabbing","floor":28,"turns":7},{"damage":30,"enemies":"Sentry and Sphere","floor":31,"turns":6},{"damage":125,"enemies":"Champ","floor":33,"turns":28}],"seed_played":"6571783275430728870","potions_obtained":[{"floor":1,"key":"Block Potion"},{"floor":4,"key":"Strength Potion"},{"floor":14,"key":"Weak Potion"},{"floor":18,"key":"AttackPotion"},{"floor":20,"key":"Fire Potion"},{"floor":22,"key":"Fruit Juice"}],"is_trial":false,"path_per_floor":["M","M","?","M","M","R","?","E","T","?","M","$","R","M","R","B",null,"M","?","M","$","M","R","?","M","T","R","E","R","?","M","R","B"],"character_chosen":"IRONCLAD","items_purchased":["Metallicize","Clothesline","Shrug It Off","True Grit"],"campfire_rested":0,"item_purchase_floors":[12,12,21,21],"current_hp_per_floor":[83,86,69,77,86,86,68,78,78,78,80,80,80,90,90,53,104,108,108,112,112,100,100,100,101,101,101,94,94,67,43,43,0],"gold":89,"neow_bonus":"ONE_RANDOM_RARE_CARD","is_prod":false,"is_daily":false,"chose_seed":false,"campfire_upgraded":6,"win_rate":0,"timestamp":1546745559,"path_taken":["M","M","?","M","M","R","?","E","T","?","M","$","R","?","R","BOSS","M","?","?","$","?","R","?","M","T","R","E","R","?","?","R","BOSS"],"build_version":"2019-01-03v4","purchased_purges":2,"victory":false,"max_hp_per_floor":[83,86,86,89,92,92,92,96,96,96,100,100,100,104,104,104,104,108,108,112,112,125,125,125,125,125,125,129,129,134,134,134,134],"card_choices":[{"not_picked":["Evolve","Thunderclap"],"picked":"Infernal Blade","floor":1},{"not_picked":["Havoc","Evolve"],"picked":"Headbutt","floor":2},{"not_picked":["Body Slam","Havoc"],"picked":"Pommel Strike","floor":4},{"not_picked":["Body Slam","Clash","Second Wind"],"picked":"SKIP","floor":5},{"not_picked":["Pummel","Burning Pact"],"picked":"Armaments","floor":8},{"not_picked":["Warcry","Heavy Blade"],"picked":"Shockwave","floor":11},{"not_picked":["True Grit","Searing Blow","Headbutt"],"picked":"SKIP","floor":14},{"not_picked":["Impervious","Barricade"],"picked":"Feed","floor":16},{"not_picked":["True Grit+1","Armaments"],"picked":"Thunderclap+1","floor":18},{"not_picked":["Clash","Iron Wave"],"picked":"Flame Barrier","floor":20},{"not_picked":["Armaments+1","Headbutt"],"picked":"Shrug It Off","floor":22},{"not_picked":["Shrug It Off","Brutality"],"picked":"Warcry","floor":25},{"not_picked":["Carnage","Pommel Strike","Intimidate+1"],"picked":"Impervious","floor":28},{"not_picked":["Headbutt","Body Slam+1","Perfected Strike+1","Flex+1"],"picked":"SKIP","floor":31}],"player_experience":360944,"relics_obtained":[{"floor":8,"key":"Blue Candle"},{"floor":26,"key":"Question Card"},{"floor":28,"key":"Kunai"}],"event_choices":[{"damage_healed":0,"gold_gain":0,"player_choice":"Entered Light","damage_taken":17,"max_hp_gain":0,"max_hp_loss":0,"event_name":"Shining Light","floor":3,"gold_loss":0,"cards_upgraded":["Bash","Infernal Blade"]},{"damage_healed":0,"gold_gain":0,"player_choice":"Success","damage_taken":18,"relics_obtained":["Orichalcum"],"max_hp_gain":0,"max_hp_loss":0,"event_name":"Scrap Ooze","floor":7,"gold_loss":0},{"damage_healed":0,"gold_gain":0,"player_choice":"1 cards matched","damage_taken":0,"max_hp_gain":0,"max_hp_loss":0,"event_name":"Match and Keep!","floor":10,"gold_loss":0,"cards_obtained":["Bash"]},{"damage_healed":0,"gold_gain":0,"player_choice":"1 cards matched","damage_taken":0,"max_hp_gain":0,"max_hp_loss":0,"event_name":"Match and Keep!","floor":19,"gold_loss":0,"cards_obtained":["Immolate"]},{"damage_healed":0,"gold_gain":0,"player_choice":"Read","damage_taken":0,"max_hp_gain":0,"max_hp_loss":0,"event_name":"The Library","floor":24,"gold_loss":0,"cards_obtained":["Disarm"]},{"damage_healed":0,"gold_gain":0,"player_choice":"Shed Blood","damage_taken":32,"max_hp_gain":5,"max_hp_loss":0,"event_name":"Forgotten Altar","floor":30,"gold_loss":0}],"is_beta":false,"boss_relics":[{"not_picked":["Mark of Pain","Tiny House"],"picked":"Lizard Tail"}],"items_purged_floors":[12,21],"is_endless":false,"potions_floor_spawned":[1,4,14,18,20,22],"killed_by":"Champ","ascension_level":0}