{"gold_per_floor":[114,114,131,144,13,13,23,56,56,56,56,87,87,111,111,231,231,250,250,250,250,23,23,53,53,79,104,129,129,44,5,5,5],"floor_reached":33,"playtime":2774,"items_purged":["Injury"],"score":301,"play_id":"965e40a2-be67-4e6e-83ad-8b2325d8aebe","local_time":"20190724180446","is_ascension_mode":true,"campfire_choices":[{"floor":6,"key":"REST"},{"floor":11,"key":"REST"},{"floor":13,"key":"REST"},{"data":"Chill","floor":15,"key":"SMITH"},{"floor":23,"key":"REST"},{"floor":25,"key":"REST"},{"floor":29,"key":"REST"},{"data":"Buffer","floor":32,"key":"SMITH"}],"neow_cost":"NONE","seed_source_timestamp":154957380096745,"circlet_count":0,"master_deck":["Strike_B+1","Strike_B","Strike_B","Strike_B","Defend_B","Defend_B","Defend_B","Defend_B","Zap","Dualcast","Dramatic Entrance+1","Go for the Eyes","Rebound","Chill+1","Rainbow","Tempest","Ball Lightning","Barrage","Recycle","Buffer+1","Darkness+1","Leap","Rip and Tear","Reprogram"],"relics":["Cracked Core","Pocketwatch","Thread and Needle","Bloody Idol","Letter Opener","Inserter","Lantern","Pantograph","Potion Belt","Anchor","Regal Pillow","Oddly Smooth Stone"],"potions_floor_usage":[16,16,24,33,33,33],"damage_taken":[{"damage":11,"enemies":"Jaw Worm","floor":1,"turns":2},{"damage":0,"enemies":"Small Slimes","floor":3,"turns":2},{"damage":0,"enemies":"2 Louse","floor":4,"turns":2},{"damage":3,"enemies":"Looter","floor":7,"turns":3},{"damage":13,"enemies":"Lagavulin","floor":8,"turns":5},{"damage":15,"enemies":"Gremlin Nob","floor":12,"turns":4},{"damage":0,"enemies":"3 Louse","floor":14,"turns":2},{"damage":7,"enemies":"The Guardian","floor":16,"turns":11},{"damage":24,"enemies":"2 Thieves","floor":18,"turns":5},{"damage":44,"enemies":"Slavers","floor":24,"turns":6},{"damage":21,"enemies":"Book of Stabbing","floor":27,"turns":7},{"damage":96,"enemies":"Collector","floor":33,"turns":11}],"seed_played":"-3397915925291237552","potions_obtained":[{"floor":3,"key":"Block Potion"},{"floor":4,"key":"Regen Potion"},{"floor":16,"key":"SteroidPotion"},{"floor":18,"key":"GamblersBrew"},{"floor":24,"key":"Explosive Potion"}],"is_trial":false,"path_per_floor":["M","?","M","M","$","R","M","E","T","?","R","E","R","M","R","B",null,"M","?","?","?","$","R","E","R","T","E","T","R","?","$","R","B"],"character_chosen":"DEFECT","items_purchased":["Rainbow","Fire Potion","Lantern","Reprogram"],"campfire_rested":6,"item_purchase_floors":[5,5,22,31],"current_hp_per_floor":[64,49,49,49,49,71,68,55,55,55,75,60,75,75,75,68,75,51,51,51,51,51,73,34,56,61,45,50,75,75,75,75,0],"gold":5,"neow_bonus":"RANDOM_COLORLESS","is_prod":false,"is_daily":false,"chose_seed":false,"campfire_upgraded":2,"win_rate":0,"timestamp":1564005886,"path_taken":["M","?","M","M","$","R","M","E","T","?","R","E","R","M","R","BOSS","M","?","?","?","$","R","E","R","T","E","?","R","?","$","R","BOSS"],"build_version":"2019-07-17","purchased_purges":1,"victory":false,"max_hp_per_floor":[75,75,75,75,75,75,75,75,75,75,75,75,75,75,75,75,75,75,75,75,75,75,75,75,75,75,75,75,75,75,75,75,75],"card_choices":[{"not_picked":["Steam","Glacier"],"picked":"Go for the Eyes","floor":1},{"not_picked":["Stack","Scrape"],"picked":"Rebound","floor":3},{"not_picked":["Force Field","Defragment"],"picked":"Chill","floor":4},{"not_picked":["Fusion","Hologram"],"picked":"Tempest","floor":7},{"not_picked":["Coolheaded","Sweeping Beam"],"picked":"Ball Lightning","floor":8},{"not_picked":["Skim","Sunder"],"picked":"Barrage","floor":12},{"not_picked":["Biased Cognition","Beam Cell"],"picked":"Recycle","floor":14},{"not_picked":["Fission","Rainbow"],"picked":"Buffer","floor":16},{"not_picked":["Gash","Force Field"],"picked":"Darkness+1","floor":18},{"not_picked":["Creative AI","Chaos"],"picked":"Leap","floor":24},{"not_picked":["Steam","Ball Lightning"],"picked":"Rip and Tear","floor":27}],"player_experience":141055,"relics_obtained":[{"floor":8,"key":"Pocketwatch"},{"floor":9,"key":"Thread and Needle"},{"floor":12,"key":"Letter Opener"},{"floor":24,"key":"Pantograph"},{"floor":26,"key":"Potion Belt"},{"floor":27,"key":"Anchor"},{"floor":28,"key":"Regal Pillow"}],"event_choices":[{"damage_healed":0,"gold_gain":0,"player_choice":"Entered Light","damage_taken":15,"max_hp_gain":0,"max_hp_loss":0,"event_name":"Shining Light","floor":2,"gold_loss":0,"cards_upgraded":["Dramatic Entrance","Strike_B"]},{"damage_healed":0,"gold_gain":0,"player_choice":"Take Wound","damage_taken":0,"relics_obtained":["Golden Idol"],"max_hp_gain":0,"max_hp_loss":0,"event_name":"Golden Idol","floor":10,"gold_loss":0,"cards_obtained":["Injury"]},{"damage_healed":0,"gold_gain":0,"player_choice":"Gave Idol","damage_taken":0,"relics_obtained":["Bloody Idol"],"max_hp_gain":0,"max_hp_loss":0,"event_name":"Forgotten Altar","floor":19,"relics_lost":["Golden Idol"],"gold_loss":0},{"damage_healed":0,"gold_gain":0,"player_choice":"Ignored","damage_taken":0,"max_hp_gain":0,"max_hp_loss":0,"event_name":"Vampires","floor":20,"gold_loss":0},{"damage_healed":0,"gold_gain":0,"player_choice":"Ignored","damage_taken":0,"max_hp_gain":0,"max_hp_loss":0,"event_name":"Beggar","floor":21,"gold_loss":0},{"damage_healed":0,"gold_gain":0,"player_choice":"Obtained Relic","damage_taken":0,"relics_obtained":["Oddly Smooth Stone"],"max_hp_gain":0,"max_hp_loss":0,"event_name":"Addict","floor":30,"gold_loss":85}],"is_beta":false,"boss_relics":[{"not_picked":["Calling Bell","Coffee Dripper"],"picked":"Inserter"}],"items_purged_floors":[22],"is_endless":false,"potions_floor_spawned":[3,4,14,16,18,24],"killed_by":"Collector","ascension_level":1}