{"gold_per_floor":[14,14,14,30,50,93,93,93,93,108,108,128,128,148,148,272,272,296,23,36,36,51,91,109,142,168,68,111,61,86,86,86,205,205,225,241,256,6,6,6,19,19,42,85,160,13,29,45,45,45],"floor_reached":51,"playtime":7685,"items_purged":["Strike_R","Strike_R","Strike_R","Strike_R"],"score":669,"play_id":"83afec51-4602-45a8-a689-8f34d6fec36e","local_time":"20190810014027","is_ascension_mode":false,"campfire_choices":[{"data":"Panacea","floor":7,"key":"SMITH"},{"floor":13,"key":"REST"},{"data":"Jack Of All Trades","floor":15,"key":"SMITH"},{"floor":32,"key":"REST"},{"floor":40,"key":"REST"},{"floor":42,"key":"REST"},{"floor":49,"key":"REST"}],"neow_cost":"NO_GOLD","seed_source_timestamp":140080695038714,"circlet_count":0,"master_deck":["Defend_R","Defend_R","Defend_R+1","Defend_R","Bash","Jack Of All Trades+1","Panacea+1","Shrug It Off","Sword Boomerang","Iron Wave","Thunderclap","Intimidate","Spot Weakness","Reaper","Battle Trance+1","Armaments","Iron Wave+1","Sword Boomerang+1","Carnage","Shrug It Off","Demon Form","Whirlwind","Flex+1","Impervious","Infernal Blade+1","Heavy Blade","Shockwave","Madness","Apotheosis","Entrench+1","Headbutt+1"],"relics":["Burning Blood","Golden Idol","Dodecahedron","Gremlin Horn","Fusion Hammer","Bronze Scales","Enchiridion","Self Forming Clay","Red Mask","Bag of Preparation","Smiling Mask","Philosopher\u0027s Stone","Strange Spoon","War Paint","Oddly Smooth Stone","Pantograph","Red Skull"],"potions_floor_usage":[16,16,18,22,24,33,33,50],"damage_taken":[{"damage":6,"enemies":"Jaw Worm","floor":1,"turns":4},{"damage":0,"enemies":"Small Slimes","floor":4,"turns":4},{"damage":0,"enemies":"Cultist","floor":5,"turns":3},{"damage":57,"enemies":"Gremlin Nob","floor":6,"turns":6},{"damage":6,"enemies":"2 Fungi Beasts","floor":10,"turns":4},{"damage":3,"enemies":"Lots of Slimes","floor":12,"turns":6},{"damage":3,"enemies":"Red Slaver","floor":14,"turns":3},{"damage":19,"enemies":"The Guardian","floor":16,"turns":12},{"damage":30,"enemies":"3 Byrds","floor":18,"turns":5},{"damage":2,"enemies":"Spheric Guardian","floor":20,"turns":5},{"damage":24,"enemies":"Snecko","floor":22,"turns":6},{"damage":47,"enemies":"Gremlin Leader","floor":23,"turns":5},{"damage":0,"enemies":"Shelled Parasite and Fungi","floor":24,"turns":4},{"damage":10,"enemies":"Masked Bandits","floor":25,"turns":4},{"damage":5,"enemies":"Book of Stabbing","floor":28,"turns":5},{"damage":4,"enemies":"Cultist and Chosen","floor":30,"turns":4},{"damage":62,"enemies":"Collector","floor":33,"turns":7},{"damage":5,"enemies":"3 Darklings","floor":35,"turns":3},{"damage":16,"enemies":"3 Shapes","floor":36,"turns":3},{"damage":3,"enemies":"3 Darklings","floor":37,"turns":3},{"damage":8,"enemies":"Sphere and 2 Shapes","floor":41,"turns":3},{"damage":25,"enemies":"Nemesis","floor":44,"turns":5},{"damage":7,"enemies":"Jaw Worm Horde","floor":47,"turns":3},{"damage":15,"enemies":"Maw","floor":48,"turns":7},{"damage":11,"enemies":"Donu and Deca","floor":50,"turns":8}],"seed_played":"1748694093291094699","potions_obtained":[{"floor":4,"key":"SteroidPotion"},{"floor":6,"key":"FearPotion"},{"floor":12,"key":"Swift Potion"},{"floor":16,"key":"Weak Potion"},{"floor":23,"key":"Explosive Potion"},{"floor":24,"key":"SpeedPotion"},{"floor":25,"key":"SteroidPotion"},{"floor":31,"key":"BloodPotion"},{"floor":31,"key":"FairyPotion"},{"floor":37,"key":"SpeedPotion"},{"floor":44,"key":"Strength Potion"},{"floor":47,"key":"Regen Potion"}],"is_trial":false,"path_per_floor":["M","?","$","M","M","E","R","?","T","M","?","M","R","M","R","B",null,"M","$","M","?","M","E","M","?","T","$","E","$","M","?","R","B",null,"M","M","M","$","?","R","M","R","T","E","T","$","M","M","R","B",null],"character_chosen":"IRONCLAD","items_purchased":["Bronze Scales","Armaments","Strange Spoon","Red Skull"],"campfire_rested":5,"item_purchase_floors":[19,19,38,46],"current_hp_per_floor":[80,60,60,66,72,21,21,21,21,21,14,17,41,44,44,31,80,76,76,80,64,52,39,47,55,55,55,56,56,65,65,80,44,80,80,74,77,77,67,80,78,80,80,61,61,61,80,80,80,75],"gold":45,"neow_bonus":"RANDOM_COLORLESS_2","is_prod":false,"is_daily":false,"chose_seed":false,"campfire_upgraded":2,"win_rate":0.0,"timestamp":1565415627,"path_taken":["M","?","$","M","M","E","R","?","T","M","?","M","R","?","R","BOSS","M","$","M","?","M","E","M","?","T","$","E","$","M","?","R","BOSS","M","M","?","$","?","R","M","R","T","E","?","?","M","M","R","BOSS"],"build_version":"2019-07-17","purchased_purges":4,"victory":true,"max_hp_per_floor":[80,80,80,80,80,80,80,80,80,80,80,80,80,80,80,80,80,80,80,80,80,80,80,80,80,80,80,80,80,80,80,80,80,80,80,80,80,80,80,80,80,80,80,80,80,80,80,80,80,80],"card_choices":[{"not_picked":["Cleave","Armaments"],"picked":"Shrug It Off","floor":1},{"not_picked":["Burning Pact","Bloodletting"],"picked":"Sword Boomerang","floor":4},{"not_picked":["Carnage","Perfected Strike"],"picked":"Iron Wave","floor":5},{"not_picked":["Clash","Uppercut"],"picked":"Thunderclap","floor":6},{"not_picked":["Dropkick","Fire Breathing"],"picked":"Intimidate","floor":10},{"not_picked":["Reckless Charge","Shrug It Off"],"picked":"Spot Weakness","floor":12},{"not_picked":["Uppercut","Perfected Strike","Twin Strike"],"picked":"SKIP","floor":14},{"not_picked":["Juggernaut","Impervious"],"picked":"Reaper","floor":16},{"not_picked":["Entrench+1","Body Slam+1"],"picked":"Battle Trance","floor":18},{"not_picked":["Blood for Blood","Cleave"],"picked":"Iron Wave+1","floor":20},{"not_picked":["Armaments","Thunderclap"],"picked":"Sword Boomerang+1","floor":22},{"not_picked":["Sword Boomerang+1","Thunderclap+1"],"picked":"Carnage","floor":23},{"not_picked":["Battle Trance","Fire Breathing+1"],"picked":"Shrug It Off","floor":24},{"not_picked":["Thunderclap+1","True Grit"],"picked":"Demon Form","floor":25},{"not_picked":["Rampage","Warcry"],"picked":"Whirlwind","floor":28},{"not_picked":["Hemokinesis","Body Slam"],"picked":"Flex+1","floor":30},{"not_picked":["Dark Embrace","Brutality"],"picked":"Impervious","floor":33},{"not_picked":["Carnage+1","Ghostly Armor+1"],"picked":"Infernal Blade+1","floor":35},{"not_picked":["Warcry+1","Dropkick"],"picked":"Heavy Blade","floor":36},{"not_picked":["True Grit+1","Thunderclap+1"],"picked":"Shockwave","floor":37},{"not_picked":["Purity","Mind Blast"],"picked":"Madness","floor":39},{"not_picked":["Metamorphosis","Purity"],"picked":"Apotheosis","floor":39},{"not_picked":["Shockwave","Perfected Strike"],"picked":"Entrench+1","floor":41},{"not_picked":["Body Slam+1","Heavy Blade"],"picked":"Headbutt+1","floor":44},{"not_picked":["Heavy Blade+1","Clothesline","Armaments+1"],"picked":"SKIP","floor":47},{"not_picked":["Sword Boomerang","Thunderclap","Pommel Strike+1"],"picked":"SKIP","floor":48}],"player_experience":43156,"relics_obtained":[{"floor":6,"key":"Dodecahedron"},{"floor":9,"key":"Gremlin Horn"},{"floor":21,"key":"Enchiridion"},{"floor":23,"key":"Self Forming Clay"},{"floor":25,"key":"Red Mask"},{"floor":26,"key":"Bag of Preparation"},{"floor":28,"key":"Smiling Mask"},{"floor":43,"key":"War Paint"},{"floor":44,"key":"Oddly Smooth Stone"},{"floor":45,"key":"Pantograph"}],"event_choices":[{"damage_healed":0,"gold_gain":0,"player_choice":"Take Damage","damage_taken":20,"relics_obtained":["Golden Idol"],"max_hp_gain":0,"max_hp_loss":0,"event_name":"Golden Idol","floor":2,"gold_loss":0},{"damage_healed":0,"gold_gain":0,"player_choice":"Ignored","damage_taken":0,"max_hp_gain":0,"max_hp_loss":0,"event_name":"Liars Game","floor":8,"gold_loss":0},{"cards_removed":["Strike_R"],"damage_healed":0,"gold_gain":0,"player_choice":"Card Removal","damage_taken":7,"max_hp_gain":0,"max_hp_loss":0,"event_name":"Golden Wing","floor":11,"gold_loss":0},{"damage_healed":0,"gold_gain":0,"player_choice":"Obtained Book","damage_taken":16,"max_hp_gain":0,"max_hp_loss":0,"event_name":"Cursed Tome","floor":21,"gold_loss":0},{"damage_healed":0,"gold_gain":0,"player_choice":"Fought Bandits","damage_taken":0,"max_hp_gain":0,"max_hp_loss":0,"event_name":"Masked Bandits","floor":25,"gold_loss":0},{"damage_healed":0,"gold_gain":0,"player_choice":"Got Potions","damage_taken":0,"max_hp_gain":0,"max_hp_loss":0,"event_name":"Lab","floor":31,"gold_loss":0},{"damage_healed":0,"gold_gain":0,"player_choice":"Memory 3","damage_taken":10,"max_hp_gain":0,"max_hp_loss":0,"event_name":"SensoryStone","floor":39,"gold_loss":0}],"is_beta":false,"boss_relics":[{"not_picked":["Orrery","Runic Cube"],"picked":"Fusion Hammer"},{"not_picked":["Mark of Pain","Runic Dome"],"picked":"Philosopher\u0027s Stone"}],"items_purged_floors":[19,27,29,38],"is_endless":false,"potions_floor_spawned":[4,6,12,16,23,24,25,37,44,47],"ascension_level":0}