{"gold_per_floor":[11,31,41,41,60,60,87,87,87,87,107,107],"floor_reached":12,"playtime":733,"items_purged":[],"score":88,"play_id":"41b9c001-5b0c-4cc5-b2a4-22dfbfdb9b8e","local_time":"20181108174513","is_ascension_mode":true,"campfire_choices":[{"floor":6,"key":"REST"},{"data":"Dualcast","floor":8,"key":"SMITH"}],"neow_cost":"NO_GOLD","seed_source_timestamp":799848864934698,"circlet_count":0,"master_deck":["Strike_B","Strike_B+1","Strike_B+1","Defend_B","Defend_B","Defend_B","Defend_B","Zap","Dualcast+1","Creative AI","Sunder","White Noise","Regret","Steam","Darkness"],"relics":["Cracked Core","Boot","Sundial","Whetstone"],"potions_floor_usage":[5,11],"damage_taken":[{"damage":0,"enemies":"Small Slimes","floor":1,"turns":4},{"damage":0,"enemies":"2 Louse","floor":2,"turns":2},{"damage":13,"enemies":"Cultist","floor":3,"turns":6},{"damage":20,"enemies":"Exordium Thugs","floor":5,"turns":4},{"damage":39,"enemies":"Lagavulin","floor":7,"turns":7},{"damage":28,"enemies":"Lots of Slimes","floor":11,"turns":6},{"damage":13,"enemies":"Blue Slaver","floor":12,"turns":2}],"seed_played":"2577207715226122567","potions_obtained":[{"floor":1,"key":"Regen Potion"},{"floor":3,"key":"Weak Potion"},{"floor":11,"key":"SteroidPotion"}],"is_trial":false,"path_per_floor":["M","M","M","?","M","R","E","R","T","?","M","M"],"character_chosen":"DEFECT","items_purchased":[],"campfire_rested":1,"item_purchase_floors":[],"current_hp_per_floor":[75,75,62,62,42,64,25,25,25,25,12,0],"gold":107,"neow_bonus":"THREE_RARE_CARDS","is_prod":false,"is_daily":false,"chose_seed":false,"campfire_upgraded":1,"win_rate":0,"timestamp":1541717113,"path_taken":["M","M","M","?","M","R","E","R","T","?","M","M"],"build_version":"2018-11-01","purchased_purges":0,"victory":false,"max_hp_per_floor":[75,75,75,75,75,75,75,75,75,75,75,75],"card_choices":[{"not_picked":["Thunder Strike","Multi-Cast"],"picked":"Creative AI","floor":0},{"not_picked":["Gash","Cold Snap"],"picked":"Sunder","floor":1},{"not_picked":["BootSequence","Barrage"],"picked":"White Noise","floor":2},{"not_picked":["Stack","Reprogram","Scrape"],"picked":"SKIP","floor":3},{"not_picked":["Recycle","Stack","Compile Driver"],"picked":"SKIP","floor":5},{"not_picked":["Creative AI","Leap"],"picked":"Steam","floor":7},{"not_picked":["White Noise","Gash"],"picked":"Darkness","floor":11}],"player_experience":97857,"relics_obtained":[{"floor":7,"key":"Sundial"},{"floor":9,"key":"Whetstone"}],"event_choices":[{"damage_healed":0,"gold_gain":0,"player_choice":"Box","damage_taken":0,"relics_obtained":["Boot"],"max_hp_gain":0,"max_hp_loss":0,"event_name":"Big Fish","floor":4,"gold_loss":0,"cards_obtained":["Regret"]},{"cards_removed":["Strike_B"],"damage_healed":0,"gold_gain":0,"player_choice":"Purged","damage_taken":0,"max_hp_gain":0,"max_hp_loss":0,"event_name":"Purifier","floor":10,"gold_loss":0}],"is_beta":false,"boss_relics":[],"items_purged_floors":[],"is_endless":false,"potions_floor_spawned":[1,3,11],"killed_by":"Blue Slaver","ascension_level":2}