{"gold_per_floor":[114,129,144,159,159,159,109,109,109,147,147,185,204,223,223,348,348,367,5,5,5,5,5,24,24,24,62,62,62,62,81,81,81],"floor_reached":33,"playtime":3006,"items_purged":[],"score":298,"play_id":"d55cd241-1896-4482-a400-c56136fe9616","local_time":"20190913224425","daily_mods":["Specialized","Green Cards","Elite Swarm"],"is_ascension_mode":false,"campfire_choices":[{"floor":6.0,"key":"REST"},{"data":"Body Slam","floor":8.0,"key":"SMITH"},{"data":"Die Die Die","floor":15.0,"key":"SMITH"},{"data":"Secret Weapon","floor":23.0,"key":"SMITH"},{"floor":25.0,"key":"REST"},{"floor":30.0,"key":"REST"},{"data":"Bash","floor":32.0,"key":"SMITH"}],"neow_cost":"","seed_source_timestamp":0,"circlet_count":0,"master_deck":["Strike_R","Strike_R","Strike_R","Defend_R","Defend_R","Defend_R","Defend_R","Bash+1","Shockwave","Shockwave","Shockwave","Shockwave","Carnage","Intimidate","Body Slam+1","Die Die Die+1","Die Die Die+1","Fire Breathing+1","Prepared","Adrenaline","Bloodletting+1","Flechettes+1","Combust+1","Intimidate+1","Secret Weapon+1","Inflame+1","Headbutt","Die Die Die","Storm of Steel","Dual Wield+1"],"special_seed":18152,"relics":["Burning Blood","Golden Idol","Incense Burner","Frozen Egg 2","Juzu Bracelet","Astrolabe","TheAbacus","Orichalcum","Smiling Mask","Boot"],"potions_floor_usage":[],"damage_taken":[{"damage":5.0,"enemies":"Jaw Worm","floor":1.0,"turns":5.0},{"damage":5.0,"enemies":"Small Slimes","floor":2.0,"turns":4.0},{"damage":6.0,"enemies":"Cultist","floor":3.0,"turns":4.0},{"damage":8.0,"enemies":"Blue Slaver","floor":4.0,"turns":3.0},{"damage":26.0,"enemies":"Gremlin Nob","floor":10.0,"turns":5.0},{"damage":9.0,"enemies":"3 Sentries","floor":12.0,"turns":6.0},{"damage":3.0,"enemies":"Lots of Slimes","floor":13.0,"turns":3.0},{"damage":1.0,"enemies":"Gremlin Gang","floor":14.0,"turns":3.0},{"damage":64.0,"enemies":"Slime Boss","floor":16.0,"turns":11.0},{"damage":2.0,"enemies":"Shell Parasite","floor":18.0,"turns":3.0},{"damage":21.0,"enemies":"Spheric Guardian","floor":24.0,"turns":4.0},{"damage":44.0,"enemies":"Gremlin Leader","floor":27.0,"turns":6.0},{"damage":6.0,"enemies":"Cultist and Chosen","floor":31.0,"turns":6.0},{"damage":71,"enemies":"Automaton","floor":33,"turns":8}],"seed_played":"5230052071374888403","potions_obtained":[{"floor":3.0,"key":"BloodPotion"},{"floor":4.0,"key":"EssenceOfSteel"},{"floor":10.0,"key":"SkillPotion"},{"floor":12.0,"key":"Energy Potion"},{"floor":24.0,"key":"SpeedPotion"},{"floor":31.0,"key":"Fruit Juice"}],"is_trial":false,"path_per_floor":["M","M","M","M","?","R","?","R","T","E","?","E","M","M","R","B",null,"M","$","$","?","?","R","M","R","T","E","?","T","R","M","R","B"],"character_chosen":"IRONCLAD","items_purchased":["TheAbacus","Secret Weapon"],"campfire_rested":3,"item_purchase_floors":[19,19],"current_hp_per_floor":[80,80,80,78,58,80,80,80,80,60,60,77,80,80,80,22,80,80,80,80,80,80,80,65,80,80,42,42,42,66,71,71,0],"gold":81,"neow_bonus":"","is_prod":false,"is_daily":true,"chose_seed":false,"campfire_upgraded":4,"win_rate":0.0,"timestamp":1568439865,"path_taken":["M","M","M","M","?","R","?","R","T","E","?","E","M","M","R","BOSS","M","?","$","?","?","R","M","R","T","E","?","?","R","M","R","BOSS"],"build_version":"2019-07-17","purchased_purges":0,"victory":false,"max_hp_per_floor":[80,80,80,80,80,80,80,80,80,80,80,80,80,80,80,80,80,80,80,80,80,80,80,80,80,80,80,80,80,80,85,85,85],"card_choices":[{"not_picked":["Clash","Feel No Pain"],"picked":"Carnage","floor":1.0},{"not_picked":["Dodge and Roll","Skewer"],"picked":"Intimidate","floor":2.0},{"not_picked":["Whirlwind","Eviscerate"],"picked":"Body Slam","floor":3.0},{"not_picked":["Wild Strike","Havoc"],"picked":"PiercingWail","floor":4.0},{"not_picked":["Storm of Steel","Bludgeon"],"picked":"Die Die Die","floor":10.0},{"not_picked":["Bludgeon","Immolate"],"picked":"Die Die Die","floor":12.0},{"not_picked":["Acrobatics","Backflip"],"picked":"Fire Breathing+1","floor":13.0},{"not_picked":["Outmaneuver","Leg Sweep"],"picked":"Prepared","floor":14.0},{"not_picked":["Offering","Unload"],"picked":"Adrenaline","floor":16.0},{"not_picked":["Battle Trance","Setup"],"picked":"Intimidate+1","floor":18.0},{"not_picked":["Heel Hook","Heavy Blade"],"picked":"Headbutt","floor":24.0},{"not_picked":["Doppelganger","Glass Knife"],"picked":"Die Die Die","floor":27.0},{"not_picked":["Cleave+1","Shrug It Off"],"picked":"Dual Wield+1","floor":31.0}],"player_experience":16381,"relics_obtained":[{"floor":9.0,"key":"Incense Burner"},{"floor":10.0,"key":"Frozen Egg 2"},{"floor":12.0,"key":"Juzu Bracelet"},{"floor":26.0,"key":"Orichalcum"},{"floor":27.0,"key":"Smiling Mask"},{"floor":29.0,"key":"Boot"}],"event_choices":[{"damage_healed":0.0,"max_hp_gain":0.0,"max_hp_loss":0.0,"gold_gain":0.0,"event_name":"Golden Idol","player_choice":"Take Damage","floor":5.0,"gold_loss":0.0,"damage_taken":20.0,"relics_obtained":["Golden Idol"]},{"cards_removed":["Strike_R"],"damage_healed":0.0,"max_hp_gain":0.0,"max_hp_loss":0.0,"gold_gain":0.0,"event_name":"The Cleric","player_choice":"Card Removal","floor":7.0,"gold_loss":50.0,"damage_taken":0.0},{"damage_healed":0.0,"max_hp_gain":0.0,"max_hp_loss":0.0,"gold_gain":0.0,"event_name":"Accursed Blacksmith","player_choice":"Forge","floor":11.0,"gold_loss":0.0,"damage_taken":0.0,"cards_upgraded":["Die Die Die"]},{"damage_healed":0.0,"max_hp_gain":0.0,"max_hp_loss":0.0,"gold_gain":0.0,"event_name":"Match and Keep!","player_choice":"2 cards matched","floor":21.0,"gold_loss":0.0,"damage_taken":0.0,"cards_obtained":["Inflame","Brutality"]},{"damage_healed":0.0,"max_hp_gain":0.0,"max_hp_loss":0.0,"gold_gain":0.0,"event_name":"WeMeetAgain","player_choice":"Ignored","floor":22.0,"gold_loss":0.0,"damage_taken":0.0},{"damage_healed":0.0,"max_hp_gain":0.0,"max_hp_loss":0.0,"gold_gain":0.0,"cards_transformed":["Brutality"],"event_name":"Transmorgrifier","player_choice":"Transformed","floor":28.0,"gold_loss":0.0,"damage_taken":0.0,"cards_obtained":["Storm of Steel"]}],"is_beta":false,"boss_relics":[{"not_picked":["Runic Cube","Calling Bell"],"picked":"Astrolabe"}],"items_purged_floors":[],"is_endless":false,"potions_floor_spawned":[3,4,10,12,24,31],"killed_by":"Automaton","ascension_level":0}