{"gold_per_floor":[119,119,219,229,241,271,27,27,27,27,38,38,56,81,81,177,177,192,192,291,291,323,323,355,372,372,372,392,409,409,437,437,537,537,555,571,671,671,685,685,720,720,720,720,735,735,189,200,200,200,200,200,18,44,44],"floor_reached":56,"playtime":6415,"items_purged":["Strike_R","Normality"],"score":1836,"play_id":"53b95348-b083-4a56-a886-b7e92f783c71","local_time":"20190109155055","is_ascension_mode":true,"campfire_choices":[{"data":"True Grit","floor":8.0,"key":"SMITH"},{"data":"Body Slam","floor":10.0,"key":"SMITH"},{"floor":12.0,"key":"REST"},{"data":"Armaments","floor":15.0,"key":"SMITH"},{"data":"Body Slam","floor":23.0,"key":"SMITH"},{"data":"Armaments","floor":30.0,"key":"SMITH"},{"floor":32.0,"key":"RECALL"},{"data":"Juggernaut","floor":40.0,"key":"SMITH"},{"data":"Feel No Pain","floor":46.0,"key":"SMITH"},{"data":"Feel No Pain","floor":49.0,"key":"SMITH"},{"data":"Fiend Fire","floor":52,"key":"SMITH"}],"neow_cost":"TEN_PERCENT_HP_LOSS","seed_source_timestamp":0,"circlet_count":0,"master_deck":["AscendersBane","Strike_R","Defend_R","Defend_R","Defend_R","Bash","Exhume+1","Body Slam+1","True Grit+1","Iron Wave","Body Slam+1","Feel No Pain+1","Intimidate","Wild Strike","Armaments+1","Flame Barrier","Corruption","Fiend Fire+1","Disarm","Uppercut","Flame Barrier+1","Warcry+1","Sentinel+1","True Grit","Armaments+1","Infernal Blade","Power Through+1","Feel No Pain+1","Juggernaut+1","Whirlwind+1","Body Slam+1","Fiend Fire","Shame","Shockwave"],"special_seed":0,"relics":["Burning Blood","Dead Branch","Gambling Chip","Dodecahedron","Cursed Key","Red Mask","Prayer Wheel","War Paint","Lizard Tail","Ice Cream","PreservedInsect","Shuriken","FossilizedHelix","Lantern","Bottled Flame"],"potions_floor_usage":[55,55],"damage_taken":[{"damage":18.0,"enemies":"Jaw Worm","floor":1.0,"turns":4.0},{"damage":3.0,"enemies":"Small Slimes","floor":4.0,"turns":4.0},{"damage":4.0,"enemies":"Cultist","floor":5.0,"turns":4.0},{"damage":40.0,"enemies":"3 Sentries","floor":6.0,"turns":14.0},{"damage":9.0,"enemies":"Looter","floor":11.0,"turns":3.0},{"damage":0.0,"enemies":"2 Fungi Beasts","floor":13.0,"turns":4.0},{"damage":13.0,"enemies":"Gremlin Nob","floor":14.0,"turns":4.0},{"damage":22.0,"enemies":"Slime Boss","floor":16.0,"turns":12.0},{"damage":4.0,"enemies":"Chosen","floor":18.0,"turns":5.0},{"damage":0.0,"enemies":"Masked Bandits","floor":22.0,"turns":2.0},{"damage":14.0,"enemies":"Book of Stabbing","floor":24.0,"turns":4.0},{"damage":0.0,"enemies":"3 Byrds","floor":25.0,"turns":5.0},{"damage":0.0,"enemies":"Snecko","floor":28.0,"turns":4.0},{"damage":0.0,"enemies":"Snake Plant","floor":29.0,"turns":5.0},{"damage":3.0,"enemies":"Gremlin Leader","floor":31.0,"turns":4.0},{"damage":0.0,"enemies":"Automaton","floor":33.0,"turns":4.0},{"damage":0.0,"enemies":"Orb Walker","floor":35.0,"turns":2.0},{"damage":0.0,"enemies":"3 Shapes","floor":36.0,"turns":3.0},{"damage":3.0,"enemies":"Mind Bloom Boss Battle","floor":37.0,"turns":3.0},{"damage":0.0,"enemies":"Spire Growth","floor":39.0,"turns":3.0},{"damage":0.0,"enemies":"Giant Head","floor":41.0,"turns":4.0},{"damage":0.0,"enemies":"Transient","floor":45.0,"turns":5.0},{"damage":0.0,"enemies":"Sphere and 2 Shapes","floor":48.0,"turns":4.0},{"damage":25.0,"enemies":"Awakened One","floor":50.0,"turns":9.0},{"damage":8,"enemies":"Shield and Spear","floor":54,"turns":4},{"damage":37,"enemies":"The Heart","floor":55,"turns":8}],"seed_played":"2734520894576834350","potions_obtained":[{"floor":5.0,"key":"Fire Potion"},{"floor":11.0,"key":"FearPotion"},{"floor":14.0,"key":"SpeedPotion"},{"floor":16.0,"key":"EssenceOfSteel"},{"floor":18.0,"key":"Poison Potion"},{"floor":25.0,"key":"EssenceOfSteel"},{"floor":31.0,"key":"Block Potion"},{"floor":35.0,"key":"Explosive Potion"},{"floor":37.0,"key":"SteroidPotion"},{"floor":44.0,"key":"SpeedPotion"}],"is_trial":false,"path_per_floor":["M","?","?","M","M","E","$","R","T","R","M","R","M","E","R","B",null,"M","?","?","?","?","R","E","M","T","?","M","M","R","E","R","B",null,"M","M","?","?","M","R","E","?","T","?","M","R","$","M","R","B",null,"R","$","E","B",null],"character_chosen":"IRONCLAD","items_purchased":["Feel No Pain","Intimidate","Wild Strike","FossilizedHelix","Lantern","Shockwave","SpeedPotion","Block Potion"],"campfire_rested":1,"item_purchase_floors":[7,7,7,47,47,53,53,53],"current_hp_per_floor":[60,60,60,63,65,31,31,31,31,31,28,49,55,48,48,32,62,64,64,64,64,70,70,62,68,68,55,61,67,67,70,70,76,77,77,77,77,77,77,77,77,77,77,77,77,77,77,77,77,58,72,72,72,70,39],"gold":44,"neow_bonus":"TRANSFORM_TWO_CARDS","is_prod":false,"is_daily":false,"chose_seed":false,"campfire_upgraded":9,"win_rate":0,"timestamp":1547077855,"path_taken":["M","?","?","M","?","E","$","R","T","R","M","R","M","E","R","BOSS","M","?","?","?","?","R","E","M","T","?","M","M","R","E","R","BOSS","M","M","?","?","M","R","E","?","T","?","M","R","$","M","R","BOSS","R","$","E","BOSS"],"build_version":"2019-01-03v4","purchased_purges":2,"victory":true,"max_hp_per_floor":[72,72,72,72,72,72,72,72,72,72,72,72,72,72,72,72,72,72,72,72,72,72,72,72,72,72,77,77,77,77,77,77,77,77,77,77,77,77,77,77,77,77,77,77,77,77,77,77,77,77,77,77,77,77,77],"card_choices":[{"not_picked":["Perfected Strike","Combust"],"picked":"Body Slam","floor":1.0},{"not_picked":["Inflame","Clothesline"],"picked":"True Grit","floor":4.0},{"not_picked":["Rampage","Havoc"],"picked":"Iron Wave","floor":5.0},{"not_picked":["Warcry","Bludgeon"],"picked":"Body Slam","floor":6.0},{"not_picked":["Shockwave","Clothesline"],"picked":"Armaments","floor":11.0},{"not_picked":["Wild Strike","True Grit"],"picked":"Flame Barrier","floor":13.0},{"not_picked":["Thunderclap","Havoc"],"picked":"Corruption","floor":14.0},{"not_picked":["Reaper","Feed"],"picked":"Fiend Fire","floor":16.0},{"not_picked":["Searing Blow+1","Heavy Blade","Sword Boomerang"],"picked":"SKIP","floor":18.0},{"not_picked":["Dual Wield","Dark Embrace","Warcry"],"picked":"SKIP","floor":24.0},{"not_picked":["Twin Strike","Dropkick"],"picked":"Warcry+1","floor":25.0},{"not_picked":["Body Slam","Clothesline"],"picked":"Sentinel+1","floor":25.0},{"not_picked":["Clash","Sword Boomerang"],"picked":"True Grit","floor":28.0},{"not_picked":["Burning Pact+1","Warcry"],"picked":"Armaments","floor":28.0},{"not_picked":["Twin Strike","Cleave+1"],"picked":"Infernal Blade","floor":29.0},{"not_picked":["True Grit","Wild Strike"],"picked":"Power Through+1","floor":29.0},{"not_picked":["Iron Wave","Spot Weakness"],"picked":"Feel No Pain","floor":31.0},{"not_picked":["Exhume","Dark Embrace"],"picked":"Juggernaut","floor":33.0},{"not_picked":["Havoc+1","Twin Strike+1","Iron Wave+1"],"picked":"SKIP","floor":35.0},{"not_picked":["Bloodletting+1","Havoc","Clothesline+1"],"picked":"SKIP","floor":35.0},{"not_picked":["Pommel Strike","Thunderclap+1","Wild Strike"],"picked":"SKIP","floor":36.0},{"not_picked":["Warcry+1","Blood for Blood","Flame Barrier"],"picked":"SKIP","floor":36.0},{"not_picked":["Twin Strike","Armaments"],"picked":"Whirlwind+1","floor":37.0},{"not_picked":["Sword Boomerang","True Grit+1"],"picked":"Body Slam+1","floor":39.0},{"not_picked":["Sever Soul+1","Brutality","Thunderclap+1"],"picked":"SKIP","floor":39.0},{"not_picked":["Sword Boomerang","Warcry"],"picked":"Fiend Fire","floor":41.0},{"not_picked":["Warcry+1","Flex","Flame Barrier"],"picked":"SKIP","floor":45.0},{"not_picked":["Wild Strike+1","Headbutt+1","Anger+1"],"picked":"SKIP","floor":45.0},{"not_picked":["Warcry+1","Sever Soul","Twin Strike+1"],"picked":"SKIP","floor":48.0},{"not_picked":["Sword Boomerang","Headbutt+1","Havoc+1"],"picked":"SKIP","floor":48.0},{"not_picked":["Reckless Charge+1","Burning Pact+1","Thunderclap+1"],"picked":"SKIP","floor":54}],"player_experience":408597,"relics_obtained":[{"floor":6.0,"key":"Dead Branch"},{"floor":9.0,"key":"Gambling Chip"},{"floor":14.0,"key":"Dodecahedron"},{"floor":22.0,"key":"Red Mask"},{"floor":24.0,"key":"Prayer Wheel"},{"floor":31.0,"key":"War Paint"},{"floor":37.0,"key":"Ice Cream"},{"floor":41.0,"key":"PreservedInsect"},{"floor":43.0,"key":"Shuriken"},{"floor":54,"key":"Bottled Flame"}],"event_choices":[{"damage_healed":0.0,"max_hp_gain":0.0,"max_hp_loss":0.0,"gold_gain":0.0,"event_name":"Liars Game","player_choice":"Ignored","floor":2.0,"gold_loss":0.0,"damage_taken":0.0},{"damage_healed":0.0,"max_hp_gain":0.0,"max_hp_loss":0.0,"gold_gain":100.0,"event_name":"Wheel of Change","player_choice":"Gold","floor":3.0,"gold_loss":0.0,"damage_taken":0.0},{"damage_healed":0.0,"max_hp_gain":0.0,"max_hp_loss":0.0,"gold_gain":0.0,"cards_transformed":["Strike_R","Strike_R"],"event_name":"Drug Dealer","player_choice":"Became Test Subject","floor":19.0,"gold_loss":0.0,"damage_taken":0.0,"cards_obtained":["Disarm","Uppercut"]},{"damage_healed":0.0,"max_hp_gain":0.0,"max_hp_loss":0.0,"gold_gain":99.0,"event_name":"Nest","player_choice":"Stole From Cult","floor":20.0,"gold_loss":0.0,"damage_taken":0.0},{"damage_healed":0.0,"max_hp_gain":0.0,"max_hp_loss":0.0,"gold_gain":0.0,"event_name":"The Library","player_choice":"Read","floor":21.0,"gold_loss":0.0,"damage_taken":0.0,"cards_obtained":["Flame Barrier"]},{"damage_healed":0.0,"max_hp_gain":0.0,"max_hp_loss":0.0,"gold_gain":0.0,"event_name":"Masked Bandits","player_choice":"Fought Bandits","floor":22.0,"gold_loss":0.0,"damage_taken":0.0},{"damage_healed":0.0,"max_hp_gain":5.0,"max_hp_loss":0.0,"gold_gain":0.0,"event_name":"Forgotten Altar","player_choice":"Shed Blood","floor":27.0,"gold_loss":0.0,"damage_taken":18.0},{"damage_healed":0.0,"max_hp_gain":0.0,"max_hp_loss":0.0,"gold_gain":0.0,"event_name":"MindBloom","player_choice":"Fight","floor":37.0,"gold_loss":0.0,"damage_taken":0.0},{"damage_healed":0.0,"max_hp_gain":0.0,"max_hp_loss":0.0,"gold_gain":0.0,"event_name":"SensoryStone","player_choice":"Memory 1","floor":38.0,"gold_loss":0.0,"damage_taken":0.0},{"cards_removed":["Evolve"],"damage_healed":0.0,"max_hp_gain":0.0,"max_hp_loss":0.0,"gold_gain":0.0,"event_name":"Falling","player_choice":"Removed Power","floor":42.0,"gold_loss":0.0,"damage_taken":0.0},{"damage_healed":0.0,"max_hp_gain":0.0,"max_hp_loss":0.0,"gold_gain":0.0,"event_name":"Lab","player_choice":"Got Potions","floor":44.0,"gold_loss":0.0,"damage_taken":0.0}],"is_beta":false,"boss_relics":[{"not_picked":["Busted Crown","Runic Pyramid"],"picked":"Cursed Key"},{"not_picked":["Astrolabe","Sozu"],"picked":"Lizard Tail"}],"items_purged_floors":[7,47],"is_endless":false,"potions_floor_spawned":[5,11,14,16,18,25,29,31,35,37,41],"ascension_level":11}