{"gold_per_floor":[116,131,148,158,158,158,187,187,187,39,67,15,15,32,32,133,133,145,161,161,177,196,196,230,230,253,281,281,312,412,432,432,432],"floor_reached":33,"playtime":2554,"items_purged":[],"score":391,"play_id":"ebb34750-408d-4711-b9df-d86a119aee2b","local_time":"20181122235521","is_ascension_mode":true,"campfire_choices":[{"data":"1","floor":6,"key":"LIFT"},{"data":"2","floor":8,"key":"LIFT"},{"data":"3","floor":13,"key":"LIFT"},{"data":"Bash","floor":15,"key":"SMITH"},{"data":"Heavy Blade","floor":23,"key":"SMITH"},{"floor":25,"key":"REST"},{"floor":28,"key":"REST"},{"data":"Double Tap","floor":32,"key":"SMITH"}],"neow_cost":"TEN_PERCENT_HP_LOSS","seed_source_timestamp":82982964875871,"circlet_count":0,"master_deck":["Strike_R","Strike_R","Strike_R","Strike_R","Strike_R","Defend_R","Defend_R","Defend_R","Defend_R","Bash+1","Disarm","Inflame","Heavy Blade+1","Limit Break+1","Flex","Heavy Blade","Metallicize","Double Tap+1","Headbutt","Inflame","Seeing Red","Flex","Ghostly Armor","Shrug It Off","Heavy Blade+1"],"relics":["Burning Blood","Girya","Question Card","Bottled Flame","Vajra","Darkstone Periapt","Velvet Choker","Enchiridion","Shuriken","Strawberry","Orichalcum","Pen Nib"],"potions_floor_usage":[4,14,16,21,27,29,33],"damage_taken":[{"damage":9,"enemies":"Jaw Worm","floor":1,"turns":6},{"damage":9,"enemies":"Small Slimes","floor":2,"turns":4},{"damage":3,"enemies":"Cultist","floor":3,"turns":4},{"damage":5,"enemies":"Looter","floor":4,"turns":4},{"damage":15,"enemies":"Gremlin Nob","floor":7,"turns":4},{"damage":15,"enemies":"3 Sentries","floor":11,"turns":4},{"damage":5,"enemies":"Lots of Slimes","floor":14,"turns":5},{"damage":18,"enemies":"Hexaghost","floor":16,"turns":6},{"damage":15,"enemies":"Shell Parasite","floor":18,"turns":3},{"damage":5,"enemies":"Chosen","floor":19,"turns":3},{"damage":11,"enemies":"Snake Plant","floor":21,"turns":3},{"damage":0,"enemies":"Centurion and Healer","floor":22,"turns":3},{"damage":24,"enemies":"Book of Stabbing","floor":24,"turns":3},{"damage":26,"enemies":"Slavers","floor":27,"turns":4},{"damage":14,"enemies":"Gremlin Leader","floor":29,"turns":4},{"damage":0,"enemies":"Snecko","floor":31,"turns":2},{"damage":61,"enemies":"Automaton","floor":33,"turns":6}],"seed_played":"-5496750219008960426","potions_obtained":[{"floor":2,"key":"AttackPotion"},{"floor":14,"key":"SpeedPotion"},{"floor":16,"key":"Explosive Potion"},{"floor":19,"key":"Weak Potion"},{"floor":21,"key":"Swift Potion"},{"floor":31,"key":"SteroidPotion"}],"is_trial":false,"path_per_floor":["M","M","M","M","?","R","E","R","T","$","E","$","R","M","R","B",null,"M","M","?","M","M","R","E","R","T","E","R","E","?","M","R","B"],"character_chosen":"IRONCLAD","items_purchased":["Vajra","Swift Potion"],"campfire_rested":2,"item_purchase_floors":[10,12],"current_hp_per_floor":[69,66,69,70,70,70,61,61,61,61,52,52,52,53,53,41,72,63,64,48,43,49,49,31,52,59,39,62,54,54,60,60,0],"gold":432,"neow_bonus":"ONE_RARE_RELIC","is_prod":false,"is_daily":false,"chose_seed":false,"campfire_upgraded":3,"win_rate":0,"timestamp":1542959721,"path_taken":["M","M","M","M","?","R","E","R","T","$","E","$","R","M","R","BOSS","M","M","?","M","M","R","E","R","T","E","R","E","?","?","R","BOSS"],"build_version":"2018-11-15","purchased_purges":0,"victory":false,"max_hp_per_floor":[72,72,72,72,72,72,72,72,72,72,72,72,72,72,72,72,72,72,72,72,72,72,72,72,72,79,79,79,79,79,79,79,79],"card_choices":[{"not_picked":["True Grit","Anger"],"picked":"Disarm","floor":1},{"not_picked":["Thunderclap","Flex"],"picked":"Inflame","floor":2},{"not_picked":["Flex","Fire Breathing"],"picked":"Heavy Blade","floor":3},{"not_picked":["Inflame","Ghostly Armor"],"picked":"Limit Break","floor":4},{"not_picked":["Sentinel","Clothesline"],"picked":"Flex","floor":7},{"not_picked":["Clash","Burning Pact","Bloodletting"],"picked":"Heavy Blade","floor":11},{"not_picked":["Sever Soul","Thunderclap","True Grit"],"picked":"Metallicize","floor":14},{"not_picked":["Exhume","Immolate","Juggernaut"],"picked":"Double Tap","floor":16},{"not_picked":["Pommel Strike","Sword Boomerang","Anger"],"picked":"Headbutt","floor":18},{"not_picked":["Heavy Blade","Twin Strike","Pommel Strike+1"],"picked":"Inflame","floor":19},{"not_picked":["Perfected Strike","Brutality","Rupture"],"picked":"Seeing Red","floor":21},{"not_picked":["Anger","Sword Boomerang+1","Battle Trance"],"picked":"Flex","floor":22},{"not_picked":["Evolve+1","Battle Trance","Thunderclap"],"picked":"Ghostly Armor","floor":24},{"not_picked":["Twin Strike","Power Through","Fire Breathing"],"picked":"Shrug It Off","floor":27},{"not_picked":["Sword Boomerang","Warcry","Cleave","Clash"],"picked":"SKIP","floor":29},{"not_picked":["Shrug It Off","Anger","Barricade"],"picked":"Heavy Blade+1","floor":31}],"player_experience":96130,"relics_obtained":[{"floor":7,"key":"Question Card"},{"floor":9,"key":"Bottled Flame"},{"floor":11,"key":"Darkstone Periapt"},{"floor":20,"key":"Enchiridion"},{"floor":24,"key":"Shuriken"},{"floor":26,"key":"Strawberry"},{"floor":27,"key":"Orichalcum"},{"floor":29,"key":"Pen Nib"}],"event_choices":[{"damage_healed":0,"gold_gain":0,"player_choice":"Grow","damage_taken":0,"max_hp_gain":0,"max_hp_loss":0,"event_name":"Living Wall","floor":5,"gold_loss":0,"cards_upgraded":["Limit Break"]},{"damage_healed":0,"gold_gain":0,"player_choice":"Obtained Book","damage_taken":16,"max_hp_gain":0,"max_hp_loss":0,"event_name":"Cursed Tome","floor":20,"gold_loss":0},{"damage_healed":0,"gold_gain":100,"player_choice":"Pray","damage_taken":0,"max_hp_gain":0,"max_hp_loss":0,"event_name":"Golden Shrine","floor":30,"gold_loss":0}],"is_beta":false,"boss_relics":[{"not_picked":["Snecko Eye","Black Blood"],"picked":"Velvet Choker"}],"items_purged_floors":[],"is_endless":false,"potions_floor_spawned":[2,14,16,19,21,31],"killed_by":"Automaton","ascension_level":3}