{"gold_per_floor":[118,131,131,9,9,9,42,42,42,59,84,96,96,106,106,210,210,228,243,17,28,28,54,54,54,54,72,72,72,87,105,105,105],"floor_reached":33,"playtime":2521,"items_purged":["Strike_R"],"score":372,"play_id":"7fd97353-f195-440c-b1a1-5d59d5a6c236","local_time":"20181109170956","is_ascension_mode":true,"campfire_choices":[{"data":"Seeing Red","floor":6,"key":"SMITH"},{"data":"Corruption","floor":8,"key":"SMITH"},{"data":"1","floor":13,"key":"LIFT"},{"data":"Clothesline","floor":15,"key":"SMITH"},{"floor":24,"key":"REST"},{"data":"2","floor":29,"key":"LIFT"},{"floor":32,"key":"REST"}],"neow_cost":"NONE","seed_source_timestamp":882345467035720,"circlet_count":0,"master_deck":["Strike_R+1","Strike_R","Defend_R+1","Defend_R","Defend_R","Bash+1","Heavy Blade","Seeing Red+1","Corruption+1","Pommel Strike","Armaments","Clothesline+1","Heavy Blade","Offering","Sever Soul+1","Sentinel+1","Disarm+1","True Grit","Shrug It Off","Feed","Flame Barrier","Ghostly","Ghostly","Ghostly","Ghostly","Ghostly","Battle Trance"],"relics":["Burning Blood","NeowsBlessing","Lantern","Oddly Smooth Stone","Girya","Astrolabe","Potion Belt","Peace Pipe"],"potions_floor_usage":[11,18,23,31],"damage_taken":[{"damage":0,"enemies":"Cultist","floor":1,"turns":1},{"damage":0,"enemies":"Small Slimes","floor":2,"turns":1},{"damage":0,"enemies":"Lagavulin","floor":7,"turns":1},{"damage":1,"enemies":"Jaw Worm","floor":10,"turns":3},{"damage":27,"enemies":"Gremlin Nob","floor":11,"turns":4},{"damage":0,"enemies":"Exordium Thugs","floor":12,"turns":4},{"damage":2,"enemies":"Exordium Wildlife","floor":14,"turns":3},{"damage":42,"enemies":"Slime Boss","floor":16,"turns":11},{"damage":6,"enemies":"Chosen","floor":18,"turns":3},{"damage":0,"enemies":"Shell Parasite","floor":19,"turns":4},{"damage":3,"enemies":"Snecko","floor":21,"turns":6},{"damage":39,"enemies":"Slavers","floor":23,"turns":12},{"damage":8,"enemies":"Centurion and Healer","floor":27,"turns":5},{"damage":12,"enemies":"3 Cultists","floor":30,"turns":7},{"damage":1,"enemies":"Shelled Parasite and Fungi","floor":31,"turns":7},{"damage":48,"enemies":"Automaton","floor":33,"turns":6}],"seed_played":"-2374165596975693177","potions_obtained":[{"floor":7,"key":"SpeedPotion"},{"floor":14,"key":"Energy Potion"},{"floor":16,"key":"PowerPotion"},{"floor":18,"key":"Fruit Juice"},{"floor":30,"key":"Poison Potion"}],"is_trial":false,"path_per_floor":["M","M","?","$","?","R","E","R","T","M","E","M","R","M","R","B",null,"M","M","$","M","?","E","R","?","T","M","?","R","M","M","R","B"],"character_chosen":"IRONCLAD","items_purchased":["Seeing Red","Swift Potion","Feed"],"campfire_rested":2,"item_purchase_floors":[4,4,20],"current_hp_per_floor":[80,80,64,64,64,64,70,70,70,75,54,60,60,64,64,28,80,85,85,85,85,42,13,26,26,26,27,23,23,20,29,45,0],"gold":105,"neow_bonus":"THREE_ENEMY_KILL","is_prod":false,"is_daily":false,"chose_seed":false,"campfire_upgraded":3,"win_rate":0,"timestamp":1541801396,"path_taken":["M","?","?","$","?","R","E","R","T","M","E","?","R","M","R","BOSS","M","M","$","M","?","E","R","?","T","M","?","R","?","M","R","BOSS"],"build_version":"2018-11-08","purchased_purges":1,"victory":false,"max_hp_per_floor":[80,80,80,80,80,80,80,80,80,80,80,80,80,80,80,80,80,85,85,85,85,42,46,46,46,46,49,49,49,52,56,56,56],"card_choices":[{"not_picked":["Wild Strike","Havoc"],"picked":"Heavy Blade","floor":1},{"not_picked":["Havoc","Intimidate","Heavy Blade"],"picked":"SKIP","floor":2},{"not_picked":["Twin Strike","Hemokinesis"],"picked":"Corruption","floor":7},{"not_picked":["Heavy Blade","Body Slam"],"picked":"Pommel Strike","floor":10},{"not_picked":["Bloodletting","Warcry"],"picked":"Armaments","floor":11},{"not_picked":["Fire Breathing","Perfected Strike"],"picked":"Clothesline","floor":12},{"not_picked":["Seeing Red","Sword Boomerang"],"picked":"Heavy Blade","floor":14},{"not_picked":["Reaper","Feed"],"picked":"Offering","floor":16},{"not_picked":["Second Wind+1","Twin Strike"],"picked":"True Grit","floor":18},{"not_picked":["Pommel Strike+1","Power Through"],"picked":"Shrug It Off","floor":19},{"not_picked":["Perfected Strike","Twin Strike"],"picked":"Flame Barrier","floor":21},{"not_picked":["Clash+1","Armaments","Second Wind"],"picked":"SKIP","floor":23},{"not_picked":["Perfected Strike","Body Slam","Searing Blow"],"picked":"SKIP","floor":27},{"not_picked":["Twin Strike","Havoc","Clothesline"],"picked":"SKIP","floor":30},{"not_picked":["Pommel Strike","Sword Boomerang","Reckless Charge"],"picked":"SKIP","floor":31}],"player_experience":114298,"relics_obtained":[{"floor":7,"key":"Lantern"},{"floor":9,"key":"Oddly Smooth Stone"},{"floor":11,"key":"Girya"},{"floor":23,"key":"Potion Belt"},{"floor":26,"key":"Peace Pipe"}],"event_choices":[{"damage_healed":0,"gold_gain":0,"player_choice":"Entered Light","damage_taken":16,"max_hp_gain":0,"max_hp_loss":0,"event_name":"Shining Light","floor":3,"gold_loss":0,"cards_upgraded":["Defend_R","Strike_R"]},{"damage_healed":0,"gold_gain":0,"player_choice":"Forge","damage_taken":0,"max_hp_gain":0,"max_hp_loss":0,"event_name":"Accursed Blacksmith","floor":5,"gold_loss":0,"cards_upgraded":["Bash"]},{"damage_healed":0,"gold_gain":0,"player_choice":"Became a Ghost","damage_taken":0,"max_hp_gain":0,"max_hp_loss":43,"event_name":"Ghosts","floor":22,"gold_loss":0,"cards_obtained":["Ghostly","Ghostly","Ghostly","Ghostly","Ghostly"]},{"damage_healed":0,"gold_gain":0,"player_choice":"Read","damage_taken":0,"max_hp_gain":0,"max_hp_loss":0,"event_name":"The Library","floor":25,"gold_loss":0,"cards_obtained":["Battle Trance"]},{"damage_healed":0,"gold_gain":0,"player_choice":"Damaged","damage_taken":4,"max_hp_gain":0,"max_hp_loss":0,"event_name":"Wheel of Change","floor":28,"gold_loss":0}],"is_beta":false,"boss_relics":[{"not_picked":["Lizard Tail","Eternal Feather"],"picked":"Astrolabe"}],"items_purged_floors":[20],"is_endless":false,"potions_floor_spawned":[7,14,16,18,30],"killed_by":"Automaton","ascension_level":3}