{"gold_per_floor":[109,34,46,56,69,69,95,95,95,95,58,58,75,86,86,191,241,258,273,292,307,62,62],"floor_reached":23,"playtime":2281,"items_purged":["Strike_R","Strike_R"],"score":195,"play_id":"58a5b33e-b38f-48d8-9d55-d160a051bf24","local_time":"20190823233032","is_ascension_mode":false,"campfire_choices":[{"data":"Immolate","floor":6,"key":"SMITH"},{"data":"Flex","floor":8,"key":"SMITH"},{"data":"Spot Weakness","floor":12,"key":"SMITH"},{"data":"True Grit","floor":15,"key":"SMITH"}],"neow_cost":"NONE","seed_source_timestamp":91770277734750,"circlet_count":0,"master_deck":["Strike_R","Strike_R+1","Strike_R","Defend_R","Defend_R","Defend_R","Defend_R","Bash","Flex+1","Heavy Blade","Clash","Immolate+1","Shockwave","Spot Weakness+1","Ghostly Armor","True Grit+1","Impervious","Inflame","Thunderclap+1","Feel No Pain","Metallicize","Berserk"],"relics":["Burning Blood","Art of War","Bottled Lightning","Tiny House"],"potions_floor_usage":[16,19,20,21],"damage_taken":[{"damage":1,"enemies":"Jaw Worm","floor":1,"turns":6},{"damage":0,"enemies":"Cultist","floor":3,"turns":3},{"damage":1,"enemies":"2 Louse","floor":4,"turns":2},{"damage":7,"enemies":"2 Fungi Beasts","floor":5,"turns":2},{"damage":27,"enemies":"Lagavulin","floor":7,"turns":6},{"damage":8,"enemies":"Red Slaver","floor":13,"turns":2},{"damage":0,"enemies":"Exordium Wildlife","floor":14,"turns":1},{"damage":31,"enemies":"Slime Boss","floor":16,"turns":13},{"damage":10,"enemies":"Chosen","floor":18,"turns":4},{"damage":26,"enemies":"2 Thieves","floor":19,"turns":3},{"damage":20,"enemies":"Chosen and Byrds","floor":20,"turns":5},{"damage":33,"enemies":"Snake Plant","floor":21,"turns":5},{"damage":42,"enemies":"Slavers","floor":23,"turns":3}],"seed_played":"-8568229713309186185","potions_obtained":[{"floor":1,"key":"LiquidBronze"},{"floor":5,"key":"SteroidPotion"},{"floor":7,"key":"Dexterity Potion"},{"floor":16,"key":"BloodPotion"},{"floor":19,"key":"AttackPotion"}],"is_trial":false,"path_per_floor":["M","$","M","M","M","R","E","R","T","?","$","R","M","M","R","B",null,"M","M","M","M","$","E"],"character_chosen":"IRONCLAD","items_purchased":["Spot Weakness","Berserk"],"campfire_rested":0,"item_purchase_floors":[11,22],"current_hp_per_floor":[80,80,80,80,79,79,58,58,58,58,58,58,56,62,62,37,85,81,61,47,41,41,0],"gold":62,"neow_bonus":"THREE_CARDS","is_prod":false,"is_daily":false,"chose_seed":false,"campfire_upgraded":4,"win_rate":0,"timestamp":1566617432,"path_taken":["M","$","M","M","M","R","E","R","T","?","$","R","M","M","R","BOSS","M","M","?","M","$","E"],"build_version":"2019-07-17","purchased_purges":2,"victory":false,"max_hp_per_floor":[80,80,80,80,80,80,80,80,80,80,80,80,80,80,80,80,85,85,85,85,85,85,85],"card_choices":[{"not_picked":["Iron Wave","Havoc"],"picked":"Flex","floor":0},{"not_picked":["Thunderclap","Infernal Blade"],"picked":"Heavy Blade","floor":1},{"not_picked":["Uppercut","Clothesline"],"picked":"Clash","floor":3},{"not_picked":["Iron Wave","Twin Strike"],"picked":"Immolate","floor":4},{"not_picked":["Cleave","Clash","Infernal Blade"],"picked":"SKIP","floor":5},{"not_picked":["Bludgeon","Heavy Blade"],"picked":"Shockwave","floor":7},{"not_picked":["Burning Pact","Carnage"],"picked":"Ghostly Armor","floor":13},{"not_picked":["Pommel Strike","Anger"],"picked":"True Grit","floor":14},{"not_picked":["Barricade","Exhume"],"picked":"Impervious","floor":16},{"not_picked":["Rage","Disarm"],"picked":"Inflame","floor":17},{"not_picked":["Twin Strike","Havoc"],"picked":"Thunderclap+1","floor":18},{"not_picked":["Heavy Blade","Shockwave"],"picked":"Feel No Pain","floor":19},{"not_picked":["Dropkick","Searing Blow+1","Warcry"],"picked":"SKIP","floor":20},{"not_picked":["Burning Pact","Searing Blow"],"picked":"Metallicize","floor":21}],"player_experience":164859,"relics_obtained":[{"floor":7,"key":"Art of War"},{"floor":9,"key":"Bottled Lightning"}],"event_choices":[{"damage_healed":0,"gold_gain":0,"player_choice":"Got Potions","damage_taken":0,"max_hp_gain":0,"max_hp_loss":0,"event_name":"Lab","floor":10,"gold_loss":0}],"is_beta":false,"boss_relics":[{"not_picked":["Black Star","White Beast Statue"],"picked":"Tiny House"}],"items_purged_floors":[2,22],"is_endless":false,"potions_floor_spawned":[1,5,7,13,16,18,19],"killed_by":"Slavers","ascension_level":0}