{"gold_per_floor":[113,125,136,136,156,156,175,193,193,193,205,246,258,270],"floor_reached":14,"playtime":829,"items_purged":[],"score":156,"play_id":"754adc00-a634-431b-b97b-46a8817599ff","local_time":"20190217143827","is_ascension_mode":true,"campfire_choices":[{"floor":6,"key":"DIG"},{"floor":11,"key":"DIG"}],"neow_cost":"TEN_PERCENT_HP_LOSS","seed_source_timestamp":142655993434502,"circlet_count":0,"master_deck":["AscendersBane","Strike_R","Strike_R","Strike_R","Strike_R","Strike_R","Defend_R","Defend_R","Defend_R","Defend_R","Bash","Cleave","Infernal Blade","Shrug It Off","Clothesline","Feed","True Grit","Uppercut+1","Uppercut+1"],"relics":["Burning Blood","Shovel","Molten Egg 2","Oddly Smooth Stone","MawBank","Juzu Bracelet","Odd Mushroom"],"potions_floor_usage":[7,8,14],"damage_taken":[{"damage":13,"enemies":"Cultist","floor":1,"turns":5},{"damage":14,"enemies":"Jaw Worm","floor":2,"turns":4},{"damage":14,"enemies":"Small Slimes","floor":3,"turns":3},{"damage":7,"enemies":"Blue Slaver","floor":5,"turns":3},{"damage":16,"enemies":"Exordium Thugs","floor":7,"turns":4},{"damage":0,"enemies":"Lots of Slimes","floor":8,"turns":1},{"damage":20,"enemies":"The Mushroom Lair","floor":12,"turns":5},{"damage":32,"enemies":"Gremlin Nob","floor":14,"turns":4}],"seed_played":"-3741598292360747054","potions_obtained":[{"floor":1,"key":"LiquidBronze"},{"floor":2,"key":"Dexterity Potion"},{"floor":7,"key":"Explosive Potion"},{"floor":12,"key":"EssenceOfSteel"}],"is_trial":false,"path_per_floor":["M","M","M","?","M","R","M","M","T","T","R","?","?","E"],"character_chosen":"IRONCLAD","items_purchased":[],"campfire_rested":0,"item_purchase_floors":[],"current_hp_per_floor":[61,53,45,45,44,44,37,43,43,43,43,32,32,0],"gold":270,"neow_bonus":"ONE_RARE_RELIC","is_prod":false,"is_daily":false,"chose_seed":false,"campfire_upgraded":0,"win_rate":0,"timestamp":1550443107,"path_taken":["M","M","M","?","M","R","M","?","T","?","R","?","?","E"],"build_version":"2019-01-23","purchased_purges":0,"victory":false,"max_hp_per_floor":[68,68,68,68,68,68,71,71,71,71,71,74,74,74],"card_choices":[{"not_picked":["Rage","Warcry"],"picked":"Cleave","floor":1},{"not_picked":["Havoc","Sever Soul"],"picked":"Infernal Blade","floor":2},{"not_picked":["Armaments","Perfected Strike"],"picked":"Shrug It Off","floor":3},{"not_picked":["Pommel Strike","Dual Wield","Body Slam"],"picked":"SKIP","floor":5},{"not_picked":["Heavy Blade+1","Sword Boomerang+1"],"picked":"True Grit","floor":7},{"not_picked":["Clothesline+1","Whirlwind+1"],"picked":"Uppercut+1","floor":8},{"not_picked":["Wild Strike+1","Infernal Blade"],"picked":"Uppercut+1","floor":12}],"player_experience":658779,"relics_obtained":[{"floor":6,"key":"Molten Egg 2"},{"floor":9,"key":"Oddly Smooth Stone"},{"floor":10,"key":"MawBank"},{"floor":11,"key":"Juzu Bracelet"},{"floor":12,"key":"Odd Mushroom"}],"event_choices":[{"damage_healed":0,"gold_gain":0,"player_choice":"2 cards matched","damage_taken":0,"max_hp_gain":0,"max_hp_loss":0,"event_name":"Match and Keep!","floor":4,"gold_loss":0,"cards_obtained":["Clothesline","Feed"]},{"damage_healed":0,"gold_gain":0,"player_choice":"2 cards matched","damage_taken":0,"max_hp_gain":0,"max_hp_loss":0,"event_name":"Match and Keep!","floor":4,"gold_loss":0,"cards_obtained":["Clothesline","Feed"]},{"damage_healed":0,"gold_gain":0,"player_choice":"Fought Mushrooms","damage_taken":0,"max_hp_gain":0,"max_hp_loss":0,"event_name":"Mushrooms","floor":12,"gold_loss":0},{"damage_healed":0,"gold_gain":0,"player_choice":"Fled","damage_taken":0,"max_hp_gain":0,"max_hp_loss":0,"event_name":"Scrap Ooze","floor":13,"gold_loss":0}],"is_beta":false,"boss_relics":[],"items_purged_floors":[],"is_endless":false,"potions_floor_spawned":[1,2,7,12],"killed_by":"Gremlin Nob","ascension_level":18}