{"gold_per_floor":[119,119,38,52,62,62,90,110,110,138,138,150,150,170,170,274,274,289,303,313,330,341,366,378,418,430,442,466,478,510,139,139,237,237,254,270,41,41,0,15,15,26,26,126,126,146,173,173],"floor_reached":48,"playtime":6460,"items_purged":["Regret","Strike_R"],"score":617,"play_id":"752fcf5b-fb15-4ff3-a198-d0c8e2424368","local_time":"20190713212750","is_ascension_mode":true,"campfire_choices":[{"data":"Flex","floor":6,"key":"SMITH"},{"floor":15,"key":"REST"},{"floor":27,"key":"REST"},{"floor":29,"key":"REST"},{"data":"Armaments","floor":32,"key":"SMITH"},{"floor":41,"key":"REST"},{"floor":45,"key":"REST"}],"neow_cost":"NONE","seed_source_timestamp":1285243909324,"circlet_count":0,"master_deck":["Strike_R+1","Strike_R","Defend_R","Defend_R","Defend_R","Defend_R","Bash","Headbutt","Immolate","Dark Shackles","Flex+1","Metallicize","Twin Strike","Second Wind+1","Flex","Bludgeon","Battle Trance","Feed","Whirlwind+1","Heavy Blade","Body Slam+1","Carnage+1","Cleave","Impervious","Uppercut+1","Pommel Strike+1","Impervious","Seeing Red","Disarm","Armaments+1","Immolate","Warcry","Rage+1","Dual Wield","Armaments+1","Injury","Flex+1","Ghostly Armor+1"],"relics":["Burning Blood","Lantern","Pear","Prayer Wheel","Cursed Key","MawBank","Happy Flower","Matryoshka","Chemical X","Black Star","Red Mask","Bottled Lightning","Mercury Hourglass","Magic Flower","Blood Vial","Regal Pillow"],"potions_floor_usage":[10,16,16,22,23,25,33,33,33,40,40,40,47,47],"damage_taken":[{"damage":11,"enemies":"Jaw Worm","floor":1,"turns":4},{"damage":1,"enemies":"Cultist","floor":4,"turns":3},{"damage":0,"enemies":"2 Louse","floor":5,"turns":2},{"damage":27,"enemies":"Gremlin Nob","floor":7,"turns":5},{"damage":0,"enemies":"Lots of Slimes","floor":8,"turns":1},{"damage":12,"enemies":"3 Sentries","floor":10,"turns":4},{"damage":7,"enemies":"Gremlin Gang","floor":12,"turns":3},{"damage":2,"enemies":"Blue Slaver","floor":14,"turns":2},{"damage":34,"enemies":"Hexaghost","floor":16,"turns":10},{"damage":0,"enemies":"Chosen","floor":18,"turns":3},{"damage":10,"enemies":"2 Thieves","floor":19,"turns":3},{"damage":11,"enemies":"Centurion and Healer","floor":20,"turns":2},{"damage":18,"enemies":"Snake Plant","floor":21,"turns":3},{"damage":6,"enemies":"3 Cultists","floor":22,"turns":3},{"damage":26,"enemies":"Gremlin Leader","floor":23,"turns":5},{"damage":18,"enemies":"Book of Stabbing","floor":25,"turns":4},{"damage":41,"enemies":"Centurion and Healer","floor":28,"turns":4},{"damage":3,"enemies":"Snecko","floor":30,"turns":4},{"damage":8,"enemies":"Collector","floor":33,"turns":8},{"damage":7,"enemies":"Orb Walker","floor":35,"turns":3},{"damage":48,"enemies":"3 Shapes","floor":36,"turns":5},{"damage":56,"enemies":"Writhing Mass","floor":40,"turns":7},{"damage":28,"enemies":"Sphere and 2 Shapes","floor":42,"turns":3},{"damage":0,"enemies":"Mind Bloom Boss Battle","floor":44,"turns":4},{"damage":47,"enemies":"Transient","floor":46,"turns":5},{"damage":54,"enemies":"Giant Head","floor":47,"turns":8},{"damage":33,"enemies":"Spire Growth","floor":48,"turns":4}],"seed_played":"1303925543470339491","potions_obtained":[{"floor":4,"key":"SpeedPotion"},{"floor":5,"key":"Explosive Potion"},{"floor":12,"key":"Block Potion"},{"floor":14,"key":"SkillPotion"},{"floor":19,"key":"Weak Potion"},{"floor":21,"key":"Explosive Potion"},{"floor":23,"key":"Weak Potion"},{"floor":30,"key":"EssenceOfSteel"},{"floor":36,"key":"Weak Potion"},{"floor":42,"key":"Swift Potion"},{"floor":46,"key":"Energy Potion"}],"is_trial":false,"path_per_floor":["M","?","$","M","M","R","E","M","T","E","?","M","?","M","R","B",null,"M","M","M","M","M","E","?","E","T","R","M","R","M","$","R","B",null,"M","M","$","?","?","M","R","M","T","?","R","M","E","M"],"character_chosen":"IRONCLAD","items_purchased":["Dark Shackles","Energy Potion","Chemical X","Armaments","BloodPotion","Fire Potion"],"campfire_rested":5,"item_purchase_floors":[3,31,31,31,37,37],"current_hp_per_floor":[83,83,83,88,88,88,67,73,83,77,57,56,47,51,80,52,98,98,97,92,83,83,63,42,30,30,62,30,63,66,66,66,64,112,111,72,72,72,72,50,84,62,62,68,102,64,19,0],"gold":173,"neow_bonus":"TEN_PERCENT_HP_BONUS","is_prod":false,"is_daily":false,"chose_seed":false,"campfire_upgraded":2,"win_rate":0,"timestamp":1563067670,"path_taken":["M","?","$","M","?","R","E","M","T","E","?","M","?","M","R","BOSS","M","M","?","M","?","E","?","E","T","R","M","R","M","$","R","BOSS","M","M","$","?","?","M","R","M","T","?","R","M","E","?"],"build_version":"2019-07-05","purchased_purges":2,"victory":false,"max_hp_per_floor":[88,88,88,88,88,88,88,88,98,98,98,98,98,98,98,98,98,98,101,101,104,104,104,109,109,109,109,112,112,112,112,112,112,112,112,115,115,115,115,115,115,115,115,115,115,115,115,115],"card_choices":[{"not_picked":["Shrug It Off","Wild Strike"],"picked":"Headbutt","floor":1},{"not_picked":["Warcry","Pommel Strike"],"picked":"Flex","floor":4},{"not_picked":["Combust","Thunderclap"],"picked":"Metallicize","floor":5},{"not_picked":["Corruption","True Grit","Reaper"],"picked":"SKIP","floor":7},{"not_picked":["Corruption","True Grit","Reaper"],"picked":"SKIP","floor":7},{"not_picked":["Shrug It Off","Iron Wave"],"picked":"Twin Strike","floor":8},{"not_picked":["Wild Strike","Sever Soul"],"picked":"Second Wind","floor":10},{"not_picked":["Wild Strike","Burning Pact"],"picked":"Flex","floor":12},{"not_picked":["Searing Blow","Cleave"],"picked":"Bludgeon","floor":12},{"not_picked":["Carnage","Sword Boomerang"],"picked":"Battle Trance","floor":14},{"not_picked":["Body Slam","Cleave","Perfected Strike"],"picked":"SKIP","floor":14},{"not_picked":["Berserk","Barricade"],"picked":"Feed","floor":16},{"not_picked":["True Grit","Sword Boomerang"],"picked":"Whirlwind+1","floor":18},{"not_picked":["Thunderclap+1","Body Slam"],"picked":"Heavy Blade","floor":18},{"not_picked":["Rupture+1","Cleave+1"],"picked":"Body Slam+1","floor":19},{"not_picked":["Second Wind+1","Searing Blow"],"picked":"Carnage+1","floor":19},{"not_picked":["Twin Strike","Headbutt+1"],"picked":"Cleave","floor":20},{"not_picked":["Flex","Rupture","Hemokinesis"],"picked":"SKIP","floor":20},{"not_picked":["Sever Soul","Thunderclap"],"picked":"Impervious","floor":21},{"not_picked":["Power Through","Perfected Strike"],"picked":"Uppercut+1","floor":21},{"not_picked":["Cleave","Thunderclap"],"picked":"Pommel Strike+1","floor":22},{"not_picked":["Perfected Strike+1","True Grit","Intimidate"],"picked":"SKIP","floor":22},{"not_picked":["Power Through","Juggernaut","Wild Strike"],"picked":"SKIP","floor":23},{"not_picked":["Fire Breathing","Shockwave"],"picked":"Impervious","floor":25},{"not_picked":["Clash+1","Bloodletting"],"picked":"Seeing Red","floor":28},{"not_picked":["Thunderclap","Fire Breathing+1","Entrench"],"picked":"SKIP","floor":28},{"not_picked":["Cleave","Shrug It Off"],"picked":"Disarm","floor":30},{"not_picked":["Heavy Blade","Cleave","Second Wind+1"],"picked":"SKIP","floor":30},{"not_picked":["Brutality","Berserk"],"picked":"Immolate","floor":33},{"not_picked":["Metallicize","Fire Breathing+1"],"picked":"Warcry","floor":35},{"not_picked":["Pommel Strike","Clothesline+1"],"picked":"Rage+1","floor":35},{"not_picked":["Entrench+1","Power Through"],"picked":"Dual Wield","floor":36},{"not_picked":["Anger","Cleave+1","Rage+1"],"picked":"SKIP","floor":36},{"not_picked":["Thunderclap+1","Carnage","Perfected Strike+1"],"picked":"SKIP","floor":40},{"not_picked":["Heavy Blade","Perfected Strike+1","Body Slam"],"picked":"SKIP","floor":40},{"not_picked":["Blood for Blood+1","Juggernaut"],"picked":"Armaments+1","floor":42},{"not_picked":["Perfected Strike","Twin Strike","Thunderclap+1"],"picked":"SKIP","floor":42},{"not_picked":["Cleave+1","Pommel Strike"],"picked":"Flex+1","floor":44},{"not_picked":["Body Slam+1","Flame Barrier","Hemokinesis"],"picked":"SKIP","floor":46},{"not_picked":["Pommel Strike+1","Clothesline","Thunderclap+1"],"picked":"SKIP","floor":46},{"not_picked":["Blood for Blood","Iron Wave"],"picked":"Ghostly Armor+1","floor":47}],"player_experience":64599,"relics_obtained":[{"floor":7,"key":"Lantern"},{"floor":9,"key":"Pear"},{"floor":10,"key":"Prayer Wheel"},{"floor":23,"key":"MawBank"},{"floor":25,"key":"Happy Flower"},{"floor":26,"key":"Matryoshka"},{"floor":43,"key":"Bottled Lightning"},{"floor":43,"key":"Mercury Hourglass"},{"floor":44,"key":"Magic Flower"},{"floor":47,"key":"Blood Vial"},{"floor":47,"key":"Regal Pillow"}],"event_choices":[{"damage_healed":0,"gold_gain":0,"cards_transformed":["Strike_R"],"player_choice":"Transformed","damage_taken":0,"max_hp_gain":0,"max_hp_loss":0,"event_name":"Transmorgrifier","floor":2,"gold_loss":0,"cards_obtained":["Immolate"]},{"damage_healed":0,"gold_gain":0,"player_choice":"Entered Light","damage_taken":20,"max_hp_gain":0,"max_hp_loss":0,"event_name":"Shining Light","floor":11,"gold_loss":0,"cards_upgraded":["Second Wind","Strike_R"]},{"damage_healed":0,"gold_gain":0,"player_choice":"Damaged","damage_taken":9,"max_hp_gain":0,"max_hp_loss":0,"event_name":"Wheel of Change","floor":13,"gold_loss":0},{"damage_healed":0,"gold_gain":0,"player_choice":"Shed Blood","damage_taken":26,"max_hp_gain":5,"max_hp_loss":0,"event_name":"Forgotten Altar","floor":24,"gold_loss":0},{"cards_removed":["Strike_R"],"damage_healed":0,"gold_gain":0,"player_choice":"Removed Attack","damage_taken":0,"max_hp_gain":0,"max_hp_loss":0,"event_name":"Falling","floor":38,"gold_loss":0},{"damage_healed":0,"gold_gain":0,"player_choice":"Paid","damage_taken":0,"relics_obtained":["Red Mask"],"max_hp_gain":0,"max_hp_loss":0,"event_name":"Tomb of Lord Red Mask","floor":39,"gold_loss":41},{"damage_healed":0,"gold_gain":0,"player_choice":"Fight","damage_taken":0,"max_hp_gain":0,"max_hp_loss":0,"event_name":"MindBloom","floor":44,"gold_loss":0}],"is_beta":false,"boss_relics":[{"not_picked":["Ectoplasm","Empty Cage"],"picked":"Cursed Key"},{"not_picked":["Coffee Dripper","Sozu"],"picked":"Black Star"}],"items_purged_floors":[31,37],"is_endless":false,"potions_floor_spawned":[4,5,12,14,19,21,23,30,36,42,46],"killed_by":"Spire Growth","ascension_level":1}