{"gold_per_floor":[119,119,133,133,208,233,247,267,290,290,302,316,316,327,327,424,424,424],"floor_reached":18,"playtime":628,"items_purged":[],"score":189,"play_id":"50ad423b-c258-4f4b-966e-ea6cfe7242e2","local_time":"20190905141633","is_ascension_mode":false,"campfire_choices":[{"data":"True Grit","floor":10,"key":"SMITH"},{"floor":13,"key":"RECALL"},{"data":"Metallicize","floor":15,"key":"SMITH"}],"neow_cost":"NONE","seed_source_timestamp":1442089065744400,"circlet_count":0,"master_deck":["Strike_R","Strike_R","Strike_R","Strike_R","Defend_R","Defend_R","Bash","Armaments+1","Body Slam","Metallicize+1","True Grit+1","Ghostly Armor","Evolve","Impervious","Havoc+1","Warcry+1","Fiend Fire+1"],"relics":["Burning Blood","NeowsBlessing","Bag of Preparation","Orichalcum","Astrolabe"],"potions_floor_usage":[],"damage_taken":[{"damage":0,"enemies":"2 Louse","floor":1,"turns":1},{"damage":0,"enemies":"Small Slimes","floor":3,"turns":1},{"damage":0,"enemies":"3 Sentries","floor":6,"turns":1},{"damage":6,"enemies":"Jaw Worm","floor":7,"turns":5},{"damage":0,"enemies":"Large Slime","floor":8,"turns":7},{"damage":0,"enemies":"Lots of Slimes","floor":11,"turns":9},{"damage":0,"enemies":"Blue Slaver","floor":12,"turns":4},{"damage":3,"enemies":"Red Slaver","floor":14,"turns":5},{"damage":22,"enemies":"The Guardian","floor":16,"turns":22},{"damage":0,"enemies":"3 Byrds","floor":18,"turns":1}],"seed_played":"-2550567861352460415","potions_obtained":[{"floor":3,"key":"Energy Potion"},{"floor":7,"key":"Fire Potion"},{"floor":11,"key":"Regen Potion"}],"is_trial":false,"path_per_floor":["M","?","M","?","?","E","M","M","T","R","M","M","R","M","R","B",null,"M"],"character_chosen":"IRONCLAD","items_purchased":[],"campfire_rested":0,"item_purchase_floors":[],"current_hp_per_floor":[80,80,80,80,69,75,75,80,80,80,80,80,80,80,80,64,80,80],"gold":424,"neow_bonus":"THREE_ENEMY_KILL","is_prod":false,"is_daily":false,"chose_seed":false,"campfire_upgraded":2,"win_rate":0,"timestamp":1567718193,"path_taken":["M","?","M","?","?","E","M","?","T","R","M","M","R","M","R","BOSS","M"],"build_version":"2019-07-17","purchased_purges":0,"victory":false,"max_hp_per_floor":[80,80,80,80,80,80,80,80,80,80,80,80,80,80,80,80,80,80],"card_choices":[{"not_picked":["Sword Boomerang","Flex"],"picked":"Armaments","floor":1},{"not_picked":["Rupture","Blood for Blood"],"picked":"Body Slam","floor":3},{"not_picked":["Blood for Blood","Combust"],"picked":"Metallicize","floor":6},{"not_picked":["Perfected Strike","Iron Wave"],"picked":"True Grit","floor":7},{"not_picked":["Warcry","Sword Boomerang"],"picked":"Ghostly Armor","floor":8},{"not_picked":["Fiend Fire","Thunderclap"],"picked":"Evolve","floor":11},{"not_picked":["Headbutt","Hemokinesis","Armaments"],"picked":"SKIP","floor":12},{"not_picked":["Sword Boomerang","Heavy Blade","Havoc"],"picked":"SKIP","floor":14},{"not_picked":["Offering","Immolate"],"picked":"Impervious","floor":16}],"player_experience":521374,"relics_obtained":[{"floor":6,"key":"Bag of Preparation"},{"floor":9,"key":"Orichalcum"}],"event_choices":[{"damage_healed":0,"gold_gain":0,"player_choice":"Grow","damage_taken":0,"max_hp_gain":0,"max_hp_loss":0,"event_name":"Living Wall","floor":2,"gold_loss":0,"cards_upgraded":["Armaments"]},{"damage_healed":0,"gold_gain":0,"player_choice":"Ignored","damage_taken":0,"max_hp_gain":0,"max_hp_loss":0,"event_name":"Liars Game","floor":4,"gold_loss":0},{"damage_healed":0,"gold_gain":75,"player_choice":"Gather Gold","damage_taken":11,"max_hp_gain":0,"max_hp_loss":0,"event_name":"World of Goop","floor":5,"gold_loss":0}],"is_beta":false,"boss_relics":[{"not_picked":["Empty Cage","Black Blood"],"picked":"Astrolabe"}],"items_purged_floors":[],"is_endless":false,"potions_floor_spawned":[3,7,11,12,16],"killed_by":"3 Byrds","ascension_level":0}