{"gold_per_floor":[116,116,128,141,141,156,61,81,81,81,98,98,113,128,128,223,223,148,148,148,148,148,148,5,5],"floor_reached":25,"playtime":2404,"items_purged":[],"score":222,"play_id":"a90a874c-e1a6-4e94-98cd-e5291738db7c","local_time":"20190910212527","is_ascension_mode":false,"campfire_choices":[{"floor":10,"key":"REST"},{"floor":15,"key":"REST"},{"floor":23,"key":"REST"}],"neow_cost":"NONE","seed_source_timestamp":2430581903316656,"circlet_count":0,"master_deck":["Defend_P","Defend_P","Defend_P","Defend_P","Eruption","Vigilance","Worship+1","FollowUp","CutThroughFate+1","Adaptation","Halt","CarveReality","Weave","Weave","ThirdEye","DeusExMachina","SandsOfTime","Bite","Bite","Bite","Bite","Bite","EmptyFist"],"relics":["PureWater","NeowsBlessing","Omamori","Bronze Scales","Ectoplasm","Lantern"],"potions_floor_usage":[1,16,16,18,22],"damage_taken":[{"damage":0,"enemies":"Small Slimes","floor":1,"turns":1},{"damage":0,"enemies":"Cultist","floor":3,"turns":3},{"damage":0,"enemies":"2 Louse","floor":4,"turns":2},{"damage":27,"enemies":"Exordium Thugs","floor":6,"turns":4},{"damage":11,"enemies":"Red Slaver","floor":8,"turns":3},{"damage":11,"enemies":"Blue Slaver","floor":11,"turns":4},{"damage":0,"enemies":"Large Slime","floor":13,"turns":5},{"damage":7,"enemies":"3 Louse","floor":14,"turns":3},{"damage":37,"enemies":"Hexaghost","floor":16,"turns":9},{"damage":26,"enemies":"2 Thieves","floor":18,"turns":4},{"damage":15,"enemies":"Spheric Guardian","floor":20,"turns":4},{"damage":25,"enemies":"Snecko","floor":22,"turns":5},{"damage":63,"enemies":"Book of Stabbing","floor":25,"turns":5}],"seed_played":"3394143870146676593","potions_obtained":[{"floor":1,"key":"Fruit Juice"},{"floor":4,"key":"Explosive Potion"},{"floor":11,"key":"Energy Potion"},{"floor":14,"key":"LiquidBronze"},{"floor":18,"key":"Fruit Juice"},{"floor":20,"key":"AttackPotion"}],"is_trial":false,"path_per_floor":["M","?","M","M","?","M","$","M","T","R","M","?","M","M","R","B",null,"M","?","M","?","M","R","$","E"],"character_chosen":"WATCHER","items_purchased":["Adaptation","Halt","Lantern"],"campfire_rested":3,"item_purchase_floors":[7,7,24],"current_hp_per_floor":[70,70,70,70,70,43,43,32,32,53,42,42,42,35,56,19,70,49,49,39,39,24,39,39,0],"gold":5,"neow_bonus":"THREE_ENEMY_KILL","is_prod":false,"is_daily":false,"chose_seed":false,"campfire_upgraded":0,"win_rate":0.0,"timestamp":1568165127,"path_taken":["M","?","M","?","?","M","?","M","T","R","?","?","M","M","R","BOSS","M","?","M","?","M","R","$","E"],"build_version":"2019-09-10","purchased_purges":0,"victory":false,"max_hp_per_floor":[70,70,70,70,70,70,70,70,70,70,70,70,70,70,70,70,70,75,52,52,52,52,52,52,52],"card_choices":[{"not_picked":["Swivel","Consecrate"],"picked":"Worship","floor":1},{"not_picked":["CrushJoints","CleanseEvil"],"picked":"FollowUp","floor":3},{"not_picked":["ClearTheMind","EmptyFist"],"picked":"CutThroughFate","floor":4},{"not_picked":["Metaphysics","WreathOfFlame","FearNoEvil"],"picked":"SKIP","floor":6},{"not_picked":["SpiritShield","EmptyBody"],"picked":"CarveReality","floor":8},{"not_picked":["Protect","CutThroughFate"],"picked":"Weave","floor":11},{"not_picked":["EmptyBody","Halt"],"picked":"Weave","floor":13},{"not_picked":["Scrawl","EmptyBody"],"picked":"ThirdEye","floor":14},{"not_picked":["Unraveling","Omniscience"],"picked":"DeusExMachina","floor":16},{"not_picked":["FollowUp","Establishment"],"picked":"SandsOfTime","floor":18},{"not_picked":["FearNoEvil","Fasting","Halt"],"picked":"SKIP","floor":20},{"not_picked":["WreathOfFlame","CrushJoints"],"picked":"EmptyFist","floor":22}],"player_experience":149836,"relics_obtained":[{"floor":9,"key":"Bronze Scales"}],"event_choices":[{"damage_healed":0,"gold_gain":0,"player_choice":"Upgraded","damage_taken":0,"max_hp_gain":0,"max_hp_loss":0,"event_name":"Upgrade Shrine","floor":2,"gold_loss":0,"cards_upgraded":["Worship"]},{"damage_healed":0,"gold_gain":0,"player_choice":"Gave Potion","damage_taken":0,"relics_obtained":["Omamori"],"max_hp_gain":0,"max_hp_loss":0,"event_name":"WeMeetAgain","floor":5,"gold_loss":0},{"damage_healed":0,"gold_gain":0,"player_choice":"Grow","damage_taken":0,"max_hp_gain":0,"max_hp_loss":0,"event_name":"Living Wall","floor":12,"gold_loss":0,"cards_upgraded":["CutThroughFate"]},{"damage_healed":0,"gold_gain":0,"player_choice":"Became a vampire","damage_taken":0,"max_hp_gain":0,"max_hp_loss":23,"event_name":"Vampires","floor":19,"gold_loss":0,"cards_obtained":["Bite","Bite","Bite","Bite","Bite"]},{"damage_healed":0,"gold_gain":0,"player_choice":"Smashed Altar","damage_taken":0,"max_hp_gain":0,"max_hp_loss":0,"event_name":"Forgotten Altar","floor":21,"gold_loss":0,"cards_obtained":["Decay"]}],"is_beta":true,"boss_relics":[{"not_picked":["Runic Pyramid","SacredBark"],"picked":"Ectoplasm"}],"items_purged_floors":[],"is_endless":false,"potions_floor_spawned":[1,4,11,14,18,20],"killed_by":"Book of Stabbing","ascension_level":0}