{"gold_per_floor":[115,131,131,141,141,141,159,159,159,179,196,196,196],"floor_reached":13,"playtime":886,"items_purged":[],"score":92,"play_id":"49db1018-05bb-4cdd-9ae4-2b35afa1be3f","local_time":"20190916142724","is_ascension_mode":true,"campfire_choices":[{"floor":6.0,"key":"RECALL"},{"data":"Cloak And Dagger","floor":8.0,"key":"SMITH"},{"data":"Cloak And Dagger","floor":12,"key":"SMITH"}],"neow_cost":"NONE","seed_source_timestamp":0,"circlet_count":0,"master_deck":["Strike_G","Strike_G","Strike_G","Strike_G","Strike_G","Defend_G","Defend_G","Defend_G","Defend_G","Defend_G","Survivor","Neutralize","Cloak And Dagger+1","Eviscerate","Bouncing Flask","Dash","Cloak And Dagger+1","Bane"],"special_seed":0,"relics":["Coffee Dripper"],"potions_floor_usage":[],"damage_taken":[{"damage":2.0,"enemies":"Cultist","floor":1.0,"turns":5.0},{"damage":1.0,"enemies":"Small Slimes","floor":2.0,"turns":4.0},{"damage":0.0,"enemies":"2 Louse","floor":4.0,"turns":3.0},{"damage":21.0,"enemies":"Red Slaver","floor":7.0,"turns":5.0},{"damage":14.0,"enemies":"Large Slime","floor":10.0,"turns":7.0},{"damage":9.0,"enemies":"3 Louse","floor":11.0,"turns":3.0},{"damage":30,"enemies":"Lagavulin","floor":13,"turns":9}],"seed_played":"-8435773556140521396","potions_obtained":[{"floor":10.0,"key":"EntropicBrew"},{"floor":11.0,"key":"FearPotion"}],"is_trial":false,"path_per_floor":["M","M","?","M","?","R","M","R","T","M","M","R","E"],"character_chosen":"THE_SILENT","items_purchased":[],"campfire_rested":0,"item_purchase_floors":[],"current_hp_per_floor":[68,67,67,67,67,67,46,46,46,32,23,23,0],"gold":196,"neow_bonus":"BOSS_RELIC","is_prod":false,"is_daily":false,"chose_seed":false,"campfire_upgraded":2,"win_rate":0,"timestamp":1568662044,"path_taken":["M","?","?","M","?","R","M","R","T","M","M","R","E"],"build_version":"2019-07-17","purchased_purges":0,"victory":false,"max_hp_per_floor":[70,70,70,70,70,70,70,70,70,70,70,70,70],"card_choices":[{"not_picked":["Dodge and Roll","Outmaneuver"],"picked":"Cloak And Dagger","floor":1.0},{"not_picked":["Deflect","Tactician"],"picked":"Eviscerate","floor":2.0},{"not_picked":["Distraction","Sucker Punch"],"picked":"Bouncing Flask","floor":4.0},{"not_picked":["Deflect","Catalyst"],"picked":"Dash","floor":7.0},{"not_picked":["Accuracy","Underhanded Strike"],"picked":"Cloak And Dagger","floor":10.0},{"not_picked":["Outmaneuver","Quick Slash"],"picked":"Bane","floor":11.0}],"player_experience":405475,"relics_obtained":[],"event_choices":[{"damage_healed":0.0,"max_hp_gain":0.0,"max_hp_loss":0.0,"gold_gain":0.0,"event_name":"Golden Wing","player_choice":"Ignored","floor":3.0,"gold_loss":0.0,"damage_taken":0.0},{"damage_healed":0.0,"max_hp_gain":0.0,"max_hp_loss":0.0,"gold_gain":0.0,"event_name":"The Woman in Blue","player_choice":"Bought 0 Potions","floor":5.0,"gold_loss":0.0,"damage_taken":0.0}],"is_beta":false,"boss_relics":[],"items_purged_floors":[],"is_endless":false,"potions_floor_spawned":[10,11],"killed_by":"Lagavulin","ascension_level":4}