{"gold_per_floor":[218,218,218,218,233,262,262,288,288,308,32,46,73,92,92,195,195,210,210,125,139,54,54,154,154,154,187,199,214,214,226,226,226],"floor_reached":33,"playtime":2001,"items_purged":[],"score":353,"play_id":"fb0be732-aa8a-426c-b672-06028b8a6f2f","local_time":"20181111144240","is_ascension_mode":true,"campfire_choices":[{"data":"True Grit","floor":7,"key":"SMITH"},{"floor":15,"key":"REST"},{"data":"Heavy Blade","floor":23,"key":"SMITH"},{"data":"Bandage Up","floor":25,"key":"SMITH"},{"data":"Clothesline","floor":32,"key":"SMITH"}],"neow_cost":"NONE","seed_source_timestamp":1046833137813821,"circlet_count":0,"master_deck":["Defend_R","Defend_R","Defend_R","Bash+1","Headbutt","True Grit+1","Battle Trance","Havoc","Finesse","Disarm","Limit Break","Dark Embrace","Cleave+1","Bite","Bite","Bite","Bite","Bite","Heavy Blade+1","Bandage Up+1","Heavy Blade","Flame Barrier","Clothesline+1"],"relics":["Burning Blood","Ornamental Fan","Anchor","Red Skull","Vajra","Torii","Snecko Eye","Juzu Bracelet","Dodecahedron","The Courier"],"potions_floor_usage":[6,6,13,27,28,31,33,33,33],"damage_taken":[{"damage":5,"enemies":"Small Slimes","floor":1,"turns":3},{"damage":11,"enemies":"2 Louse","floor":5,"turns":3},{"damage":25,"enemies":"Lagavulin","floor":6,"turns":5},{"damage":37,"enemies":"Gremlin Nob","floor":8,"turns":5},{"damage":0,"enemies":"Cultist","floor":10,"turns":2},{"damage":0,"enemies":"Lots of Slimes","floor":12,"turns":4},{"damage":22,"enemies":"Lagavulin","floor":13,"turns":6},{"damage":1,"enemies":"3 Louse","floor":14,"turns":2},{"damage":19,"enemies":"Slime Boss","floor":16,"turns":6},{"damage":60,"enemies":"Spheric Guardian","floor":18,"turns":8},{"damage":30,"enemies":"3 Byrds","floor":21,"turns":6},{"damage":1,"enemies":"Gremlin Leader","floor":27,"turns":3},{"damage":3,"enemies":"Snake Plant","floor":28,"turns":4},{"damage":0,"enemies":"Centurion and Healer","floor":29,"turns":5},{"damage":18,"enemies":"3 Cultists","floor":31,"turns":5},{"damage":79,"enemies":"Collector","floor":33,"turns":13}],"seed_played":"3840979759177997356","potions_obtained":[{"floor":1,"key":"SkillPotion"},{"floor":5,"key":"Fire Potion"},{"floor":8,"key":"Fire Potion"},{"floor":10,"key":"Weak Potion"},{"floor":13,"key":"FearPotion"},{"floor":14,"key":"FearPotion"},{"floor":28,"key":"FearPotion"},{"floor":29,"key":"Block Potion"},{"floor":31,"key":"Weak Potion"}],"is_trial":false,"path_per_floor":["M","?","?","?","M","E","R","E","T","M","$","M","E","M","R","B",null,"M","?","?","M","$","R","?","R","T","E","M","M","?","M","R","B"],"character_chosen":"IRONCLAD","items_purchased":["Vajra","Havoc","Finesse","Bandage Up"],"campfire_rested":1,"item_purchase_floors":[11,11,11,22],"current_hp_per_floor":[80,80,80,80,75,56,56,25,25,31,31,37,21,26,50,37,80,26,26,26,20,20,20,20,20,20,35,52,56,47,49,49,0],"gold":226,"neow_bonus":"HUNDRED_GOLD","is_prod":false,"is_daily":false,"chose_seed":false,"campfire_upgraded":4,"win_rate":0,"timestamp":1541965360,"path_taken":["M","?","?","?","M","E","R","E","T","?","$","M","E","?","R","BOSS","M","?","?","M","$","R","?","R","T","E","M","M","?","M","R","BOSS"],"build_version":"2018-11-08","purchased_purges":0,"victory":false,"max_hp_per_floor":[80,80,80,80,80,80,80,80,80,80,80,80,80,80,80,80,80,80,56,56,56,56,56,56,56,56,56,56,56,61,61,61,61],"card_choices":[{"not_picked":["Seeing Red","Heavy Blade","Evolve"],"picked":"SKIP","floor":1},{"not_picked":["Body Slam","Combust"],"picked":"Headbutt","floor":5},{"not_picked":["Twin Strike","Feel No Pain"],"picked":"True Grit","floor":6},{"not_picked":["Warcry","Intimidate"],"picked":"Battle Trance","floor":8},{"not_picked":["Iron Wave","Warcry","Fire Breathing"],"picked":"SKIP","floor":10},{"not_picked":["Iron Wave","Burning Pact"],"picked":"Disarm","floor":12},{"not_picked":["Pummel","Anger"],"picked":"Limit Break","floor":13},{"not_picked":["Perfected Strike","Carnage","Infernal Blade"],"picked":"SKIP","floor":14},{"not_picked":["Offering","Berserk"],"picked":"Dark Embrace","floor":16},{"not_picked":["Havoc","Warcry"],"picked":"Cleave+1","floor":18},{"not_picked":["Second Wind+1","Twin Strike"],"picked":"Heavy Blade","floor":21},{"not_picked":["Power Through","Havoc"],"picked":"Heavy Blade","floor":27},{"not_picked":["Body Slam","Armaments"],"picked":"Flame Barrier","floor":28},{"not_picked":["Twin Strike","True Grit+1"],"picked":"Clothesline","floor":29},{"not_picked":["Second Wind+1","Dropkick","Bloodletting+1"],"picked":"SKIP","floor":31}],"player_experience":123986,"relics_obtained":[{"floor":6,"key":"Ornamental Fan"},{"floor":8,"key":"Anchor"},{"floor":9,"key":"Red Skull"},{"floor":13,"key":"Torii"},{"floor":26,"key":"Dodecahedron"},{"floor":27,"key":"The Courier"}],"event_choices":[{"damage_healed":0,"gold_gain":0,"player_choice":"Grow","damage_taken":0,"max_hp_gain":0,"max_hp_loss":0,"event_name":"Living Wall","floor":2,"gold_loss":0,"cards_upgraded":["Bash"]},{"damage_healed":0,"gold_gain":0,"player_choice":"Ignored","damage_taken":0,"max_hp_gain":0,"max_hp_loss":0,"event_name":"Liars Game","floor":3,"gold_loss":0},{"cards_removed":["Defend_R"],"damage_healed":0,"gold_gain":0,"player_choice":"Purged","damage_taken":0,"max_hp_gain":0,"max_hp_loss":0,"event_name":"Purifier","floor":4,"gold_loss":0},{"damage_healed":0,"gold_gain":0,"player_choice":"Became a vampire","damage_taken":0,"max_hp_gain":0,"max_hp_loss":24,"event_name":"Vampires","floor":19,"gold_loss":0,"cards_obtained":["Bite","Bite","Bite","Bite","Bite"]},{"damage_healed":0,"gold_gain":0,"player_choice":"Obtained Relic","damage_taken":0,"relics_obtained":["Juzu Bracelet"],"max_hp_gain":0,"max_hp_loss":0,"event_name":"Addict","floor":20,"gold_loss":85},{"damage_healed":0,"gold_gain":100,"player_choice":"Pray","damage_taken":0,"max_hp_gain":0,"max_hp_loss":0,"event_name":"Golden Shrine","floor":24,"gold_loss":0},{"damage_healed":0,"gold_gain":0,"player_choice":"Shed Blood","damage_taken":14,"max_hp_gain":5,"max_hp_loss":0,"event_name":"Forgotten Altar","floor":30,"gold_loss":0}],"is_beta":false,"boss_relics":[{"not_picked":["Fusion Hammer","Astrolabe"],"picked":"Snecko Eye"}],"items_purged_floors":[],"is_endless":false,"potions_floor_spawned":[1,5,8,10,13,14,28,29,31],"killed_by":"Collector","ascension_level":3}