{"gold_per_floor":[119,119,136,136,149,175,57,57,57,57,57,57,57,57,57,57],"floor_reached":16,"playtime":1330,"items_purged":[],"score":115,"play_id":"6caadb66-98bc-4ead-8ce2-7de1d11056c0","local_time":"20190916182141","is_ascension_mode":true,"campfire_choices":[{"floor":8,"key":"REST"},{"floor":10,"key":"REST"},{"floor":15,"key":"RECALL"}],"neow_cost":"NONE","seed_source_timestamp":439197505321900,"circlet_count":0,"master_deck":["Strike_G","Strike_G","Strike_G","Strike_G","Strike_G","Defend_G","Defend_G","Defend_G","Defend_G","Survivor","Neutralize+1","Blur","Backflip","Acrobatics","Tactician"],"relics":["Ring of the Snake","The Courier","Strawberry","StoneCalendar","Boot"],"potions_floor_usage":[6,6,16],"damage_taken":[{"damage":6,"enemies":"Small Slimes","floor":1,"turns":5},{"damage":0,"enemies":"Cultist","floor":3,"turns":3},{"damage":0,"enemies":"Jaw Worm","floor":5,"turns":8},{"damage":56,"enemies":"Gremlin Nob","floor":6,"turns":9},{"damage":65,"enemies":"The Guardian","floor":16,"turns":22}],"seed_played":"2159119879025711722","potions_obtained":[{"floor":1,"key":"PowerPotion"},{"floor":5,"key":"SkillPotion"},{"floor":6,"key":"FearPotion"}],"is_trial":false,"path_per_floor":["M","?","M","$","M","E","$","R","T","R","T","$","?","T","R","B"],"character_chosen":"THE_SILENT","items_purchased":["Strawberry"],"campfire_rested":2,"item_purchase_floors":[7],"current_hp_per_floor":[64,64,64,64,64,8,15,38,38,61,61,61,61,61,61,0],"gold":57,"neow_bonus":"UPGRADE_CARD","is_prod":false,"is_daily":false,"chose_seed":false,"campfire_upgraded":0,"win_rate":0,"timestamp":1568676101,"path_taken":["M","?","?","$","M","E","$","R","T","R","?","$","?","?","R","BOSS"],"build_version":"2019-07-17","purchased_purges":0,"victory":false,"max_hp_per_floor":[70,70,70,70,70,70,77,77,77,77,77,77,77,77,77,77],"card_choices":[{"not_picked":["Underhanded Strike","Caltrops"],"picked":"Blur","floor":1},{"not_picked":["Endless Agony","Concentrate"],"picked":"Backflip","floor":3},{"not_picked":["Quick Slash","Bane"],"picked":"Acrobatics","floor":5},{"not_picked":["Underhanded Strike","Caltrops"],"picked":"Tactician","floor":6}],"player_experience":410661,"relics_obtained":[{"floor":6,"key":"The Courier"},{"floor":11,"key":"StoneCalendar"},{"floor":14,"key":"Boot"}],"event_choices":[{"cards_removed":["Defend_G"],"damage_healed":0,"gold_gain":0,"player_choice":"Card Removal","damage_taken":0,"max_hp_gain":0,"max_hp_loss":0,"event_name":"Wheel of Change","floor":2,"gold_loss":0},{"damage_healed":0,"gold_gain":0,"player_choice":"Ignored","damage_taken":0,"max_hp_gain":0,"max_hp_loss":0,"event_name":"Liars Game","floor":13,"gold_loss":0}],"is_beta":false,"boss_relics":[],"items_purged_floors":[],"is_endless":false,"potions_floor_spawned":[1,5,6],"killed_by":"The Guardian","ascension_level":4}