{"gold_per_floor":[116,128,128,128,143,143,160,195,218,236,250,250,264,294,294,395,395,406,406,50,65,11,44,44,44,99,99,111,111,140,140,140,235,235,246,262,14,14,14],"floor_reached":39,"playtime":4439,"items_purged":[],"score":450,"play_id":"35d5436b-120a-4434-8816-adbf97b74d66","local_time":"20190724214512","is_ascension_mode":true,"campfire_choices":[{"floor":6,"key":"REST"},{"floor":12,"key":"REST"},{"floor":15,"key":"REST"},{"floor":24,"key":"REST"},{"floor":27,"key":"REST"},{"floor":29,"key":"REST"},{"floor":32,"key":"REST"}],"neow_cost":"NONE","seed_source_timestamp":160339272909934,"circlet_count":0,"master_deck":["Strike_B","Strike_B","Strike_B","Defend_B","Defend_B","Defend_B+1","Defend_B+1","Zap+1","Dualcast","Melter","Consume+1","Steam","Beam Cell","Chaos","Ball Lightning+1","Machine Learning","Double Energy","Self Repair","Biased Cognition","Ball Lightning","Trip","Self Repair","Go for the Eyes+1","Chill","Storm","Leap+1","RitualDagger","Seek+1","Genetic Algorithm+1","Beam Cell+1"],"relics":["Inserter","Anchor","War Paint","Smiling Mask","Bottled Flame","Black Star","Toolbox","Bottled Lightning","Whetstone","Boot","Toxic Egg 2","Bag of Marbles","Runic Pyramid","Mercury Hourglass","NlothsMask"],"potions_floor_usage":[8,11,23,23,30,33,39],"damage_taken":[{"damage":10,"enemies":"Jaw Worm","floor":1,"turns":4},{"damage":1,"enemies":"Cultist","floor":2,"turns":4},{"damage":5,"enemies":"2 Louse","floor":5,"turns":3},{"damage":7,"enemies":"Exordium Thugs","floor":7,"turns":7},{"damage":41,"enemies":"3 Sentries","floor":8,"turns":7},{"damage":5,"enemies":"2 Fungi Beasts","floor":10,"turns":3},{"damage":0,"enemies":"Blue Slaver","floor":11,"turns":3},{"damage":0,"enemies":"Lots of Slimes","floor":13,"turns":4},{"damage":17,"enemies":"Lagavulin","floor":14,"turns":5},{"damage":17,"enemies":"Hexaghost","floor":16,"turns":9},{"damage":19,"enemies":"Spheric Guardian","floor":18,"turns":5},{"damage":5,"enemies":"Chosen","floor":21,"turns":4},{"damage":60,"enemies":"Book of Stabbing","floor":23,"turns":8},{"damage":2,"enemies":"Sentry and Sphere","floor":28,"turns":3},{"damage":28,"enemies":"Slavers","floor":30,"turns":6},{"damage":63,"enemies":"Automaton","floor":33,"turns":12},{"damage":0,"enemies":"Orb Walker","floor":35,"turns":4},{"damage":39,"enemies":"3 Darklings","floor":36,"turns":7},{"damage":54,"enemies":"Spire Growth","floor":39,"turns":4}],"seed_played":"3978945008754389804","potions_obtained":[{"floor":1,"key":"Weak Potion"},{"floor":5,"key":"AttackPotion"},{"floor":7,"key":"AttackPotion"},{"floor":13,"key":"Ancient Potion"},{"floor":21,"key":"SteroidPotion"},{"floor":28,"key":"Strength Potion"},{"floor":30,"key":"Swift Potion"},{"floor":33,"key":"Dexterity Potion"}],"is_trial":false,"path_per_floor":["M","M","?","?","M","R","M","E","T","M","M","R","M","E","R","B",null,"M","?","$","M","$","E","R","$","T","R","M","R","E","?","R","B",null,"M","M","$","?","M"],"character_chosen":"DEFECT","items_purchased":["Toolbox","SteroidPotion","Trip","Go for the Eyes","Mercury Hourglass"],"campfire_rested":7,"item_purchase_floors":[20,20,20,22,37],"current_hp_per_floor":[65,64,49,49,44,66,59,18,18,13,13,35,35,18,40,30,75,63,63,63,65,65,19,41,41,41,63,68,75,61,55,75,12,75,75,43,43,43,0],"gold":14,"neow_bonus":"BOSS_RELIC","is_prod":false,"is_daily":false,"chose_seed":false,"campfire_upgraded":0,"win_rate":0,"timestamp":1564019112,"path_taken":["M","M","?","?","M","R","M","E","T","M","M","R","?","E","R","BOSS","M","?","$","M","?","E","R","$","T","R","M","R","E","?","R","BOSS","M","M","$","?","?"],"build_version":"2019-07-17","purchased_purges":0,"victory":false,"max_hp_per_floor":[75,75,75,75,75,75,75,75,75,75,75,75,75,75,75,75,75,75,75,75,75,75,75,75,75,75,75,75,75,75,75,75,75,75,75,75,75,75,75],"card_choices":[{"not_picked":["Heatsinks","Compile Driver"],"picked":"Melter","floor":1},{"not_picked":["Undo","Sweeping Beam"],"picked":"Consume","floor":2},{"not_picked":["Turbo","Hologram"],"picked":"Steam","floor":5},{"not_picked":["Turbo","Redo"],"picked":"Beam Cell","floor":7},{"not_picked":["Blizzard","Steam"],"picked":"Chaos","floor":8},{"not_picked":["Redo","Leap"],"picked":"Ball Lightning","floor":10},{"not_picked":["Compile Driver","Sweeping Beam"],"picked":"Machine Learning","floor":11},{"not_picked":["Leap","Force Field"],"picked":"Double Energy","floor":13},{"not_picked":["Steam Power","Redo"],"picked":"Self Repair","floor":14},{"not_picked":["Amplify","Core Surge"],"picked":"Biased Cognition","floor":16},{"not_picked":["Static Discharge+1","Turbo"],"picked":"Ball Lightning","floor":18},{"not_picked":["Go for the Eyes","Hologram"],"picked":"Self Repair","floor":21},{"not_picked":["Tempest+1","Barrage"],"picked":"Chill","floor":23},{"not_picked":["Go for the Eyes","Reinforced Body"],"picked":"Storm","floor":28},{"not_picked":["Fusion","Meteor Strike"],"picked":"Leap","floor":30},{"not_picked":["Amplify+1","Thunder Strike"],"picked":"Seek+1","floor":33},{"not_picked":["Go for the Eyes+1","Steam Power+1"],"picked":"Genetic Algorithm+1","floor":35},{"not_picked":["Heatsinks","Gash+1"],"picked":"Beam Cell+1","floor":36}],"player_experience":143829,"relics_obtained":[{"floor":8,"key":"War Paint"},{"floor":9,"key":"Smiling Mask"},{"floor":14,"key":"Bottled Flame"},{"floor":23,"key":"Bottled Lightning"},{"floor":23,"key":"Whetstone"},{"floor":26,"key":"Boot"},{"floor":30,"key":"Toxic Egg 2"},{"floor":30,"key":"Bag of Marbles"}],"event_choices":[{"damage_healed":0,"gold_gain":0,"player_choice":"Entered Light","damage_taken":15,"max_hp_gain":0,"max_hp_loss":0,"event_name":"Shining Light","floor":3,"gold_loss":0,"cards_upgraded":["Defend_B","Consume"]},{"damage_healed":0,"gold_gain":0,"player_choice":"Gave Potion","damage_taken":0,"relics_obtained":["Anchor"],"max_hp_gain":0,"max_hp_loss":0,"event_name":"WeMeetAgain","floor":4,"gold_loss":0},{"cards_removed":["Strike_B"],"damage_healed":0,"gold_gain":0,"player_choice":"Offered Basic","damage_taken":0,"max_hp_gain":0,"max_hp_loss":0,"event_name":"Bonfire Elementals","floor":19,"gold_loss":0},{"damage_healed":0,"gold_gain":0,"player_choice":"Joined the Cult","damage_taken":6,"max_hp_gain":0,"max_hp_loss":0,"event_name":"Nest","floor":31,"gold_loss":0,"cards_obtained":["RitualDagger"]},{"damage_healed":0,"gold_gain":0,"player_choice":"Trade","damage_taken":0,"relics_obtained":["NlothsMask"],"max_hp_gain":0,"max_hp_loss":0,"event_name":"FaceTrader","floor":38,"gold_loss":0}],"is_beta":false,"boss_relics":[{"not_picked":["Calling Bell","Runic Dome"],"picked":"Black Star"},{"not_picked":["Empty Cage","Snecko Eye"],"picked":"Runic Pyramid"}],"items_purged_floors":[],"is_endless":false,"potions_floor_spawned":[1,5,7,13,21,28,30,33],"killed_by":"Spire Growth","ascension_level":1}