{"gold_per_floor":[118,118,136,154,154,189,189,222,222,279,293,253,272,290,290,290],"floor_reached":16,"playtime":1268,"items_purged":[],"score":201,"play_id":"7eea9005-e6fc-46e7-8294-af6b17fa9718","local_time":"20190102192922","is_ascension_mode":true,"campfire_choices":[{"data":"Searing Blow","floor":7,"key":"SMITH"},{"data":"Searing Blow+1","floor":15,"key":"SMITH"}],"neow_cost":"PERCENT_DAMAGE","seed_source_timestamp":279361730339482,"circlet_count":0,"master_deck":["Strike_R","Strike_R","Strike_R","Strike_R","Strike_R","Defend_R","Defend_R","Defend_R","Defend_R","Bash","Searing Blow+2","Warcry","Ghostly Armor","Inflame","Bloodletting","Shrug It Off","Shrug It Off"],"relics":["Burning Blood","Magic Flower","Blue Candle","Mango","Bottled Tornado"],"potions_floor_usage":[6,6,10,13,14,14,16],"damage_taken":[{"damage":9,"enemies":"2 Louse","floor":1,"turns":4},{"damage":0,"enemies":"Small Slimes","floor":3,"turns":3},{"damage":1,"enemies":"Cultist","floor":4,"turns":3},{"damage":32,"enemies":"Gremlin Nob","floor":6,"turns":5},{"damage":40,"enemies":"Lagavulin","floor":8,"turns":6},{"damage":18,"enemies":"Gremlin Nob","floor":10,"turns":4},{"damage":8,"enemies":"Blue Slaver","floor":11,"turns":5},{"damage":1,"enemies":"Looter","floor":13,"turns":3},{"damage":22,"enemies":"Exordium Thugs","floor":14,"turns":6},{"damage":43,"enemies":"Hexaghost","floor":16,"turns":12}],"seed_played":"8967463855863465157","potions_obtained":[{"floor":1,"key":"Weak Potion"},{"floor":3,"key":"PowerPotion"},{"floor":8,"key":"Poison Potion"},{"floor":12,"key":"Energy Potion"},{"floor":12,"key":"LiquidBronze"},{"floor":12,"key":"Energy Potion"},{"floor":13,"key":"BloodPotion"}],"is_trial":false,"path_per_floor":["M","?","M","M","?","E","R","E","T","?","M","?","M","M","R","B"],"character_chosen":"IRONCLAD","items_purchased":[],"campfire_rested":0,"item_purchase_floors":[],"current_hp_per_floor":[64,69,75,80,80,54,54,23,37,28,29,29,37,41,41,0],"gold":290,"neow_bonus":"TWENTY_PERCENT_HP_BONUS","is_prod":false,"is_daily":false,"chose_seed":false,"campfire_upgraded":2,"win_rate":0,"timestamp":1546486162,"path_taken":["M","?","M","M","?","E","R","E","T","?","M","?","M","M","R","BOSS"],"build_version":"2018-12-20","purchased_purges":0,"victory":false,"max_hp_per_floor":[96,101,101,101,101,101,101,101,115,115,115,115,115,115,115,115],"card_choices":[{"not_picked":["Blood for Blood","Evolve"],"picked":"Searing Blow","floor":1},{"not_picked":["Uppercut","Havoc"],"picked":"Warcry","floor":3},{"not_picked":["Second Wind","Fire Breathing"],"picked":"Ghostly Armor","floor":4},{"not_picked":["Body Slam","Disarm"],"picked":"Inflame","floor":6},{"not_picked":["Entrench","Limit Break"],"picked":"Bloodletting","floor":8},{"not_picked":["Blood for Blood","Evolve"],"picked":"Shrug It Off","floor":10},{"not_picked":["Evolve","Clothesline","Intimidate"],"picked":"SKIP","floor":11},{"not_picked":["Heavy Blade","Clothesline"],"picked":"Shrug It Off","floor":13},{"not_picked":["Warcry","Entrench","Uppercut"],"picked":"SKIP","floor":14}],"player_experience":323925,"relics_obtained":[{"floor":6,"key":"Magic Flower"},{"floor":8,"key":"Blue Candle"},{"floor":9,"key":"Mango"},{"floor":10,"key":"Bottled Tornado"}],"event_choices":[{"damage_healed":0,"gold_gain":0,"player_choice":"Donut","damage_taken":0,"max_hp_gain":5,"max_hp_loss":0,"event_name":"Big Fish","floor":2,"gold_loss":0},{"damage_healed":0,"gold_gain":0,"player_choice":"Ignored","damage_taken":0,"max_hp_gain":0,"max_hp_loss":0,"event_name":"Liars Game","floor":5,"gold_loss":0},{"damage_healed":0,"gold_gain":0,"player_choice":"Searched \u00271\u0027 times","damage_taken":0,"max_hp_gain":0,"max_hp_loss":0,"event_name":"Dead Adventurer","floor":10,"gold_loss":0},{"damage_healed":0,"gold_gain":0,"player_choice":"Bought 3 Potions","damage_taken":0,"max_hp_gain":0,"max_hp_loss":0,"event_name":"The Woman in Blue","floor":12,"gold_loss":0}],"is_beta":false,"boss_relics":[],"items_purged_floors":[],"is_endless":false,"potions_floor_spawned":[1,3,8,13],"killed_by":"Hexaghost","ascension_level":7}