{"gold_per_floor":[369,369,294,312,325,351,351,364,364,380,399,399,81,81],"floor_reached":14,"playtime":1061,"items_purged":["Strike_R","Strike_R"],"score":106,"play_id":"9444c0fe-d319-4a4f-8e21-84434f966cdc","local_time":"20181109162739","is_ascension_mode":true,"campfire_choices":[{"floor":7,"key":"REST"}],"neow_cost":"PERCENT_DAMAGE","seed_source_timestamp":881269718227683,"circlet_count":0,"master_deck":["Strike_R","Strike_R","Strike_R","Defend_R","Defend_R","Defend_R","Bash","True Grit","Disarm","Iron Wave","True Grit","Disarm","Ghostly Armor+1","Spot Weakness+1"],"relics":["Burning Blood","Boot","Toxic Egg 2","Golden Idol","Red Skull"],"potions_floor_usage":[6,6,10,10,11],"damage_taken":[{"damage":9,"enemies":"2 Louse","floor":1,"turns":3},{"damage":0,"enemies":"Cultist","floor":4,"turns":3},{"damage":4,"enemies":"Small Slimes","floor":5,"turns":6},{"damage":51,"enemies":"Lagavulin","floor":6,"turns":8},{"damage":7,"enemies":"Red Slaver","floor":8,"turns":6},{"damage":30,"enemies":"Gremlin Gang","floor":10,"turns":9},{"damage":4,"enemies":"Looter","floor":11,"turns":4},{"damage":17,"enemies":"Gremlin Nob","floor":14,"turns":4}],"seed_played":"-7531571814431696953","potions_obtained":[{"floor":4,"key":"EntropicBrew"},{"floor":10,"key":"Fire Potion"}],"is_trial":false,"path_per_floor":["M","?","$","M","M","E","R","M","T","M","M","?","$","E"],"character_chosen":"IRONCLAD","items_purchased":["Red Skull","Spot Weakness+1"],"campfire_rested":1,"item_purchase_floors":[13,13],"current_hp_per_floor":[53,53,53,59,61,16,40,39,39,15,17,17,17,0],"gold":81,"neow_bonus":"TWO_FIFTY_GOLD","is_prod":false,"is_daily":false,"chose_seed":false,"campfire_upgraded":0,"win_rate":0,"timestamp":1541798859,"path_taken":["M","?","$","M","?","E","R","M","T","M","M","?","$","E"],"build_version":"2018-11-08","purchased_purges":2,"victory":false,"max_hp_per_floor":[80,80,80,80,80,80,80,80,80,80,80,74,74,74],"card_choices":[{"not_picked":["Flex","Intimidate"],"picked":"True Grit","floor":1},{"not_picked":["Headbutt","Perfected Strike"],"picked":"Disarm","floor":4},{"not_picked":["Clash","Perfected Strike"],"picked":"Iron Wave","floor":5},{"not_picked":["Heavy Blade","Flex"],"picked":"True Grit","floor":6},{"not_picked":["Body Slam","Anger"],"picked":"Disarm","floor":8},{"not_picked":["Clash","Havoc+1","Rupture"],"picked":"SKIP","floor":10},{"not_picked":["Flex+1","Dual Wield+1"],"picked":"Ghostly Armor+1","floor":11}],"player_experience":113237,"relics_obtained":[{"floor":6,"key":"Boot"},{"floor":9,"key":"Toxic Egg 2"}],"event_choices":[{"cards_removed":["Defend_R"],"damage_healed":0,"gold_gain":0,"player_choice":"Purged","damage_taken":0,"max_hp_gain":0,"max_hp_loss":0,"event_name":"Purifier","floor":2,"gold_loss":0},{"damage_healed":0,"gold_gain":0,"player_choice":"Lose Max HP","damage_taken":0,"relics_obtained":["Golden Idol"],"max_hp_gain":0,"max_hp_loss":6,"event_name":"Golden Idol","floor":12,"gold_loss":0}],"is_beta":false,"boss_relics":[],"items_purged_floors":[3,13],"is_endless":false,"potions_floor_spawned":[4,10],"killed_by":"Gremlin Nob","ascension_level":3}