{"gold_per_floor":[114,114,129,147,166,166,194,207,207,221,239,269,269,294,294,294],"floor_reached":16,"playtime":509,"items_purged":[],"score":248,"play_id":"d1e8019a-45c6-4ba4-9ca0-9ae23bf03e71","local_time":"20190916083307","is_ascension_mode":true,"campfire_choices":[{"data":"Bash","floor":6.0,"key":"SMITH"},{"data":"Shockwave","floor":13,"key":"SMITH"},{"data":"Armaments","floor":15,"key":"SMITH"}],"neow_cost":"NONE","seed_source_timestamp":347401181661000,"circlet_count":0,"master_deck":["AscendersBane","Strike_R","Strike_R","Strike_R","Strike_R","Defend_R","Defend_R","Defend_R","Defend_R","Bash+1","Anger","Anger","Shrug It Off","Body Slam","Immolate","Shockwave+1","Armaments+1","Inflame"],"special_seed":0,"relics":["Burning Blood","Boot","Bottled Lightning","Dream Catcher","Red Skull","Blue Candle"],"potions_floor_usage":[8,12,16],"damage_taken":[{"damage":14.0,"enemies":"Small Slimes","floor":1.0,"turns":4.0},{"damage":1.0,"enemies":"Cultist","floor":3.0,"turns":3.0},{"damage":4.0,"enemies":"2 Louse","floor":4.0,"turns":3.0},{"damage":9.0,"enemies":"2 Fungi Beasts","floor":5.0,"turns":4.0},{"damage":30.0,"enemies":"Lagavulin","floor":7.0,"turns":7.0},{"damage":5,"enemies":"3 Louse","floor":8,"turns":5},{"damage":8,"enemies":"Blue Slaver","floor":10,"turns":3},{"damage":0,"enemies":"Gremlin Gang","floor":11,"turns":2},{"damage":15,"enemies":"3 Sentries","floor":12,"turns":3},{"damage":22,"enemies":"Lagavulin","floor":14,"turns":6},{"damage":34,"enemies":"Slime Boss","floor":16,"turns":7}],"seed_played":"-9035152438645040323","potions_obtained":[{"floor":3.0,"key":"AttackPotion"},{"floor":7,"key":"Dexterity Potion"},{"floor":8,"key":"Regen Potion"},{"floor":11,"key":"SpeedPotion"},{"floor":14,"key":"LiquidBronze"}],"is_trial":false,"path_per_floor":["M","?","M","M","M","R","E","M","T","M","M","E","R","E","R","B"],"character_chosen":"IRONCLAD","items_purchased":[],"campfire_rested":0,"item_purchase_floors":[],"current_hp_per_floor":[60,60,65,67,64,64,40,41,41,39,45,45,45,29,29,0],"gold":294,"neow_bonus":"RANDOM_COMMON_RELIC","is_prod":false,"is_daily":false,"chose_seed":false,"campfire_upgraded":3,"win_rate":0,"timestamp":1568647987,"path_taken":["M","?","?","M","M","R","E","M","T","M","M","E","R","E","R","BOSS"],"build_version":"2019-07-17","purchased_purges":0,"victory":false,"max_hp_per_floor":[75,75,75,75,75,75,75,75,75,75,75,75,75,75,75,75],"card_choices":[{"not_picked":["Wild Strike","Havoc"],"picked":"Anger","floor":1.0},{"not_picked":["Reckless Charge","True Grit"],"picked":"Anger","floor":3.0},{"not_picked":["Perfected Strike","Rupture"],"picked":"Shrug It Off","floor":4.0},{"not_picked":["Warcry","Headbutt","Twin Strike"],"picked":"SKIP","floor":5.0},{"not_picked":["Twin Strike","Cleave"],"picked":"Body Slam","floor":7},{"not_picked":["Uppercut","Entrench"],"picked":"Immolate","floor":8},{"not_picked":["Flex","Twin Strike","Clash"],"picked":"SKIP","floor":10},{"not_picked":["Clothesline","Shrug It Off"],"picked":"Shockwave","floor":11},{"not_picked":["Dual Wield","True Grit"],"picked":"Armaments","floor":12},{"not_picked":["Reckless Charge","Bloodletting"],"picked":"Inflame","floor":14}],"player_experience":760964,"relics_obtained":[{"floor":7,"key":"Bottled Lightning"},{"floor":9,"key":"Dream Catcher"},{"floor":12,"key":"Red Skull"},{"floor":14,"key":"Blue Candle"}],"event_choices":[{"cards_removed":["Strike_R"],"damage_healed":0.0,"max_hp_gain":0.0,"max_hp_loss":0.0,"gold_gain":0.0,"event_name":"Bonfire Elementals","player_choice":"Offered Basic","floor":2.0,"gold_loss":0.0,"damage_taken":0.0}],"is_beta":false,"boss_relics":[],"items_purged_floors":[],"is_endless":false,"potions_floor_spawned":[3,7,8,11,14],"killed_by":"Slime Boss","ascension_level":20}