{"gold_per_floor":[216,12,23,23,41,71,71,99,99,6,6,67,84,107,107,210,210,193,48,48,63,82,82,100,100,100,115,115,115,115,133,133,233,233,252,252,14,28,41,41,76,90,90,90,109,141,141,153,153,153],"floor_reached":50,"playtime":4534,"items_purged":["Strike_B"],"score":588,"play_id":"2ac9f538-d827-4535-b066-51b1e37f6715","local_time":"20190825212532","is_ascension_mode":true,"campfire_choices":[{"floor":7,"key":"REST"},{"floor":15,"key":"REST"},{"floor":23,"key":"REST"},{"floor":25,"key":"REST"},{"floor":28,"key":"REST"},{"floor":32,"key":"REST"},{"data":"Loop","floor":40,"key":"SMITH"},{"floor":44,"key":"REST"},{"data":"Defragment","floor":47,"key":"SMITH"},{"floor":49,"key":"REST"}],"neow_cost":"NONE","seed_source_timestamp":155414792778131,"circlet_count":0,"master_deck":["Strike_B","Strike_B","Defend_B","Defend_B","Defend_B","Defend_B","Zap","Dualcast","Cold Snap","Steam Power","White Noise","Sunder","Conserve Battery","Static Discharge","Electrodynamics","Cold Snap","Go for the Eyes","Creative AI","Sweeping Beam","Steam+1","RitualDagger","Doom and Gloom+1","Redo+1","Streamline+1","Tempest","Loop+1","Self Repair+1","Seek","Rebound+1","Barrage+1","Tempest+1","Thunder Strike","Defragment+1","Capacitor+1","Fusion+1"],"relics":["Cracked Core","Vajra","NlothsMask","Ornamental Fan","Mummified Hand","Prayer Wheel","PreservedInsect","Sozu","Anchor","Boot","Inserter","Membership Card","Oddly Smooth Stone","Regal Pillow","Happy Flower"],"potions_floor_usage":[8,8,12,12],"damage_taken":[{"damage":4,"enemies":"2 Louse","floor":1,"turns":2},{"damage":0,"enemies":"Cultist","floor":3,"turns":3},{"damage":10,"enemies":"Small Slimes","floor":5,"turns":3},{"damage":8,"enemies":"3 Sentries","floor":6,"turns":4},{"damage":16,"enemies":"Gremlin Nob","floor":8,"turns":4},{"damage":6,"enemies":"Lagavulin Event","floor":12,"turns":4},{"damage":4,"enemies":"Blue Slaver","floor":13,"turns":3},{"damage":39,"enemies":"Hexaghost","floor":16,"turns":10},{"damage":22,"enemies":"2 Thieves","floor":18,"turns":4},{"damage":13,"enemies":"Shell Parasite","floor":21,"turns":4},{"damage":13,"enemies":"Centurion and Healer","floor":22,"turns":3},{"damage":22,"enemies":"Snecko","floor":24,"turns":4},{"damage":6,"enemies":"Sentry and Sphere","floor":27,"turns":3},{"damage":7,"enemies":"Centurion and Healer","floor":31,"turns":3},{"damage":59,"enemies":"Collector","floor":33,"turns":8},{"damage":0,"enemies":"3 Shapes","floor":35,"turns":4},{"damage":1,"enemies":"Orb Walker","floor":38,"turns":3},{"damage":23,"enemies":"Maw","floor":39,"turns":7},{"damage":16,"enemies":"Nemesis","floor":41,"turns":5},{"damage":16,"enemies":"Transient","floor":42,"turns":5},{"damage":2,"enemies":"Sphere and 2 Shapes","floor":45,"turns":3},{"damage":24,"enemies":"Reptomancer","floor":46,"turns":5},{"damage":29,"enemies":"Maw","floor":48,"turns":5},{"damage":80,"enemies":"Donu and Deca","floor":50,"turns":6}],"seed_played":"3843373774137110050","potions_obtained":[{"floor":3,"key":"EssenceOfSteel"},{"floor":6,"key":"Weak Potion"},{"floor":8,"key":"Energy Potion"}],"is_trial":false,"path_per_floor":["M","$","M","?","M","E","R","E","T","$","?","?","M","T","R","B",null,"M","$","?","M","M","R","M","R","T","M","R","?","?","M","R","B",null,"M","?","$","M","M","R","E","M","T","R","M","E","R","M","R","B"],"character_chosen":"DEFECT","items_purchased":["Vajra","Dexterity Potion","Conserve Battery","Static Discharge","Anchor","Membership Card"],"campfire_rested":8,"item_purchase_floors":[2,2,10,10,19,37],"current_hp_per_floor":[71,71,71,71,61,53,75,59,59,59,59,53,49,49,71,32,75,53,53,47,34,21,43,21,43,43,37,59,59,59,52,74,15,75,75,85,85,85,72,72,66,60,60,85,83,69,69,40,80,0],"gold":153,"neow_bonus":"HUNDRED_GOLD","is_prod":false,"is_daily":false,"chose_seed":false,"campfire_upgraded":2,"win_rate":0,"timestamp":1566782732,"path_taken":["M","$","M","?","?","E","R","E","T","$","?","?","M","?","R","BOSS","M","$","?","M","M","R","M","R","T","M","R","?","?","?","R","BOSS","M","?","$","?","M","R","E","M","T","R","M","E","R","M","R","BOSS"],"build_version":"2019-07-17","purchased_purges":1,"victory":false,"max_hp_per_floor":[75,75,75,75,75,75,75,75,75,75,75,75,75,75,75,75,75,75,75,75,75,75,75,75,75,75,75,75,75,75,75,75,75,75,75,85,85,85,85,85,85,85,85,85,85,85,85,85,85,85],"card_choices":[{"not_picked":["Skim","Turbo"],"picked":"Cold Snap","floor":1},{"not_picked":["Recycle","Coolheaded"],"picked":"Steam Power","floor":3},{"not_picked":["Turbo","Rebound"],"picked":"White Noise","floor":5},{"not_picked":["Steam","Darkness"],"picked":"Sunder","floor":6},{"not_picked":["Stack","Leap"],"picked":"Amplify","floor":8},{"not_picked":["Blizzard","Ball Lightning"],"picked":"Cold Snap","floor":13},{"not_picked":["Storm","Cold Snap"],"picked":"Go for the Eyes","floor":13},{"not_picked":["Electrodynamics","Fission"],"picked":"Creative AI","floor":16},{"not_picked":["Coolheaded","Force Field"],"picked":"Sweeping Beam","floor":18},{"not_picked":["Conserve Battery","Rebound"],"picked":"Steam+1","floor":18},{"not_picked":["Capacitor+1","Stack"],"picked":"Doom and Gloom+1","floor":21},{"not_picked":["Blizzard","Steam","Turbo"],"picked":"SKIP","floor":21},{"not_picked":["Coolheaded","Doom and Gloom"],"picked":"Redo+1","floor":22},{"not_picked":["Reprogram","Hologram","Conserve Battery"],"picked":"SKIP","floor":22},{"not_picked":["Coolheaded","Fission"],"picked":"Streamline+1","floor":24},{"not_picked":["Sweeping Beam+1","Cold Snap","Darkness"],"picked":"SKIP","floor":24},{"not_picked":["Skim","Chill+1"],"picked":"Tempest","floor":27},{"not_picked":["Redo","Gash","Cold Snap"],"picked":"SKIP","floor":27},{"not_picked":["Blizzard+1","Fusion"],"picked":"Loop","floor":31},{"not_picked":["Compile Driver","Skim"],"picked":"Self Repair+1","floor":31},{"not_picked":["Machine Learning","Rainbow"],"picked":"Seek","floor":33},{"not_picked":["Hologram","Heatsinks"],"picked":"Rebound+1","floor":35},{"not_picked":["Redo+1","Cold Snap","Ball Lightning"],"picked":"SKIP","floor":35},{"not_picked":["Blizzard+1","Melter"],"picked":"Barrage+1","floor":38},{"not_picked":["Force Field+1","Ball Lightning+1","Darkness+1"],"picked":"SKIP","floor":38},{"not_picked":["Streamline+1","Auto Shields+1"],"picked":"Tempest+1","floor":39},{"not_picked":["Rebound+1","Chill","Recycle+1"],"picked":"SKIP","floor":39},{"not_picked":["Melter+1","Go for the Eyes"],"picked":"Thunder Strike","floor":41},{"not_picked":["Skim+1","Barrage"],"picked":"Defragment","floor":42},{"not_picked":["Go for the Eyes","Streamline","Compile Driver+1"],"picked":"SKIP","floor":42},{"not_picked":["Beam Cell","Stack+1"],"picked":"Capacitor+1","floor":45},{"not_picked":["Coolheaded+1","Beam Cell","Capacitor+1"],"picked":"SKIP","floor":45},{"not_picked":["Cold Snap","Beam Cell+1","Steam"],"picked":"SKIP","floor":46},{"not_picked":["Aggregate+1","Sweeping Beam+1"],"picked":"Fusion+1","floor":48},{"not_picked":["Barrage","Coolheaded","Rebound"],"picked":"SKIP","floor":48}],"player_experience":235036,"relics_obtained":[{"floor":6,"key":"Ornamental Fan"},{"floor":8,"key":"Mummified Hand"},{"floor":12,"key":"Prayer Wheel"},{"floor":14,"key":"PreservedInsect"},{"floor":26,"key":"Boot"},{"floor":41,"key":"Oddly Smooth Stone"},{"floor":43,"key":"Regal Pillow"},{"floor":46,"key":"Happy Flower"}],"event_choices":[{"damage_healed":0,"gold_gain":0,"player_choice":"Trade","damage_taken":0,"relics_obtained":["NlothsMask"],"max_hp_gain":0,"max_hp_loss":0,"event_name":"FaceTrader","floor":4,"gold_loss":0},{"damage_healed":0,"gold_gain":0,"cards_transformed":["Strike_B"],"player_choice":"Change","damage_taken":0,"max_hp_gain":0,"max_hp_loss":0,"event_name":"Living Wall","floor":11,"gold_loss":0,"cards_obtained":["Electrodynamics"]},{"damage_healed":0,"gold_gain":30,"player_choice":"Searched \u00272\u0027 times","damage_taken":0,"max_hp_gain":0,"max_hp_loss":0,"event_name":"Dead Adventurer","floor":12,"gold_loss":0},{"damage_healed":0,"gold_gain":0,"player_choice":"Joined the Cult","damage_taken":6,"max_hp_gain":0,"max_hp_loss":0,"event_name":"Nest","floor":20,"gold_loss":0,"cards_obtained":["RitualDagger"]},{"damage_healed":0,"gold_gain":0,"player_choice":"Ignored","damage_taken":0,"max_hp_gain":0,"max_hp_loss":0,"event_name":"Vampires","floor":29,"gold_loss":0},{"damage_healed":0,"gold_gain":0,"player_choice":"Bought 0 Potions","damage_taken":0,"max_hp_gain":0,"max_hp_loss":0,"event_name":"The Woman in Blue","floor":30,"gold_loss":0},{"cards_removed":["Amplify"],"damage_healed":0,"gold_gain":0,"player_choice":"Offered Rare","damage_taken":0,"max_hp_gain":10,"max_hp_loss":0,"event_name":"Bonfire Elementals","floor":36,"gold_loss":0}],"is_beta":false,"boss_relics":[{"not_picked":["Pandora\u0027s Box","Snecko Eye"],"picked":"Sozu"},{"not_picked":["FrozenCore","Philosopher\u0027s Stone"],"picked":"Inserter"}],"items_purged_floors":[37],"is_endless":false,"potions_floor_spawned":[3,6,8,18,22,31,35,41,45],"killed_by":"Donu and Deca","ascension_level":2}