{"gold_per_floor":[117,130,33,51,63,63,90,90,90,104,104,135,36,36,36,136,136,124,141,52,52,65,65,85,116,116,116,136,149,182,197,197,295,295,314,314,166,166,181,207,207,233,233,245,260,310,175,191,191,191],"floor_reached":51,"playtime":4414,"items_purged":["Strike_R","Second Wind","Defend_R","Feed+1"],"score":873,"play_id":"bd9af19d-6cbf-47a9-9996-cbb7033f9dd5","local_time":"20181005010236","is_ascension_mode":true,"campfire_choices":[{"data":"Bash","floor":6,"key":"SMITH"},{"data":"Flame Barrier","floor":8,"key":"SMITH"},{"data":"Armaments","floor":11,"key":"SMITH"},{"data":"Shrug It Off","floor":15,"key":"SMITH"},{"data":"Barricade","floor":23,"key":"SMITH"},{"data":"Rage","floor":27,"key":"SMITH"},{"data":"Feed","floor":32,"key":"SMITH"},{"data":"1","floor":49,"key":"LIFT"}],"neow_cost":"PERCENT_DAMAGE","seed_source_timestamp":822826623723404,"circlet_count":0,"master_deck":["Defend_R+1","Defend_R+1","Bash+1","Rage+1","Ghostly Armor+1","Clothesline+1","Flex+1","Flame Barrier+1","Armaments+1","Carnage+1","Shrug It Off+1","Barricade+1","Reckless Charge+1","Twin Strike+1","Metallicize+1","Bite+1","Bite+1","Bite+1","Bite+1","Battle Trance+1","Disarm+1","Offering+1","Shrug It Off+1","Impervious+1","Rampage+1","Feel No Pain+1","Spot Weakness+1","Shrug It Off+1","Disarm+1","Heavy Blade+1","Clumsy","True Grit+1","Dark Embrace","Body Slam","Fire Breathing","Body Slam"],"relics":["Burning Blood","Smiling Mask","Gremlin Horn","Mango","Mummified Hand","Coffee Dripper","Centennial Puzzle","Dodecahedron","Bottled Tornado","Cursed Key","Mark of the Bloom","Kunai","Blood Vial","Ancient Tea Set","Girya"],"potions_floor_usage":[16,16,30,44,46,50,50,50],"damage_taken":[{"damage":9,"enemies":"Cultist","floor":1,"turns":4},{"damage":15,"enemies":"Jaw Worm","floor":2,"turns":4},{"damage":0,"enemies":"2 Louse","floor":4,"turns":3},{"damage":18,"enemies":"Exordium Thugs","floor":5,"turns":6},{"damage":19,"enemies":"Gremlin Nob","floor":7,"turns":5},{"damage":11,"enemies":"Exordium Wildlife","floor":10,"turns":7},{"damage":14,"enemies":"Lagavulin","floor":12,"turns":10},{"damage":12,"enemies":"The Guardian","floor":16,"turns":16},{"damage":2,"enemies":"2 Thieves","floor":18,"turns":4},{"damage":5,"enemies":"Chosen","floor":19,"turns":3},{"damage":24,"enemies":"Shelled Parasite and Fungi","floor":22,"turns":20},{"damage":2,"enemies":"Centurion and Healer","floor":24,"turns":10},{"damage":8,"enemies":"Book of Stabbing","floor":25,"turns":8},{"damage":0,"enemies":"Snecko","floor":28,"turns":6},{"damage":0,"enemies":"Sentry and Sphere","floor":29,"turns":5},{"damage":6,"enemies":"Slavers","floor":30,"turns":6},{"damage":7,"enemies":"Centurion and Healer","floor":31,"turns":8},{"damage":12,"enemies":"Collector","floor":33,"turns":20},{"damage":6,"enemies":"Orb Walker","floor":35,"turns":6},{"damage":0,"enemies":"3 Shapes","floor":39,"turns":4},{"damage":0,"enemies":"Giant Head","floor":40,"turns":12},{"damage":0,"enemies":"Nemesis","floor":42,"turns":7},{"damage":0,"enemies":"Transient","floor":44,"turns":5},{"damage":0,"enemies":"3 Darklings","floor":45,"turns":6},{"damage":19,"enemies":"Mysterious Sphere","floor":46,"turns":6},{"damage":7,"enemies":"Sphere and 2 Shapes","floor":48,"turns":7},{"damage":10,"enemies":"Donu and Deca","floor":50,"turns":9}],"seed_played":"1409415902567578223","potions_obtained":[{"floor":1,"key":"Energy Potion"},{"floor":10,"key":"Fire Potion"},{"floor":19,"key":"Energy Potion"},{"floor":24,"key":"Ancient Potion"},{"floor":25,"key":"LiquidBronze"},{"floor":28,"key":"Regen Potion"},{"floor":39,"key":"FearPotion"},{"floor":40,"key":"GamblersBrew"},{"floor":45,"key":"GamblersBrew"},{"floor":46,"key":"PowerPotion"}],"is_trial":false,"path_per_floor":["M","M","$","M","M","R","E","R","T","M","R","E","$","T","R","B",null,"M","M","$","?","M","R","M","E","T","R","M","M","E","M","R","B",null,"M","?","$","?","M","E","R","E","T","M","M","?","$","M","R","B"],"character_chosen":"IRONCLAD","items_purchased":["Flex","Shrug It Off","Metallicize","Feel No Pain","Spot Weakness","Fire Breathing","Body Slam"],"campfire_rested":0,"item_purchase_floors":[3,13,20,37,37,47,47],"current_hp_per_floor":[53,44,44,50,38,38,25,25,25,20,20,26,26,26,26,20,94,94,94,94,65,65,65,65,65,65,65,65,65,65,65,65,65,65,69,69,69,69,69,69,69,69,69,69,69,50,50,43,43,33],"gold":191,"neow_bonus":"TRANSFORM_TWO_CARDS","is_prod":false,"is_daily":false,"chose_seed":false,"campfire_upgraded":7,"win_rate":0,"timestamp":1538715756,"path_taken":["M","M","$","M","M","R","E","R","T","?","R","E","$","?","R","BOSS","M","?","$","?","M","R","M","E","T","R","M","?","E","?","R","BOSS","M","?","$","?","?","E","R","E","T","M","M","?","$","M","R","BOSS"],"build_version":"2018-10-04","purchased_purges":4,"victory":true,"max_hp_per_floor":[80,80,80,80,80,80,80,80,80,80,80,94,94,94,94,94,94,94,94,94,65,65,65,65,65,65,65,65,65,65,65,65,65,65,69,69,69,69,73,73,73,73,73,73,73,77,77,77,77,77],"card_choices":[{"not_picked":["Disarm","Perfected Strike"],"picked":"Ghostly Armor","floor":1},{"not_picked":["Headbutt","Heavy Blade"],"picked":"Clothesline","floor":2},{"not_picked":["Perfected Strike","Cleave","Dropkick"],"picked":"SKIP","floor":4},{"not_picked":["Anger","Warcry"],"picked":"Flame Barrier","floor":5},{"not_picked":["Bloodletting","Flex"],"picked":"Armaments","floor":7},{"not_picked":["Rampage","Pommel Strike"],"picked":"Carnage","floor":10},{"not_picked":["Heavy Blade","Whirlwind","Combust"],"picked":"SKIP","floor":12},{"not_picked":["Fiend Fire","Bludgeon"],"picked":"Barricade","floor":16},{"not_picked":["Heavy Blade","Clash"],"picked":"Reckless Charge+1","floor":18},{"not_picked":["Ghostly Armor","Iron Wave"],"picked":"Twin Strike+1","floor":19},{"not_picked":["Body Slam","Thunderclap"],"picked":"Battle Trance+1","floor":22},{"not_picked":["Dual Wield+1","Brutality"],"picked":"Disarm+1","floor":24},{"not_picked":["Clash","True Grit"],"picked":"Offering","floor":25},{"not_picked":["Heavy Blade","Uppercut"],"picked":"Shrug It Off+1","floor":28},{"not_picked":["Warcry","True Grit","Burning Pact"],"picked":"SKIP","floor":29},{"not_picked":["Rage+1","Reaper","Perfected Strike+1"],"picked":"SKIP","floor":30},{"not_picked":["True Grit","Iron Wave"],"picked":"Feed","floor":31},{"not_picked":["Berserk","Offering"],"picked":"Impervious","floor":33},{"not_picked":["Clothesline","Thunderclap+1"],"picked":"Rampage","floor":35},{"not_picked":["Perfected Strike","Headbutt"],"picked":"Shrug It Off+1","floor":39},{"not_picked":["Feel No Pain+1","Heavy Blade+1"],"picked":"Disarm+1","floor":40},{"not_picked":["Perfected Strike+1","Iron Wave"],"picked":"Heavy Blade+1","floor":42},{"not_picked":["Rage","Clothesline+1"],"picked":"True Grit+1","floor":44},{"not_picked":["Combust+1","Armaments"],"picked":"Dark Embrace","floor":45},{"not_picked":["Heavy Blade","Intimidate"],"picked":"Body Slam","floor":46},{"not_picked":["Sword Boomerang+1","Twin Strike","Shrug It Off+1"],"picked":"SKIP","floor":48}],"player_experience":58775,"relics_obtained":[{"floor":7,"key":"Smiling Mask"},{"floor":9,"key":"Gremlin Horn"},{"floor":12,"key":"Mango"},{"floor":14,"key":"Mummified Hand"},{"floor":25,"key":"Centennial Puzzle"},{"floor":26,"key":"Dodecahedron"},{"floor":30,"key":"Bottled Tornado"},{"floor":40,"key":"Kunai"},{"floor":42,"key":"Blood Vial"},{"floor":43,"key":"Ancient Tea Set"},{"floor":46,"key":"Girya"}],"event_choices":[{"event_name":"Vampires","player_choice":"Became a vampire","floor":21,"damage_taken":0},{"event_name":"Falling","player_choice":"Removed Attack","floor":36,"damage_taken":0},{"event_name":"MindBloom","player_choice":"Upgrade","floor":38,"damage_taken":0},{"event_name":"Mysterious Sphere","player_choice":"Fight","floor":46,"damage_taken":0}],"is_beta":false,"boss_relics":[{"not_picked":["Black Blood","Philosopher\u0027s Stone"],"picked":"Coffee Dripper"},{"not_picked":["Runic Dome","Lizard Tail"],"picked":"Cursed Key"}],"items_purged_floors":[3,13,20,47],"is_endless":false,"potions_floor_spawned":[1,10,19,24,25,28,29,39,40,45,46,48],"ascension_level":1}