{"gold_per_floor":[109,120,140,215,226,226,245,245,245,245,275,176,176],"floor_reached":13,"playtime":498,"items_purged":["Strike_R"],"score":170,"play_id":"99d86600-778b-4920-b935-1a61ce51bd9a","local_time":"20190916174232","is_ascension_mode":true,"campfire_choices":[{"data":"Bash","floor":6,"key":"SMITH"},{"data":"Disarm","floor":8,"key":"SMITH"},{"floor":10,"key":"REST"}],"neow_cost":"NONE","seed_source_timestamp":380385687386900,"circlet_count":0,"master_deck":["AscendersBane","Strike_R","Strike_R","Strike_R","Strike_R","Defend_R","Defend_R","Defend_R","Defend_R","Bash+1","Madness","Power Through","Evolve","Reckless Charge","Shrug It Off","Disarm+1","Reckless Charge","Shrug It Off"],"relics":["Burning Blood","Gremlin Horn","Kunai"],"potions_floor_usage":[13],"damage_taken":[{"damage":13,"enemies":"Small Slimes","floor":1,"turns":5},{"damage":9,"enemies":"Cultist","floor":2,"turns":6},{"damage":12,"enemies":"Jaw Worm","floor":3,"turns":4},{"damage":10,"enemies":"Looter","floor":5,"turns":4},{"damage":20,"enemies":"3 Louse","floor":7,"turns":8},{"damage":19,"enemies":"3 Sentries","floor":11,"turns":12},{"damage":57,"enemies":"Gremlin Nob","floor":13,"turns":6}],"seed_played":"-1573273395192121124","potions_obtained":[{"floor":1,"key":"SpeedPotion"}],"is_trial":false,"path_per_floor":["M","M","M","?","M","R","M","R","T","R","E","$","E"],"character_chosen":"IRONCLAD","items_purchased":["Shrug It Off"],"campfire_rested":1,"item_purchase_floors":[12],"current_hp_per_floor":[61,58,52,41,37,37,23,23,23,45,32,32,0],"gold":176,"neow_bonus":"RANDOM_COLORLESS","is_prod":false,"is_daily":false,"chose_seed":false,"campfire_upgraded":2,"win_rate":0,"timestamp":1568680952,"path_taken":["M","M","M","?","M","R","M","R","T","R","E","$","E"],"build_version":"2019-07-17","purchased_purges":1,"victory":false,"max_hp_per_floor":[75,75,75,75,75,75,75,75,75,75,75,75,75],"card_choices":[{"not_picked":["Rage","Armaments"],"picked":"Power Through","floor":1},{"not_picked":["Heavy Blade","Headbutt"],"picked":"Evolve","floor":2},{"not_picked":["Iron Wave","Heavy Blade"],"picked":"Reckless Charge","floor":3},{"not_picked":["Anger","Warcry"],"picked":"Shrug It Off","floor":5},{"not_picked":["Fire Breathing","Twin Strike"],"picked":"Disarm","floor":7},{"not_picked":["Body Slam","Corruption"],"picked":"Reckless Charge","floor":11}],"player_experience":790481,"relics_obtained":[{"floor":9,"key":"Gremlin Horn"},{"floor":11,"key":"Kunai"}],"event_choices":[{"damage_healed":0,"gold_gain":75,"player_choice":"Gather Gold","damage_taken":11,"max_hp_gain":0,"max_hp_loss":0,"event_name":"World of Goop","floor":4,"gold_loss":0}],"is_beta":false,"boss_relics":[],"items_purged_floors":[12],"is_endless":false,"potions_floor_spawned":[1],"killed_by":"Gremlin Nob","ascension_level":20}