{"gold_per_floor":[363,375,2,17,28,28,62,62,110,64,64,97,19,50,62,146,158,186,198,210,232,244],"floor_reached":22,"playtime":3090,"items_purged":["Strike_B"],"score":369,"play_id":"125c1814-d1c8-473d-8846-611ffd928f44","local_time":"20190329164411","is_ascension_mode":true,"campfire_choices":[{"floor":6,"key":"REST"},{"data":"Consume","floor":8,"key":"SMITH"},{"floor":11,"key":"REST"},{"floor":15,"key":"REST"}],"neow_cost":"PERCENT_DAMAGE","seed_source_timestamp":265020302419516,"circlet_count":0,"master_deck":["AscendersBane","Strike_B","Strike_B","Defend_B","Defend_B","Defend_B","Defend_B","Zap","Dualcast","Ball Lightning","Echo Form","Core Surge","Conserve Battery","Genetic Algorithm","Consume+1","Reboot","Ball Lightning+1","Conserve Battery","Hyperbeam+1","Beam Cell+1","Go for the Eyes+1"],"relics":["Cracked Core","Blood Vial","Molten Egg 2","Vajra","PreservedInsect","MawBank","Runic Pyramid"],"potions_floor_usage":[7,16,21,21],"damage_taken":[{"damage":12,"enemies":"Jaw Worm","floor":1,"turns":3},{"damage":7,"enemies":"Small Slimes","floor":2,"turns":3},{"damage":1,"enemies":"Cultist","floor":4,"turns":4},{"damage":7,"enemies":"Looter","floor":5,"turns":3},{"damage":31,"enemies":"Gremlin Nob","floor":7,"turns":4},{"damage":10,"enemies":"Lagavulin","floor":12,"turns":5},{"damage":15,"enemies":"Lots of Slimes","floor":14,"turns":3},{"damage":19,"enemies":"Slime Boss","floor":16,"turns":6},{"damage":5,"enemies":"3 Byrds","floor":18,"turns":3},{"damage":46,"enemies":"Colosseum Slavers","floor":19,"turns":4},{"damage":11,"enemies":"Shell Parasite","floor":21,"turns":3},{"damage":8,"enemies":"3 Cultists","floor":22,"turns":2}],"seed_played":"-934870814415872332","potions_obtained":[{"floor":5,"key":"AttackPotion"},{"floor":7,"key":"Ancient Potion"},{"floor":14,"key":"Swift Potion"},{"floor":16,"key":"FocusPotion"}],"is_trial":false,"path_per_floor":["M","M","$","M","M","R","E","R","T","?","R","E","?","M","R","B",null,"M","?","?","M","M"],"character_chosen":"DEFECT","items_purchased":["Core Surge","Blood Vial","Conserve Battery"],"campfire_rested":3,"item_purchase_floors":[3,3,3],"current_hp_per_floor":[34,27,27,28,23,44,15,15,15,15,36,28,28,15,36,19,58,55,11,11,2,0],"gold":244,"neow_bonus":"TWO_FIFTY_GOLD","is_prod":false,"is_daily":false,"chose_seed":false,"campfire_upgraded":1,"win_rate":0,"timestamp":1553903051,"path_taken":["M","M","$","M","M","R","E","R","T","?","R","E","?","M","R","BOSS","M","?","?","?","M"],"build_version":"2019-01-23","purchased_purges":1,"victory":false,"max_hp_per_floor":[71,71,71,71,71,71,71,71,71,71,71,71,71,71,71,71,71,71,71,71,71,71],"card_choices":[{"not_picked":["Compile Driver","Rebound"],"picked":"Ball Lightning","floor":1},{"not_picked":["Consume","Beam Cell"],"picked":"Echo Form","floor":2},{"not_picked":["Go for the Eyes","Rebound"],"picked":"Genetic Algorithm","floor":4},{"not_picked":["Streamline","Barrage"],"picked":"Consume","floor":5},{"not_picked":["Tempest","Gash"],"picked":"Reboot","floor":7},{"not_picked":["Scrape+1","Stack"],"picked":"Ball Lightning+1","floor":12},{"not_picked":["Consume","Ball Lightning+1"],"picked":"Conserve Battery","floor":14},{"not_picked":["All For One+1","Echo Form"],"picked":"Hyperbeam+1","floor":16},{"not_picked":["Reprogram","Ball Lightning+1"],"picked":"Beam Cell+1","floor":18},{"not_picked":["Stack","Reinforced Body"],"picked":"Go for the Eyes+1","floor":21}],"player_experience":804595,"relics_obtained":[{"floor":7,"key":"Molten Egg 2"},{"floor":9,"key":"Vajra"},{"floor":12,"key":"PreservedInsect"}],"event_choices":[{"damage_healed":0,"gold_gain":0,"player_choice":"Left Gold","damage_taken":0,"max_hp_gain":0,"max_hp_loss":0,"event_name":"World of Goop","floor":10,"gold_loss":46},{"damage_healed":0,"gold_gain":0,"player_choice":"Paid Gold","damage_taken":0,"relics_obtained":["MawBank"],"max_hp_gain":0,"max_hp_loss":0,"event_name":"WeMeetAgain","floor":13,"gold_loss":78},{"damage_healed":0,"gold_gain":0,"player_choice":"Fight","damage_taken":0,"max_hp_gain":0,"max_hp_loss":0,"event_name":"Colosseum","floor":19,"gold_loss":0},{"damage_healed":0,"gold_gain":0,"player_choice":"Fled From Nobs","damage_taken":0,"max_hp_gain":0,"max_hp_loss":0,"event_name":"Colosseum","floor":19,"gold_loss":0},{"cards_removed":["Strike_B"],"damage_healed":0,"gold_gain":0,"player_choice":"Purged","damage_taken":0,"max_hp_gain":0,"max_hp_loss":0,"event_name":"Purifier","floor":20,"gold_loss":0}],"is_beta":false,"boss_relics":[{"not_picked":["Calling Bell","Empty Cage"],"picked":"Runic Pyramid"}],"items_purged_floors":[3],"is_endless":false,"potions_floor_spawned":[5,7,14,16,19],"killed_by":"3 Cultists","ascension_level":18}