{"gold_per_floor":[114,129,129,1,13,13,45,45,45,63,98,98,118,98,98,189,189,209,209,209,334,349,349,365,365,365,47,71,71,115,115,115,214,214,235,254,279,294,318,318,331,87,87,103,103,103,123,0,0,0],"floor_reached":51,"playtime":4608,"items_purged":["Regret","Strike_R","Strike_R"],"score":1268,"play_id":"46a2da68-a182-4214-88e8-819cf6f300bf","local_time":"20190217220021","is_ascension_mode":true,"campfire_choices":[{"data":"Uppercut","floor":6,"key":"SMITH"},{"data":"Hemokinesis","floor":12,"key":"SMITH"},{"data":"Bloodletting","floor":15,"key":"SMITH"},{"data":"Shockwave","floor":23,"key":"SMITH"},{"data":"Second Wind","floor":25,"key":"SMITH"},{"floor":29,"key":"REST"},{"data":"Metallicize","floor":32,"key":"SMITH"},{"data":"Juggernaut","floor":40,"key":"SMITH"},{"data":"Feel No Pain","floor":45,"key":"SMITH"},{"data":"Shockwave","floor":49,"key":"SMITH"}],"neow_cost":"NONE","seed_source_timestamp":145620205560217,"circlet_count":0,"master_deck":["AscendersBane","Strike_R","Strike_R","Strike_R","Defend_R","Defend_R","Defend_R","Defend_R","Bash","Fire Breathing","Shockwave+1","Clothesline","Uppercut+1","Shockwave+1","Hemokinesis+1","Bloodletting+1","Second Wind+1","Reaper","Sever Soul","Carnage","Entrench","Blood for Blood","Spot Weakness+1","Reaper","Carnage","Juggernaut+1","Metallicize+1","Dark Shackles","Exhume","Ghostly Armor","Heavy Blade+1","True Grit+1","Rupture","Feel No Pain+1","Apotheosis","Reaper"],"relics":["Burning Blood","NeowsBlessing","Dead Branch","Blood Vial","Golden Idol","Self Forming Clay","Blue Candle","Snecko Eye","Nilry\u0027s Codex","Prayer Wheel","Bottled Lightning","Ice Cream","DollysMirror","Bronze Scales","Coffee Dripper","Singing Bowl","Red Mask"],"potions_floor_usage":[7,7,11,11,16,16,22,30,30,37,37,41,44,50],"damage_taken":[{"damage":0,"enemies":"Jaw Worm","floor":1,"turns":1},{"damage":0,"enemies":"Small Slimes","floor":2,"turns":1},{"damage":0,"enemies":"Cultist","floor":5,"turns":1},{"damage":30,"enemies":"Lagavulin","floor":7,"turns":6},{"damage":7,"enemies":"Blue Slaver","floor":10,"turns":4},{"damage":26,"enemies":"3 Sentries","floor":11,"turns":7},{"damage":5,"enemies":"Looter","floor":13,"turns":2},{"damage":22,"enemies":"Slime Boss","floor":16,"turns":6},{"damage":9,"enemies":"2 Thieves","floor":18,"turns":3},{"damage":11,"enemies":"Colosseum Slavers","floor":21,"turns":2},{"damage":18,"enemies":"Colosseum Nobs","floor":21,"turns":5},{"damage":13,"enemies":"Shell Parasite","floor":22,"turns":3},{"damage":20,"enemies":"Shelled Parasite and Fungi","floor":24,"turns":3},{"damage":9,"enemies":"Sentry and Sphere","floor":28,"turns":5},{"damage":5,"enemies":"Gremlin Leader","floor":30,"turns":3},{"damage":58,"enemies":"Collector","floor":33,"turns":9},{"damage":14,"enemies":"3 Darklings","floor":35,"turns":4},{"damage":8,"enemies":"Orb Walker","floor":36,"turns":2},{"damage":42,"enemies":"Spire Growth","floor":37,"turns":5},{"damage":13,"enemies":"Maw","floor":38,"turns":6},{"damage":14,"enemies":"Writhing Mass","floor":39,"turns":4},{"damage":12,"enemies":"Sphere and 2 Shapes","floor":41,"turns":4},{"damage":7,"enemies":"Jaw Worm Horde","floor":44,"turns":4},{"damage":9,"enemies":"4 Shapes","floor":47,"turns":5},{"damage":20,"enemies":"Donu and Deca","floor":50,"turns":6}],"seed_played":"4974471097811670580","potions_obtained":[{"floor":1,"key":"EntropicBrew"},{"floor":5,"key":"Strength Potion"},{"floor":11,"key":"Strength Potion"},{"floor":14,"key":"Dexterity Potion"},{"floor":21,"key":"SneckoOil"},{"floor":22,"key":"LiquidBronze"},{"floor":28,"key":"Fire Potion"},{"floor":33,"key":"Energy Potion"},{"floor":35,"key":"SkillPotion"},{"floor":37,"key":"FearPotion"},{"floor":38,"key":"Weak Potion"},{"floor":39,"key":"AttackPotion"}],"is_trial":false,"path_per_floor":["M","M","?","$","M","R","E","?","T","M","E","R","M","?","R","B",null,"M","?","?","?","M","R","M","R","T","$","M","R","E","?","R","B",null,"M","M","M","M","M","R","M","$","T","M","R","?","M","?","R","B",null],"character_chosen":"IRONCLAD","items_purchased":["Clothesline","DollysMirror","Feel No Pain","EssenceOfSteel"],"campfire_rested":1,"item_purchase_floors":[4,27,42,42],"current_hp_per_floor":[74,75,75,75,75,75,51,51,51,52,49,49,52,52,52,38,61,66,45,45,32,33,33,33,33,33,33,32,52,68,56,56,37,60,68,68,32,59,53,53,57,57,57,72,72,69,76,76,76,75],"gold":0,"neow_bonus":"THREE_ENEMY_KILL","is_prod":false,"is_daily":false,"chose_seed":false,"campfire_upgraded":9,"win_rate":0,"timestamp":1550469621,"path_taken":["M","M","?","$","M","R","E","?","T","M","E","R","M","?","R","BOSS","M","?","?","?","M","R","M","R","T","$","M","R","E","?","R","BOSS","M","M","?","M","M","R","M","$","T","M","R","?","M","?","R","BOSS"],"build_version":"2019-01-23","purchased_purges":3,"victory":true,"max_hp_per_floor":[75,75,75,75,75,75,75,68,68,68,68,68,68,68,68,68,68,68,68,68,68,68,68,68,68,68,68,68,68,68,68,68,68,68,68,68,68,68,68,68,68,68,68,72,72,74,76,76,76,76],"card_choices":[{"not_picked":["Sentinel","Warcry"],"picked":"Fire Breathing","floor":1},{"not_picked":["Armaments","Headbutt"],"picked":"Shockwave","floor":2},{"not_picked":["Cleave","Headbutt"],"picked":"Uppercut","floor":5},{"not_picked":["Wild Strike","Iron Wave"],"picked":"Shockwave","floor":7},{"not_picked":["Clash","Battle Trance"],"picked":"Hemokinesis","floor":10},{"not_picked":["Cleave","Thunderclap"],"picked":"Bloodletting","floor":11},{"not_picked":["Warcry","Burning Pact"],"picked":"Second Wind","floor":13},{"not_picked":["Exhume","Brutality"],"picked":"Reaper","floor":16},{"not_picked":["Iron Wave","Power Through"],"picked":"Sever Soul","floor":18},{"not_picked":["Rampage","Pommel Strike"],"picked":"Entrench","floor":21},{"not_picked":["Pommel Strike","Iron Wave"],"picked":"Blood for Blood","floor":22},{"not_picked":["Heavy Blade","Anger"],"picked":"Spot Weakness+1","floor":22},{"not_picked":["Iron Wave","Second Wind","Fire Breathing"],"picked":"SKIP","floor":24},{"not_picked":["Rage","Sword Boomerang","Armaments"],"picked":"SKIP","floor":24},{"not_picked":["Perfected Strike","Reckless Charge"],"picked":"Carnage","floor":28},{"not_picked":["Entrench","Power Through"],"picked":"Juggernaut","floor":28},{"not_picked":["Iron Wave","Uppercut"],"picked":"Metallicize","floor":30},{"not_picked":["Offering","Berserk"],"picked":"Exhume","floor":33},{"not_picked":["Rage","Armaments+1","Hemokinesis"],"picked":"SKIP","floor":35},{"not_picked":["Clothesline","Clash","Armaments"],"picked":"SKIP","floor":35},{"not_picked":["Clash","Infernal Blade+1"],"picked":"Ghostly Armor","floor":36},{"not_picked":["Clash+1","Havoc"],"picked":"Heavy Blade+1","floor":36},{"not_picked":["Brutality","Heavy Blade","Battle Trance"],"picked":"SKIP","floor":37},{"not_picked":["Clothesline","Wild Strike","Sever Soul"],"picked":"SKIP","floor":37},{"not_picked":["Headbutt","Rage"],"picked":"True Grit+1","floor":38},{"not_picked":["Rampage","Searing Blow"],"picked":"Rupture","floor":38},{"not_picked":["Clash+1","Warcry","Double Tap"],"picked":"SKIP","floor":39},{"not_picked":["Pommel Strike+1","Blood for Blood","Wild Strike"],"picked":"SKIP","floor":39},{"not_picked":["True Grit","Headbutt+1","Evolve"],"picked":"SKIP","floor":41},{"not_picked":["Perfected Strike","Headbutt+1","Anger"],"picked":"SKIP","floor":41},{"not_picked":["Armaments","Wild Strike","Warcry"],"picked":"Singing Bowl","floor":44},{"not_picked":["Anger","Intimidate+1","Twin Strike"],"picked":"Singing Bowl","floor":44},{"not_picked":["Swift Strike","Chrysalis"],"picked":"Apotheosis","floor":46},{"not_picked":["Purity","Swift Strike","Forethought"],"picked":"Singing Bowl","floor":46},{"not_picked":["Wild Strike","Armaments+1","Sword Boomerang"],"picked":"Singing Bowl","floor":47},{"not_picked":["Pommel Strike","Bloodletting"],"picked":"Reaper","floor":47}],"player_experience":659608,"relics_obtained":[{"floor":7,"key":"Blood Vial"},{"floor":9,"key":"Self Forming Clay"},{"floor":11,"key":"Blue Candle"},{"floor":19,"key":"Nilry\u0027s Codex"},{"floor":21,"key":"Prayer Wheel"},{"floor":21,"key":"Bottled Lightning"},{"floor":26,"key":"Ice Cream"},{"floor":30,"key":"Bronze Scales"},{"floor":43,"key":"Singing Bowl"}],"event_choices":[{"damage_healed":0,"gold_gain":0,"player_choice":"Box","damage_taken":0,"relics_obtained":["Dead Branch"],"max_hp_gain":0,"max_hp_loss":0,"event_name":"Big Fish","floor":3,"gold_loss":0,"cards_obtained":["Regret"]},{"damage_healed":0,"gold_gain":0,"player_choice":"Lose Max HP","damage_taken":0,"relics_obtained":["Golden Idol"],"max_hp_gain":0,"max_hp_loss":7,"event_name":"Golden Idol","floor":8,"gold_loss":0},{"damage_healed":0,"gold_gain":0,"player_choice":"Bought 1 Potion","damage_taken":0,"max_hp_gain":0,"max_hp_loss":0,"event_name":"The Woman in Blue","floor":14,"gold_loss":0},{"damage_healed":0,"gold_gain":0,"player_choice":"Obtained Book","damage_taken":21,"max_hp_gain":0,"max_hp_loss":0,"event_name":"Cursed Tome","floor":19,"gold_loss":0},{"damage_healed":0,"gold_gain":0,"player_choice":"Read","damage_taken":0,"max_hp_gain":0,"max_hp_loss":0,"event_name":"The Library","floor":20,"gold_loss":0,"cards_obtained":["Carnage"]},{"damage_healed":0,"gold_gain":0,"player_choice":"Fight","damage_taken":0,"max_hp_gain":0,"max_hp_loss":0,"event_name":"Colosseum","floor":21,"gold_loss":0},{"damage_healed":0,"gold_gain":0,"player_choice":"Fought Nobs","damage_taken":0,"max_hp_gain":0,"max_hp_loss":0,"event_name":"Colosseum","floor":21,"gold_loss":0},{"damage_healed":0,"gold_gain":0,"player_choice":"CARD ","damage_taken":12,"max_hp_gain":0,"max_hp_loss":0,"event_name":"Knowing Skull","floor":31,"potions_obtained":[],"gold_loss":0,"cards_obtained":["Dark Shackles"]},{"damage_healed":0,"gold_gain":0,"player_choice":"Memory 2","damage_taken":5,"max_hp_gain":0,"max_hp_loss":0,"event_name":"SensoryStone","floor":46,"gold_loss":0},{"damage_healed":0,"gold_gain":0,"player_choice":"Paid","damage_taken":0,"relics_obtained":["Red Mask"],"max_hp_gain":0,"max_hp_loss":0,"event_name":"Tomb of Lord Red Mask","floor":48,"gold_loss":123}],"is_beta":false,"boss_relics":[{"not_picked":["Lizard Tail","Astrolabe"],"picked":"Snecko Eye"},{"not_picked":["Cursed Key","Orrery"],"picked":"Coffee Dripper"}],"items_purged_floors":[4,27,42],"is_endless":false,"potions_floor_spawned":[1,5,11,21,22,28,33,35,37,38,39],"ascension_level":18}