{"gold_per_floor":[115,115,14,33,33,33,64,64,64,64,64,83,117,142,142,262,262,282,305,324,10,26,65,65,89,89,132,9,27,27,27,27,148,148,173,191,191,211,229,229,270,270,294,294,5,5,29,49,49,49],"floor_reached":51,"playtime":8765,"items_purged":["Injury","Strike_B","Decay"],"score":777,"play_id":"b357c3c7-051a-459d-a6d3-873d3739b91d","local_time":"20190908232748","is_ascension_mode":false,"campfire_choices":[{"data":"Streamline","floor":6,"key":"SMITH"},{"data":"Zap","floor":8,"key":"SMITH"},{"data":"Turbo","floor":10,"key":"SMITH"},{"data":"Auto Shields","floor":15,"key":"SMITH"},{"floor":30,"key":"REST"},{"data":"Hologram","floor":32,"key":"SMITH"},{"floor":40,"key":"RECALL"},{"floor":42,"key":"REST"},{"floor":44,"key":"REST"},{"floor":46,"key":"REST"},{"floor":49,"key":"REST"}],"neow_cost":"NONE","seed_source_timestamp":585748735101027,"circlet_count":0,"master_deck":["Strike_B","Strike_B","Strike_B","Defend_B","Defend_B+1","Defend_B","Zap+1","Dualcast","Streamline+1","Turbo+1","Storm","Auto Shields+1","BootSequence","Self Repair+1","Force Field","Coolheaded","Biased Cognition+1","Reinforced Body","Reprogram+1","Capacitor+1","Lockon","Chaos+1","Fusion","Creative AI+1","Buffer+1","Hologram+1","Doom and Gloom","Seek","Hologram+1","Redo+1","Parasite","Tempest","Beam Cell+1","Lockon","Panache+1","Defragment+1"],"relics":["Cracked Core","Boot","Golden Idol","Emotion Chip","Frozen Egg 2","Pen Nib","Cursed Key","FossilizedHelix","War Paint","Potion Belt","Bottled Tornado","Fusion Hammer","Du-Vu Doll"],"potions_floor_usage":[16,16,18,23,33,33,33,33,35,36,38,47,48,50,50,50],"damage_taken":[{"damage":2,"enemies":"2 Louse","floor":1,"turns":2},{"damage":1,"enemies":"Jaw Worm","floor":4,"turns":3},{"damage":20,"enemies":"Gremlin Nob","floor":7,"turns":4},{"damage":0,"enemies":"Small Slimes","floor":12,"turns":2},{"damage":9,"enemies":"Lagavulin","floor":13,"turns":6},{"damage":7,"enemies":"3 Louse","floor":14,"turns":3},{"damage":52,"enemies":"Slime Boss","floor":16,"turns":13},{"damage":11,"enemies":"3 Byrds","floor":18,"turns":4},{"damage":2,"enemies":"Shell Parasite","floor":19,"turns":6},{"damage":16,"enemies":"Snake Plant","floor":20,"turns":4},{"damage":9,"enemies":"Shelled Parasite and Fungi","floor":22,"turns":5},{"damage":20,"enemies":"Book of Stabbing","floor":23,"turns":6},{"damage":0,"enemies":"Centurion and Healer","floor":25,"turns":6},{"damage":16,"enemies":"Slavers","floor":27,"turns":4},{"damage":19,"enemies":"Snake Plant","floor":29,"turns":4},{"damage":0,"enemies":"Automaton","floor":33,"turns":7},{"damage":13,"enemies":"3 Darklings","floor":35,"turns":5},{"damage":0,"enemies":"3 Shapes","floor":36,"turns":3},{"damage":0,"enemies":"Writhing Mass","floor":38,"turns":5},{"damage":19,"enemies":"Spire Growth","floor":39,"turns":5},{"damage":0,"enemies":"Giant Head","floor":41,"turns":8},{"damage":0,"enemies":"Transient","floor":47,"turns":5},{"damage":0,"enemies":"Writhing Mass","floor":48,"turns":4},{"damage":17,"enemies":"Donu and Deca","floor":50,"turns":7}],"seed_played":"6681919107494200142","potions_obtained":[{"floor":7,"key":"FocusPotion"},{"floor":12,"key":"Poison Potion"},{"floor":14,"key":"Regen Potion"},{"floor":16,"key":"Regen Potion"},{"floor":19,"key":"AttackPotion"},{"floor":27,"key":"Dexterity Potion"},{"floor":29,"key":"EntropicBrew"},{"floor":33,"key":"SteroidPotion"},{"floor":38,"key":"Dexterity Potion"},{"floor":39,"key":"Dexterity Potion"},{"floor":41,"key":"SteroidPotion"},{"floor":47,"key":"SkillPotion"}],"is_trial":false,"path_per_floor":["M","?","$","M","$","R","E","R","T","R","?","M","E","M","R","B",null,"M","M","M","$","M","E","?","M","T","E","$","M","R","$","R","B",null,"M","M","?","M","M","R","E","R","T","R","$","R","M","M","R","B",null],"character_chosen":"DEFECT","items_purchased":["Turbo","FossilizedHelix","Hologram","Panache+1"],"campfire_rested":5,"item_purchase_floors":[3,21,28,45],"current_hp_per_floor":[73,73,73,72,72,72,52,52,52,52,52,52,53,56,56,29,75,74,75,69,69,70,50,50,60,60,54,54,35,57,57,57,75,75,72,75,75,75,66,66,75,75,75,75,75,75,75,75,75,58],"gold":49,"neow_bonus":"RANDOM_COMMON_RELIC","is_prod":false,"is_daily":false,"chose_seed":false,"campfire_upgraded":5,"win_rate":0,"timestamp":1567999668,"path_taken":["M","?","$","M","?","R","E","R","T","R","?","M","E","M","R","BOSS","M","M","M","$","M","E","?","M","T","E","?","M","R","$","R","BOSS","M","M","?","M","M","R","E","R","T","R","?","R","M","M","R","BOSS"],"build_version":"2019-07-17","purchased_purges":3,"victory":true,"max_hp_per_floor":[75,75,75,75,75,75,75,75,75,75,75,75,75,75,75,75,75,75,75,75,75,75,75,75,75,75,75,75,75,75,75,75,75,75,75,75,75,75,75,75,75,75,75,75,75,75,75,75,75,75],"card_choices":[{"not_picked":["Go for the Eyes","Rebound"],"picked":"Streamline","floor":1},{"not_picked":["Steam","Conserve Battery"],"picked":"Storm","floor":4},{"not_picked":["Consume","Amplify"],"picked":"Auto Shields","floor":7},{"not_picked":["Hello World+1","Stack"],"picked":"Self Repair+1","floor":12},{"not_picked":["Leap","Rebound"],"picked":"Force Field","floor":13},{"not_picked":["Auto Shields","Go for the Eyes"],"picked":"Coolheaded","floor":14},{"not_picked":["Multi-Cast","Thunder Strike"],"picked":"Biased Cognition+1","floor":16},{"not_picked":["Beam Cell+1","Tempest+1"],"picked":"Reinforced Body","floor":18},{"not_picked":["Go for the Eyes","Skim"],"picked":"Reprogram","floor":19},{"not_picked":["Blizzard","Barrage"],"picked":"Capacitor+1","floor":20},{"not_picked":["Compile Driver+1","Conserve Battery"],"picked":"Lockon","floor":22},{"not_picked":["Force Field","Conserve Battery+1"],"picked":"Chaos+1","floor":23},{"not_picked":["Compile Driver","Scrape","Streamline"],"picked":"SKIP","floor":25},{"not_picked":["Ball Lightning","Gash+1"],"picked":"Buffer+1","floor":27},{"not_picked":["Chill","Gash+1"],"picked":"Doom and Gloom","floor":29},{"not_picked":["Meteor Strike","Amplify"],"picked":"Seek","floor":33},{"not_picked":["Hello World+1","Sweeping Beam"],"picked":"Hologram+1","floor":35},{"not_picked":["Ball Lightning","Compile Driver"],"picked":"Redo+1","floor":36},{"not_picked":["Conserve Battery+1","Cold Snap+1"],"picked":"Tempest","floor":38},{"not_picked":["Rebound+1","Leap+1"],"picked":"Beam Cell+1","floor":39},{"not_picked":["Steam+1","Compile Driver+1"],"picked":"Lockon","floor":41},{"not_picked":["Lockon+1","Gash"],"picked":"Defragment+1","floor":47},{"not_picked":["Gash+1","Cold Snap","Heatsinks+1"],"picked":"SKIP","floor":48}],"player_experience":272621,"relics_obtained":[{"floor":7,"key":"Emotion Chip"},{"floor":9,"key":"Frozen Egg 2"},{"floor":13,"key":"Pen Nib"},{"floor":23,"key":"War Paint"},{"floor":26,"key":"Potion Belt"},{"floor":27,"key":"Bottled Tornado"},{"floor":41,"key":"Du-Vu Doll"}],"event_choices":[{"damage_healed":0,"gold_gain":0,"player_choice":"Take Wound","damage_taken":0,"relics_obtained":["Golden Idol"],"max_hp_gain":0,"max_hp_loss":0,"event_name":"Golden Idol","floor":2,"gold_loss":0,"cards_obtained":["Injury"]},{"damage_healed":0,"gold_gain":0,"cards_transformed":["Defend_B"],"player_choice":"Change","damage_taken":0,"max_hp_gain":0,"max_hp_loss":0,"event_name":"Living Wall","floor":11,"gold_loss":0,"cards_obtained":["BootSequence"]},{"damage_healed":0,"gold_gain":0,"player_choice":"2 cards matched","damage_taken":0,"max_hp_gain":0,"max_hp_loss":0,"event_name":"Match and Keep!","floor":24,"gold_loss":0,"cards_obtained":["Fusion","Creative AI"]},{"cards_removed":["Shame"],"damage_healed":0,"gold_gain":0,"player_choice":"Card Removal","damage_taken":0,"max_hp_gain":0,"max_hp_loss":0,"event_name":"Wheel of Change","floor":37,"gold_loss":0}],"is_beta":false,"boss_relics":[{"not_picked":["Ectoplasm","Eternal Feather"],"picked":"Cursed Key"},{"not_picked":["White Beast Statue","Sozu"],"picked":"Fusion Hammer"}],"items_purged_floors":[3,28,45],"is_endless":false,"potions_floor_spawned":[7,12,14,16,19,27,29,33,38,39,41,47],"ascension_level":0}