{"gold_per_floor":[119,138,29,43,43,70,89,89,89,103,103,120,138,138,138,138],"floor_reached":16,"playtime":386,"items_purged":[],"score":208,"play_id":"e1f1f87a-4ba7-4f9c-a6d2-653ab610d213","local_time":"20190913130317","is_ascension_mode":true,"campfire_choices":[{"data":"Inflame","floor":8,"key":"SMITH"},{"floor":15,"key":"REST"}],"neow_cost":"NONE","seed_source_timestamp":104545700486700,"circlet_count":0,"master_deck":["AscendersBane","Strike_R","Strike_R+1","Strike_R","Strike_R","Defend_R","Defend_R","Defend_R+1","Defend_R","Bash+1","Infernal Blade","Inflame+1","Wild Strike","Offering","Heavy Blade","Seeing Red","Uppercut"],"relics":["Burning Blood","Gremlin Horn","Self Forming Clay","Singing Bowl"],"potions_floor_usage":[6,10,16],"damage_taken":[{"damage":2,"enemies":"Cultist","floor":1,"turns":4},{"damage":12,"enemies":"Small Slimes","floor":2,"turns":4},{"damage":9,"enemies":"2 Louse","floor":4,"turns":3},{"damage":14,"enemies":"Gremlin Nob","floor":6,"turns":3},{"damage":6,"enemies":"Exordium Thugs","floor":7,"turns":2},{"damage":13,"enemies":"Exordium Wildlife","floor":10,"turns":4},{"damage":17,"enemies":"Looter","floor":12,"turns":3},{"damage":0,"enemies":"3 Louse","floor":13,"turns":2},{"damage":38,"enemies":"The Guardian","floor":16,"turns":10}],"seed_played":"5373365983667788543","potions_obtained":[{"floor":4,"key":"Fire Potion"},{"floor":6,"key":"Block Potion"},{"floor":7,"key":"EssenceOfSteel"},{"floor":13,"key":"Dexterity Potion"}],"is_trial":false,"path_per_floor":["M","M","$","M","?","E","M","R","T","M","?","M","M","?","R","B"],"character_chosen":"IRONCLAD","items_purchased":["Inflame","Wild Strike"],"campfire_rested":1,"item_purchase_floors":[3,3],"current_hp_per_floor":[72,66,66,63,40,32,32,32,32,25,25,14,22,15,38,0],"gold":138,"neow_bonus":"UPGRADE_CARD","is_prod":false,"is_daily":false,"chose_seed":false,"campfire_upgraded":1,"win_rate":0,"timestamp":1568404997,"path_taken":["M","M","$","M","?","E","M","R","T","M","?","M","?","?","R","BOSS"],"build_version":"2019-07-17","purchased_purges":0,"victory":false,"max_hp_per_floor":[75,75,75,75,75,75,75,75,75,75,75,75,77,77,77,77],"card_choices":[{"not_picked":["Body Slam","Warcry","Fire Breathing"],"picked":"SKIP","floor":1},{"not_picked":["Clash","Havoc"],"picked":"Infernal Blade","floor":2},{"not_picked":["Clash","Shrug It Off"],"picked":"Offering","floor":4},{"not_picked":["Combust","Iron Wave"],"picked":"Heavy Blade","floor":6},{"not_picked":["Second Wind","Sword Boomerang","Hemokinesis"],"picked":"SKIP","floor":7},{"not_picked":["Fire Breathing","Sword Boomerang"],"picked":"Seeing Red","floor":10},{"not_picked":["Flex","Sword Boomerang"],"picked":"Uppercut","floor":12},{"not_picked":["Iron Wave","Fire Breathing","Flex"],"picked":"Singing Bowl","floor":13}],"player_experience":742890,"relics_obtained":[{"floor":6,"key":"Gremlin Horn"},{"floor":9,"key":"Self Forming Clay"}],"event_choices":[{"damage_healed":0,"gold_gain":0,"player_choice":"Entered Light","damage_taken":23,"max_hp_gain":0,"max_hp_loss":0,"event_name":"Shining Light","floor":5,"gold_loss":0,"cards_upgraded":["Strike_R","Defend_R"]},{"damage_healed":0,"gold_gain":0,"player_choice":"Gave Potion","damage_taken":0,"relics_obtained":["Singing Bowl"],"max_hp_gain":0,"max_hp_loss":0,"event_name":"WeMeetAgain","floor":11,"gold_loss":0},{"cards_removed":["Strike_R"],"damage_healed":0,"gold_gain":0,"player_choice":"Card Removal","damage_taken":7,"max_hp_gain":0,"max_hp_loss":0,"event_name":"Golden Wing","floor":14,"gold_loss":0}],"is_beta":false,"boss_relics":[],"items_purged_floors":[],"is_endless":false,"potions_floor_spawned":[4,6,7,13],"killed_by":"The Guardian","ascension_level":20}