{"gold_per_floor":[110,122,141,159,170,170,202,223,223,28,93,123,82,96,96,192,192,202,202,212,122,139,169,169,180,206,219,244,254,3,16,16,118,118,134,150,175,193,206,206,237,237,283,295],"floor_reached":44,"playtime":5045,"items_purged":["Normality"],"score":857,"play_id":"735b8176-e162-4a7e-9687-f1c5901702dc","local_time":"20181230175909","is_ascension_mode":true,"campfire_choices":[{"data":"Zap","floor":6.0,"key":"SMITH"},{"data":"Metamorphosis","floor":15,"key":"SMITH"},{"floor":24,"key":"REST"},{"floor":32,"key":"REST"},{"floor":40,"key":"REST"},{"floor":42,"key":"REST"}],"neow_cost":"TEN_PERCENT_HP_LOSS","seed_source_timestamp":0,"circlet_count":0,"master_deck":["Strike_B+1","Strike_B","Strike_B","Defend_B+1","Defend_B","Defend_B","Defend_B","Zap+1","Dualcast","Panache","Finesse","Skim","Glacier","Gash","BootSequence+1","Turbo","Go for the Eyes","Metamorphosis+1","Beam Cell","Chill","Fission","Hologram","Sweeping Beam","Rebound","Hologram","Fission","Apotheosis","All For One","Compile Driver+1","Gash+1","Parasite","Parasite","Electrodynamics","Hologram","Doubt"],"special_seed":0,"relics":["Cracked Core","Bronze Scales","Odd Mushroom","Pear","Letter Opener","Strawberry","Cursed Key","Bag of Preparation","Anchor","Regal Pillow","Inserter","War Paint","Dead Branch","MawBank"],"potions_floor_usage":[16,23,28,28,33,41,41],"damage_taken":[{"damage":0.0,"enemies":"Cultist","floor":1.0,"turns":3.0},{"damage":1.0,"enemies":"2 Louse","floor":2.0,"turns":3.0},{"damage":5.0,"enemies":"Small Slimes","floor":3.0,"turns":4.0},{"damage":1.0,"enemies":"Looter","floor":4.0,"turns":3.0},{"damage":1.0,"enemies":"2 Fungi Beasts","floor":5.0,"turns":3.0},{"damage":5.0,"enemies":"3 Sentries","floor":7.0,"turns":8.0},{"damage":14.0,"enemies":"The Mushroom Lair","floor":8.0,"turns":3.0},{"damage":8.0,"enemies":"Gremlin Nob","floor":11.0,"turns":4.0},{"damage":0.0,"enemies":"Lagavulin","floor":12.0,"turns":4.0},{"damage":0,"enemies":"Gremlin Gang","floor":14,"turns":2},{"damage":32,"enemies":"Hexaghost","floor":16,"turns":6},{"damage":0,"enemies":"Chosen","floor":18,"turns":4},{"damage":18,"enemies":"Spheric Guardian","floor":20,"turns":4},{"damage":17,"enemies":"Centurion and Healer","floor":22,"turns":4},{"damage":0,"enemies":"Slavers","floor":23,"turns":3},{"damage":0,"enemies":"Shelled Parasite and Fungi","floor":25,"turns":3},{"damage":13,"enemies":"Snake Plant","floor":27,"turns":3},{"damage":0,"enemies":"Book of Stabbing","floor":28,"turns":3},{"damage":12,"enemies":"3 Cultists","floor":29,"turns":5},{"damage":3,"enemies":"Snecko","floor":31,"turns":4},{"damage":60,"enemies":"Collector","floor":33,"turns":8},{"damage":0,"enemies":"3 Shapes","floor":35,"turns":4},{"damage":0,"enemies":"Orb Walker","floor":36,"turns":2},{"damage":57,"enemies":"Spire Growth","floor":38,"turns":5},{"damage":0,"enemies":"Writhing Mass","floor":39,"turns":4},{"damage":35,"enemies":"Nemesis","floor":41,"turns":7},{"damage":62,"enemies":"Reptomancer","floor":44,"turns":3}],"seed_played":"-1089629982048690036","potions_obtained":[{"floor":2.0,"key":"PowerPotion"},{"floor":3.0,"key":"Explosive Potion"},{"floor":7.0,"key":"PowerPotion"},{"floor":8.0,"key":"SkillPotion"},{"floor":12,"key":"PowerPotion"},{"floor":22,"key":"Swift Potion"},{"floor":23,"key":"Strength Potion"},{"floor":27,"key":"GamblersBrew"},{"floor":28,"key":"Ancient Potion"},{"floor":33,"key":"Fire Potion"},{"floor":36,"key":"FocusPotion"}],"is_trial":false,"path_per_floor":["M","M","M","M","M","R","E","?","T","$","?","E","E","?","M","R","B",null,"M","?","M","?","M","E","R","M","T","M","E","M","$","M","R","B",null,"M","M","T","M","M","R","E","R","T","E"],"character_chosen":"DEFECT","items_purchased":["Metamorphosis","Apotheosis"],"campfire_rested":4,"item_purchase_floors":[10,30],"current_hp_per_floor":[68,67,62,61,60,60,55,41,51,51,43,50,50,50,50,18,68,68,68,50,50,33,33,58,58,58,45,45,33,33,30,70,10,66,66,66,66,9,9,49,14,54,54,0],"gold":295,"neow_bonus":"RANDOM_COLORLESS_2","is_prod":false,"is_daily":false,"chose_seed":false,"campfire_upgraded":2,"win_rate":0,"timestamp":1546221549,"path_taken":["M","?","M","M","M","R","E","?","T","$","?","E","?","M","R","BOSS","M","?","?","?","M","E","R","M","T","M","E","M","$","M","R","BOSS","M","?","?","M","M","R","E","R","T","E"],"build_version":"2018-12-20","purchased_purges":1,"victory":false,"max_hp_per_floor":[68,68,68,68,68,68,68,68,78,78,78,85,85,85,85,85,85,85,85,85,85,85,85,85,85,85,85,85,85,85,85,85,85,85,85,85,85,85,85,85,85,85,85,85],"card_choices":[{"not_picked":["Streamline","Barrage"],"picked":"Skim","floor":1.0},{"not_picked":["Fusion","Hologram"],"picked":"Glacier","floor":2.0},{"not_picked":["Darkness","Hello World"],"picked":"Gash","floor":3.0},{"not_picked":["Recycle","Chaos"],"picked":"BootSequence","floor":4.0},{"not_picked":["Ball Lightning","Conserve Battery"],"picked":"Turbo","floor":5.0},{"not_picked":["Barrage","Stack"],"picked":"Go for the Eyes","floor":7.0},{"not_picked":["Fusion","Stack"],"picked":"Beam Cell","floor":11.0},{"not_picked":["Blizzard","Melter"],"picked":"Chill","floor":12},{"not_picked":["Melter","Go for the Eyes","Sunder"],"picked":"SKIP","floor":14},{"not_picked":["Buffer","Meteor Strike"],"picked":"Fission","floor":16},{"not_picked":["Beam Cell+1","Blizzard"],"picked":"Hologram","floor":18},{"not_picked":["Consume+1","Streamline+1"],"picked":"Sweeping Beam","floor":20},{"not_picked":["Beam Cell","Turbo","Biased Cognition"],"picked":"SKIP","floor":22},{"not_picked":["Hologram","Turbo+1"],"picked":"Rebound","floor":23},{"not_picked":["Barrage","Beam Cell+1","Coolheaded"],"picked":"SKIP","floor":25},{"not_picked":["Barrage+1","Sweeping Beam"],"picked":"Hologram","floor":27},{"not_picked":["Ball Lightning+1","Stack"],"picked":"Fission","floor":28},{"not_picked":["Fusion","Sweeping Beam","Beam Cell"],"picked":"SKIP","floor":29},{"not_picked":["Streamline","Coolheaded","Conserve Battery"],"picked":"SKIP","floor":31},{"not_picked":["Echo Form","Thunder Strike"],"picked":"All For One","floor":33},{"not_picked":["Steam","Storm"],"picked":"Compile Driver+1","floor":35},{"not_picked":["Rebound","Redo+1"],"picked":"Gash+1","floor":36},{"not_picked":["Redo","Lockon","Undo+1"],"picked":"SKIP","floor":38},{"not_picked":["Storm+1","Compile Driver"],"picked":"Electrodynamics","floor":39},{"not_picked":["Double Energy+1","Multi-Cast"],"picked":"Hologram","floor":41}],"player_experience":286575,"relics_obtained":[{"floor":7.0,"key":"Bronze Scales"},{"floor":8.0,"key":"Odd Mushroom"},{"floor":9.0,"key":"Pear"},{"floor":11.0,"key":"Letter Opener"},{"floor":12,"key":"Strawberry"},{"floor":23,"key":"Bag of Preparation"},{"floor":26,"key":"Anchor"},{"floor":28,"key":"Regal Pillow"},{"floor":37,"key":"War Paint"},{"floor":41,"key":"Dead Branch"},{"floor":43,"key":"MawBank"}],"event_choices":[{"damage_healed":0.0,"max_hp_gain":0.0,"max_hp_loss":0.0,"gold_gain":0.0,"event_name":"Mushrooms","player_choice":"Fought Mushrooms","floor":8.0,"gold_loss":0.0,"damage_taken":0.0},{"damage_healed":0.0,"max_hp_gain":0.0,"max_hp_loss":0.0,"gold_gain":0.0,"event_name":"Dead Adventurer","player_choice":"Searched \u00271\u0027 times","floor":11.0,"gold_loss":0.0,"damage_taken":0.0},{"damage_healed":0,"gold_gain":0,"player_choice":"Left Gold","damage_taken":0,"max_hp_gain":0,"max_hp_loss":0,"event_name":"World of Goop","floor":13,"gold_loss":41},{"damage_healed":0,"gold_gain":0,"player_choice":"Bought 0 Potions","damage_taken":0,"max_hp_gain":0,"max_hp_loss":0,"event_name":"The Woman in Blue","floor":19,"gold_loss":0},{"cards_removed":["Strike_B"],"damage_healed":0,"gold_gain":0,"player_choice":"Upgrade and Remove","damage_taken":0,"max_hp_gain":0,"max_hp_loss":0,"event_name":"Designer","floor":21,"gold_loss":90,"cards_upgraded":["Strike_B"]}],"is_beta":false,"boss_relics":[{"not_picked":["Ectoplasm","Runic Dome"],"picked":"Cursed Key"},{"not_picked":["Calling Bell","Orrery"],"picked":"Inserter"}],"items_purged_floors":[30],"is_endless":false,"potions_floor_spawned":[2,3,7,8,12,22,23,27,28,33,36],"killed_by":"Reptomancer","ascension_level":8}