{"gold_per_floor":[209,209,227,241,1,44,44,64,87,128,152,183,202,202,202,326,326,341,341,16,16,29,29,64,88,141,141,154,179,179,220,220,345,345,370,389,18,38,59,99,99,130,130,153,153,169,169,190,190,190],"floor_reached":51,"playtime":7672,"items_purged":["Strike_G+1"],"score":1037,"play_id":"e46f234b-35fa-4766-aff6-b4e87b9fbdcf","local_time":"20190915223246","is_ascension_mode":true,"campfire_choices":[{"floor":7,"key":"REST"},{"floor":15,"key":"REST"},{"data":"Skewer","floor":23,"key":"SMITH"},{"floor":27,"key":"REST"},{"floor":30,"key":"REST"},{"floor":32,"key":"REST"},{"data":"Venomology","floor":41,"key":"SMITH"},{"data":"A Thousand Cuts","floor":45,"key":"SMITH"},{"data":"Adrenaline","floor":47,"key":"SMITH"},{"floor":49,"key":"REST"}],"neow_cost":"NONE","seed_source_timestamp":233292145272696,"circlet_count":0,"master_deck":["Strike_G+1","Strike_G+1","Strike_G+1","Strike_G+1","Defend_G+1","Defend_G+1","Defend_G+1","Defend_G+1","Defend_G+1","Survivor","Neutralize+1","Dash+1","Skewer+1","PiercingWail","A Thousand Cuts+1","Escape Plan","Well Laid Plans","Footwork","After Image","Caltrops","Blur","Venomology+1","Quick Slash+1","Backflip","Prepared+1","Adrenaline+1","Tactician","Endless Agony+1","Blade Dance+1"],"relics":["Ring of the Snake","Golden Idol","Bronze Scales","PreservedInsect","Omamori","Smiling Mask","Molten Egg 2","SlaversCollar","Tingsha","Bag of Preparation","MealTicket","Cursed Key","Happy Flower","Whetstone","Oddly Smooth Stone","Pear"],"potions_floor_usage":[16,16,24,25,28,29,33,33,35,36,38,39,40,42,42,42,44,44,46,46,50,50,50],"damage_taken":[{"damage":6,"enemies":"Small Slimes","floor":1,"turns":5},{"damage":0,"enemies":"Jaw Worm","floor":3,"turns":5},{"damage":0,"enemies":"Cultist","floor":4,"turns":3},{"damage":21,"enemies":"3 Sentries","floor":6,"turns":10},{"damage":3,"enemies":"Blue Slaver","floor":8,"turns":4},{"damage":10,"enemies":"Lagavulin","floor":10,"turns":8},{"damage":15,"enemies":"Exordium Thugs","floor":11,"turns":5},{"damage":7,"enemies":"3 Sentries","floor":12,"turns":7},{"damage":1,"enemies":"3 Louse","floor":13,"turns":3},{"damage":13,"enemies":"Slime Boss","floor":16,"turns":8},{"damage":4,"enemies":"Shell Parasite","floor":18,"turns":11},{"damage":18,"enemies":"Chosen","floor":22,"turns":6},{"damage":0,"enemies":"Gremlin Leader","floor":24,"turns":6},{"damage":38,"enemies":"Snecko","floor":25,"turns":9},{"damage":0,"enemies":"Snake Plant","floor":28,"turns":5},{"damage":27,"enemies":"Sentry and Sphere","floor":29,"turns":10},{"damage":0,"enemies":"Book of Stabbing","floor":31,"turns":5},{"damage":33,"enemies":"Automaton","floor":33,"turns":16},{"damage":0,"enemies":"Orb Walker","floor":35,"turns":4},{"damage":5,"enemies":"3 Shapes","floor":36,"turns":6},{"damage":11,"enemies":"Jaw Worm Horde","floor":38,"turns":4},{"damage":0,"enemies":"Spire Growth","floor":39,"turns":6},{"damage":11,"enemies":"Nemesis","floor":40,"turns":9},{"damage":13,"enemies":"Reptomancer","floor":42,"turns":7},{"damage":0,"enemies":"Transient","floor":44,"turns":5},{"damage":2,"enemies":"Jaw Worm Horde","floor":46,"turns":3},{"damage":6,"enemies":"Maw","floor":48,"turns":8},{"damage":61,"enemies":"Time Eater","floor":50,"turns":14}],"seed_played":"-4206102663820585385","potions_obtained":[{"floor":3,"key":"DuplicationPotion"},{"floor":6,"key":"SteroidPotion"},{"floor":8,"key":"Fire Potion"},{"floor":13,"key":"FairyPotion"},{"floor":18,"key":"GhostInAJar"},{"floor":24,"key":"SteroidPotion"},{"floor":25,"key":"SkillPotion"},{"floor":35,"key":"SkillPotion"},{"floor":42,"key":"EssenceOfSteel"},{"floor":46,"key":"DuplicationPotion"}],"is_trial":false,"path_per_floor":["M","?","M","M","$","E","R","M","T","E","M","E","M","?","R","B",null,"M","?","$","?","M","R","E","M","T","R","M","M","R","E","R","B",null,"M","M","$","M","M","E","R","E","T","M","R","M","R","M","R","B",null],"character_chosen":"THE_SILENT","items_purchased":["PiercingWail","Bronze Scales","Fire Potion","Caltrops","Blur","Venomology","Adrenaline","Happy Flower","Tactician"],"campfire_rested":6,"item_purchase_floors":[5,5,5,20,20,20,37,37,37],"current_hp_per_floor":[64,47,47,47,47,26,47,44,44,34,19,12,11,16,38,25,75,71,71,71,71,53,53,53,15,15,37,37,10,32,32,54,21,75,75,70,75,64,64,53,53,40,50,50,50,48,48,42,67,6],"gold":190,"neow_bonus":"HUNDRED_GOLD","is_prod":false,"is_daily":false,"chose_seed":false,"campfire_upgraded":4,"win_rate":0,"timestamp":1568601166,"path_taken":["M","?","M","M","$","E","R","M","T","E","M","E","M","?","R","BOSS","M","?","$","?","M","R","E","M","T","R","M","M","R","E","R","BOSS","M","M","$","M","M","E","R","E","T","M","R","M","R","M","R","BOSS"],"build_version":"2019-09-12","purchased_purges":1,"victory":true,"max_hp_per_floor":[70,70,70,70,70,70,70,70,70,70,70,70,70,75,75,75,75,75,75,75,75,75,75,75,75,75,75,75,75,75,75,75,75,75,75,75,75,75,75,75,75,75,85,85,85,85,85,85,85,85],"card_choices":[{"not_picked":["Deflect","Cloak And Dagger","Quick Slash"],"picked":"SKIP","floor":1},{"not_picked":["Catalyst","Tactician"],"picked":"Dash","floor":3},{"not_picked":["Flying Knee","Sucker Punch"],"picked":"Skewer","floor":4},{"not_picked":["Concentrate","Backflip"],"picked":"A Thousand Cuts","floor":6},{"not_picked":["Sucker Punch","Tactician"],"picked":"Escape Plan","floor":8},{"not_picked":["Blade Dance","Leg Sweep","Endless Agony"],"picked":"SKIP","floor":10},{"not_picked":["Quick Slash","Dodge and Roll"],"picked":"Well Laid Plans","floor":11},{"not_picked":["Dagger Throw","Poisoned Stab"],"picked":"Footwork","floor":12},{"not_picked":["Setup","Deflect","Dodge and Roll"],"picked":"SKIP","floor":13},{"not_picked":["Tools of the Trade","A Thousand Cuts"],"picked":"After Image","floor":16},{"not_picked":["Deflect","Deadly Poison","Finisher+1"],"picked":"SKIP","floor":18},{"not_picked":["Masterful Stab+1","Dagger Throw+1"],"picked":"Quick Slash+1","floor":22},{"not_picked":["Dagger Throw+1","Masterful Stab+1","Prepared"],"picked":"SKIP","floor":24},{"not_picked":["Masterful Stab+1","Cloak And Dagger+1"],"picked":"Backflip","floor":25},{"not_picked":["Dagger Throw+1","Riddle With Holes+1","Quick Slash+1"],"picked":"SKIP","floor":28},{"not_picked":["Dagger Throw+1","Noxious Fumes","Choke+1"],"picked":"SKIP","floor":29},{"not_picked":["Doppelganger","Dagger Spray+1","Setup+1"],"picked":"SKIP","floor":31},{"not_picked":["Quick Slash+1","Backflip","Sucker Punch+1"],"picked":"SKIP","floor":35},{"not_picked":["Dagger Throw+1","Underhanded Strike+1"],"picked":"Prepared+1","floor":36},{"not_picked":["Dagger Throw+1","Leg Sweep+1","Flechettes+1"],"picked":"SKIP","floor":38},{"not_picked":["Flying Knee+1","Deadly Poison","Prepared+1"],"picked":"SKIP","floor":39},{"not_picked":["Leg Sweep","Expertise","Flechettes+1"],"picked":"SKIP","floor":40},{"not_picked":["Sucker Punch+1","Deadly Poison"],"picked":"Endless Agony+1","floor":42},{"not_picked":["Dagger Spray+1","Dash+1"],"picked":"Blade Dance+1","floor":44},{"not_picked":["Underhanded Strike+1","Poisoned Stab+1","Deflect+1"],"picked":"SKIP","floor":46},{"not_picked":["Tactician","Doppelganger","Caltrops+1"],"picked":"SKIP","floor":48}],"player_experience":187739,"relics_obtained":[{"floor":6,"key":"PreservedInsect"},{"floor":9,"key":"Omamori"},{"floor":10,"key":"Smiling Mask"},{"floor":12,"key":"Molten Egg 2"},{"floor":24,"key":"Tingsha"},{"floor":26,"key":"Bag of Preparation"},{"floor":31,"key":"MealTicket"},{"floor":40,"key":"Whetstone"},{"floor":42,"key":"Oddly Smooth Stone"},{"floor":43,"key":"Pear"}],"event_choices":[{"damage_healed":0,"gold_gain":0,"player_choice":"Take Damage","damage_taken":17,"relics_obtained":["Golden Idol"],"max_hp_gain":0,"max_hp_loss":0,"event_name":"Golden Idol","floor":2,"gold_loss":0},{"damage_healed":0,"gold_gain":0,"player_choice":"Donut","damage_taken":0,"max_hp_gain":5,"max_hp_loss":0,"event_name":"Big Fish","floor":14,"gold_loss":0},{"damage_healed":0,"gold_gain":0,"player_choice":"Simplicity","damage_taken":0,"max_hp_gain":0,"max_hp_loss":0,"event_name":"Back to Basics","floor":19,"gold_loss":0,"cards_upgraded":["Strike_G","Strike_G","Strike_G","Strike_G","Strike_G","Defend_G","Defend_G","Defend_G","Defend_G","Defend_G"]},{"damage_healed":0,"gold_gain":0,"player_choice":"Forge","damage_taken":0,"max_hp_gain":0,"max_hp_loss":0,"event_name":"Accursed Blacksmith","floor":21,"gold_loss":0,"cards_upgraded":["Neutralize"]}],"is_beta":true,"boss_relics":[{"not_picked":["Coffee Dripper","Pandora\u0027s Box"],"picked":"SlaversCollar"},{"not_picked":["HoveringKite","Calling Bell"],"picked":"Cursed Key"}],"items_purged_floors":[20],"is_endless":false,"potions_floor_spawned":[3,6,8,13,18,24,25,28,35,38,42,46],"ascension_level":3}