{"gold_per_floor":[114,133,83,96,96,96,106,106,133,148,158,42,42,59,59,156,156,166,16,16,16,30,30,64,90,115,115,128,146,157,188,188,188],"floor_reached":33,"playtime":5512,"items_purged":["Strike_R","Strike_R"],"score":304,"play_id":"13efa782-e405-4290-be4d-a7a45594f94e","local_time":"20190823175351","is_ascension_mode":false,"campfire_choices":[{"data":"Searing Blow","floor":6,"key":"SMITH"},{"data":"Searing Blow+1","floor":8,"key":"SMITH"},{"data":"Searing Blow+2","floor":13,"key":"SMITH"},{"data":"Searing Blow+3","floor":15,"key":"SMITH"},{"data":"Searing Blow+4","floor":23,"key":"SMITH"},{"data":"Searing Blow+5","floor":27,"key":"SMITH"},{"data":"Searing Blow+6","floor":32,"key":"SMITH"}],"neow_cost":"NONE","seed_source_timestamp":84000955396257,"circlet_count":0,"master_deck":["Defend_R","Defend_R","Defend_R","Defend_R","Bash","Panacea","Flame Barrier","Searing Blow+7","Headbutt","Defend_R","Thunderclap","Heavy Blade","Shrug It Off","Combust","Double Tap","Juggernaut","Cleave+1","Shrug It Off","Bite","Bite","Bite","Bite","Bite","Rage","Feel No Pain","Barricade","True Grit","Limit Break"],"relics":["Burning Blood","Coffee Dripper","Smiling Mask","Red Mask","Pen Nib","Question Card"],"potions_floor_usage":[16,24,25,28,28,28,33],"damage_taken":[{"damage":3,"enemies":"Small Slimes","floor":1,"turns":4},{"damage":2,"enemies":"Jaw Worm","floor":2,"turns":8},{"damage":1,"enemies":"Cultist","floor":4,"turns":4},{"damage":22,"enemies":"Exordium Thugs","floor":7,"turns":7},{"damage":4,"enemies":"2 Fungi Beasts","floor":10,"turns":4},{"damage":1,"enemies":"Red Slaver","floor":11,"turns":3},{"damage":2,"enemies":"3 Louse","floor":14,"turns":2},{"damage":18,"enemies":"Slime Boss","floor":16,"turns":8},{"damage":6,"enemies":"Shell Parasite","floor":18,"turns":6},{"damage":0,"enemies":"Spheric Guardian","floor":22,"turns":1},{"damage":39,"enemies":"Slavers","floor":24,"turns":5},{"damage":29,"enemies":"Masked Bandits","floor":25,"turns":4},{"damage":6,"enemies":"Chosen and Byrds","floor":28,"turns":4},{"damage":27,"enemies":"3 Cultists","floor":29,"turns":8},{"damage":14,"enemies":"Centurion and Healer","floor":30,"turns":3},{"damage":18,"enemies":"Book of Stabbing","floor":31,"turns":4},{"damage":33,"enemies":"Automaton","floor":33,"turns":9}],"seed_played":"8267694678699583497","potions_obtained":[{"floor":2,"key":"Swift Potion"},{"floor":4,"key":"Ancient Potion"},{"floor":10,"key":"SkillPotion"},{"floor":18,"key":"Poison Potion"},{"floor":24,"key":"BloodPotion"},{"floor":25,"key":"PowerPotion"},{"floor":29,"key":"Dexterity Potion"}],"is_trial":false,"path_per_floor":["M","M","?","M","?","R","M","R","T","M","M","$","R","M","R","B",null,"M","$","?","?","M","R","E","?","T","R","M","M","M","E","R","B"],"character_chosen":"IRONCLAD","items_purchased":["Combust","Shrug It Off"],"campfire_rested":0,"item_purchase_floors":[12,19],"current_hp_per_floor":[80,80,80,80,80,80,64,64,64,66,71,71,71,75,75,63,80,80,80,56,56,56,56,27,24,24,24,30,27,25,21,21,0],"gold":188,"neow_bonus":"RANDOM_COLORLESS","is_prod":false,"is_daily":false,"chose_seed":false,"campfire_upgraded":7,"win_rate":0,"timestamp":1566597231,"path_taken":["M","M","?","M","?","R","M","R","T","M","M","$","R","?","R","BOSS","M","$","?","?","?","R","E","?","T","R","M","M","M","E","R","BOSS"],"build_version":"2019-07-17","purchased_purges":2,"victory":false,"max_hp_per_floor":[80,80,80,80,80,80,80,80,80,80,80,80,80,80,80,80,80,80,80,56,56,56,56,56,56,56,56,56,56,56,56,56,56],"card_choices":[{"not_picked":["Disarm","Havoc"],"picked":"Flame Barrier","floor":1},{"not_picked":["Evolve","Corruption"],"picked":"Searing Blow","floor":2},{"not_picked":["Anger","Pommel Strike"],"picked":"Headbutt","floor":4},{"not_picked":["Fire Breathing","Clothesline"],"picked":"Thunderclap","floor":7},{"not_picked":["Headbutt","Warcry"],"picked":"Heavy Blade","floor":10},{"not_picked":["Sentinel","Infernal Blade"],"picked":"Shrug It Off","floor":11},{"not_picked":["Infernal Blade","Entrench"],"picked":"Double Tap","floor":14},{"not_picked":["Berserk","Brutality"],"picked":"Juggernaut","floor":16},{"not_picked":["Clash","Shrug It Off"],"picked":"Cleave+1","floor":18},{"not_picked":["Dual Wield","Shockwave"],"picked":"Rage","floor":22},{"not_picked":["Sentinel","Headbutt"],"picked":"Feel No Pain","floor":24},{"not_picked":["Havoc","Second Wind"],"picked":"Barricade","floor":25},{"not_picked":["Hemokinesis","Rupture+1"],"picked":"True Grit","floor":28},{"not_picked":["Perfected Strike+1","Anger+1","Havoc"],"picked":"SKIP","floor":29},{"not_picked":["Havoc","Infernal Blade","Rampage+1"],"picked":"SKIP","floor":30},{"not_picked":["Fire Breathing","Burning Pact+1"],"picked":"Limit Break","floor":31}],"player_experience":159347,"relics_obtained":[{"floor":24,"key":"Smiling Mask"},{"floor":25,"key":"Red Mask"},{"floor":26,"key":"Pen Nib"},{"floor":31,"key":"Question Card"}],"event_choices":[{"cards_removed":["Strike_R"],"damage_healed":0,"gold_gain":0,"player_choice":"Card Removal","damage_taken":0,"max_hp_gain":0,"max_hp_loss":0,"event_name":"The Cleric","floor":3,"gold_loss":50},{"cards_removed":["Strike_R"],"damage_healed":0,"gold_gain":0,"player_choice":"Took Card","damage_taken":0,"max_hp_gain":0,"max_hp_loss":0,"event_name":"NoteForYourself","floor":5,"gold_loss":0,"cards_obtained":["Defend_R"]},{"damage_healed":0,"gold_gain":0,"player_choice":"Became a vampire","damage_taken":0,"max_hp_gain":0,"max_hp_loss":24,"event_name":"Vampires","floor":20,"gold_loss":0,"cards_obtained":["Bite","Bite","Bite","Bite","Bite"]},{"damage_healed":0,"gold_gain":0,"player_choice":"Ignored","damage_taken":0,"max_hp_gain":0,"max_hp_loss":0,"event_name":"N\u0027loth","floor":21,"gold_loss":0},{"damage_healed":0,"gold_gain":0,"player_choice":"Fought Bandits","damage_taken":0,"max_hp_gain":0,"max_hp_loss":0,"event_name":"Masked Bandits","floor":25,"gold_loss":0}],"is_beta":false,"boss_relics":[{"not_picked":["Ectoplasm","Black Blood"],"picked":"Coffee Dripper"}],"items_purged_floors":[12,19],"is_endless":false,"potions_floor_spawned":[2,4,10,18,24,25,29],"killed_by":"Automaton","ascension_level":0}