{"gold_per_floor":[219,145,145,220,230,230,230,230,230,230,250,250,283,11,11,115,115,99,99,99,99,118,118],"floor_reached":23,"playtime":966,"items_purged":[],"score":222,"play_id":"521ad3c8-8512-4045-b669-6e65fa9e4be5","local_time":"20190907092832","is_ascension_mode":true,"campfire_choices":[{"data":"Loop","floor":6,"key":"SMITH"},{"floor":8,"key":"REST"},{"floor":12,"key":"REST"},{"floor":15,"key":"REST"}],"neow_cost":"NONE","seed_source_timestamp":0,"circlet_count":0,"master_deck":["Strike_B","Strike_B","Strike_B","Defend_B","Defend_B","Defend_B","Defend_B","Zap","Dualcast","Genetic Algorithm","Loop+1","Auto Shields","Lockon","Static Discharge","Melter","Defragment","Echo Form","Ball Lightning","Conserve Battery","RitualDagger","Hologram"],"special_seed":0,"relics":["Cracked Core","Letter Opener","Sundial","Shuriken","Bag of Preparation","ClockworkSouvenir","Black Star","Bottled Flame"],"potions_floor_usage":[22,23,23],"damage_taken":[{"damage":8,"enemies":"Small Slimes","floor":1,"turns":3},{"damage":7,"enemies":"2 Louse","floor":5,"turns":3},{"damage":7,"enemies":"Jaw Worm","floor":11,"turns":3},{"damage":19,"enemies":"3 Sentries","floor":13,"turns":5},{"damage":26,"enemies":"Slime Boss","floor":16,"turns":9},{"damage":27,"enemies":"2 Thieves","floor":18,"turns":5},{"damage":11,"enemies":"3 Byrds","floor":22,"turns":2},{"damage":34,"enemies":"Gremlin Leader","floor":23,"turns":3}],"seed_played":"-4581591076165224964","potions_obtained":[{"floor":1,"key":"EssenceOfSteel"},{"floor":5,"key":"Block Potion"},{"floor":16,"key":"LiquidBronze"}],"is_trial":false,"path_per_floor":["M","$","?","?","M","R","?","R","T","T","M","R","E","$","R","B",null,"M","?","?","T","M","E"],"character_chosen":"DEFECT","items_purchased":["Loop","ClockworkSouvenir","Defragment"],"campfire_rested":3,"item_purchase_floors":[2,14,14],"current_hp_per_floor":[67,67,67,56,49,49,42,64,64,64,57,75,56,56,75,49,75,48,48,42,42,31,0],"gold":118,"neow_bonus":"HUNDRED_GOLD","is_prod":false,"is_daily":false,"chose_seed":false,"campfire_upgraded":1,"win_rate":0,"timestamp":1567862912,"path_taken":["M","$","?","?","M","R","?","R","T","?","M","R","E","$","R","BOSS","M","?","?","?","M","E"],"build_version":"2019-07-17","purchased_purges":0,"victory":false,"max_hp_per_floor":[75,75,75,75,75,75,75,75,75,75,75,75,75,75,75,75,75,75,75,75,75,75,75],"card_choices":[{"not_picked":["Compile Driver","Scrape"],"picked":"Genetic Algorithm","floor":1},{"not_picked":["Redo","Double Energy"],"picked":"Lockon","floor":5},{"not_picked":["Conserve Battery","Compile Driver"],"picked":"Static Discharge","floor":11},{"not_picked":["Sweeping Beam","Force Field"],"picked":"Melter","floor":13},{"not_picked":["Fission","Hyperbeam"],"picked":"Echo Form","floor":16},{"not_picked":["Redo","Barrage"],"picked":"Ball Lightning","floor":18},{"not_picked":["Ball Lightning","Hello World"],"picked":"Hologram","floor":22}],"player_experience":321422,"relics_obtained":[{"floor":9,"key":"Sundial"},{"floor":10,"key":"Shuriken"},{"floor":13,"key":"Bag of Preparation"},{"floor":21,"key":"Bottled Flame"}],"event_choices":[{"damage_healed":0,"gold_gain":0,"cards_transformed":["Strike_B"],"player_choice":"Change","damage_taken":0,"max_hp_gain":0,"max_hp_loss":0,"event_name":"Living Wall","floor":3,"gold_loss":0,"cards_obtained":["Auto Shields"]},{"damage_healed":0,"gold_gain":75,"player_choice":"Gather Gold","damage_taken":11,"max_hp_gain":0,"max_hp_loss":0,"event_name":"World of Goop","floor":4,"gold_loss":0},{"damage_healed":0,"gold_gain":0,"player_choice":"Success","damage_taken":7,"relics_obtained":["Letter Opener"],"max_hp_gain":0,"max_hp_loss":0,"event_name":"Scrap Ooze","floor":7,"gold_loss":0},{"damage_healed":0,"gold_gain":0,"player_choice":"Read","damage_taken":0,"max_hp_gain":0,"max_hp_loss":0,"event_name":"The Library","floor":19,"gold_loss":0,"cards_obtained":["Conserve Battery"]},{"damage_healed":0,"gold_gain":0,"player_choice":"Joined the Cult","damage_taken":6,"max_hp_gain":0,"max_hp_loss":0,"event_name":"Nest","floor":20,"gold_loss":0,"cards_obtained":["RitualDagger"]}],"is_beta":false,"boss_relics":[{"not_picked":["Nuclear Battery","Tiny House"],"picked":"Black Star"}],"items_purged_floors":[],"is_endless":false,"potions_floor_spawned":[1,5,16,18],"killed_by":"Gremlin Leader","ascension_level":4}