{"gold_per_floor":[110,124,124,134,144,144,144,144,214,224,258,258,8,22,22,127,127,144,163,163,183,32,32,32],"floor_reached":24,"playtime":2030,"items_purged":["Regret"],"score":228,"play_id":"e20e8944-c692-4b46-97b6-0279a0dc3c4b","local_time":"20190902154726","is_ascension_mode":true,"campfire_choices":[{"data":"Iron Wave","floor":6,"key":"SMITH"},{"data":"Intimidate","floor":8,"key":"SMITH"},{"data":"Juggernaut","floor":12,"key":"SMITH"},{"floor":15,"key":"REST"},{"floor":23,"key":"REST"}],"neow_cost":"NONE","seed_source_timestamp":120386395396241,"circlet_count":0,"master_deck":["Strike_R","Strike_R","Strike_R","Strike_R","Defend_R","Defend_R","Defend_R","Defend_R","Bash","Juggernaut+1","Intimidate+1","Clash","Impervious","Pommel Strike","Iron Wave+1","Reckless Charge","Flex","Seeing Red","Immolate","Seeing Red+1","Cleave+1","J.A.X.","Battle Trance"],"relics":["Burning Blood","Art of War","Bottled Lightning","Happy Flower","Ancient Tea Set","Black Star","Regal Pillow"],"potions_floor_usage":[11,16,16,19,21,21],"damage_taken":[{"damage":1,"enemies":"Cultist","floor":1,"turns":5},{"damage":1,"enemies":"Small Slimes","floor":2,"turns":4},{"damage":2,"enemies":"2 Louse","floor":4,"turns":3},{"damage":19,"enemies":"Exordium Wildlife","floor":5,"turns":6},{"damage":13,"enemies":"Red Slaver","floor":10,"turns":4},{"damage":43,"enemies":"3 Sentries","floor":11,"turns":9},{"damage":1,"enemies":"2 Fungi Beasts","floor":14,"turns":4},{"damage":51,"enemies":"Slime Boss","floor":16,"turns":11},{"damage":20,"enemies":"3 Byrds","floor":18,"turns":4},{"damage":3,"enemies":"2 Thieves","floor":19,"turns":3},{"damage":34,"enemies":"Centurion and Healer","floor":21,"turns":4},{"damage":86,"enemies":"Book of Stabbing","floor":24,"turns":5}],"seed_played":"-6214659285056711925","potions_obtained":[{"floor":1,"key":"BloodPotion"},{"floor":2,"key":"Energy Potion"},{"floor":11,"key":"AttackPotion"},{"floor":14,"key":"SkillPotion"},{"floor":18,"key":"Fire Potion"},{"floor":19,"key":"Ancient Potion"}],"is_trial":false,"path_per_floor":["M","M","?","M","M","R","?","R","T","M","E","R","$","M","R","B",null,"M","M","?","M","$","R","E"],"character_chosen":"IRONCLAD","items_purchased":["Flex","Ancient Tea Set","Regal Pillow"],"campfire_rested":2,"item_purchase_floors":[13,13,22],"current_hp_per_floor":[80,80,80,80,67,67,67,67,67,60,43,43,43,48,72,27,80,66,69,69,41,41,80,0],"gold":32,"neow_bonus":"TRANSFORM_CARD","is_prod":false,"is_daily":false,"chose_seed":false,"campfire_upgraded":3,"win_rate":0,"timestamp":1567453646,"path_taken":["M","?","?","M","?","R","?","R","T","M","E","R","$","M","R","BOSS","M","M","?","M","$","R","E"],"build_version":"2019-07-17","purchased_purges":1,"victory":false,"max_hp_per_floor":[80,80,80,80,80,80,80,80,80,80,80,80,80,80,80,80,80,80,80,80,80,80,80,80],"card_choices":[{"not_picked":["Spot Weakness","Havoc"],"picked":"Intimidate","floor":1},{"not_picked":["Shrug It Off","Pommel Strike"],"picked":"Clash","floor":2},{"not_picked":["Feel No Pain","Blood for Blood"],"picked":"Pommel Strike","floor":4},{"not_picked":["Battle Trance","Twin Strike"],"picked":"Iron Wave","floor":5},{"not_picked":["Clothesline","Sword Boomerang"],"picked":"Reckless Charge","floor":10},{"not_picked":["Perfected Strike","Clothesline","Anger"],"picked":"SKIP","floor":11},{"not_picked":["Flex","Burning Pact"],"picked":"Seeing Red","floor":14},{"not_picked":["Impervious","Brutality"],"picked":"Immolate","floor":16},{"not_picked":["Anger","Reckless Charge"],"picked":"Seeing Red+1","floor":18},{"not_picked":["Corruption","Burning Pact+1"],"picked":"Cleave+1","floor":19},{"not_picked":["Sword Boomerang","Cleave"],"picked":"Battle Trance","floor":21}],"player_experience":290594,"relics_obtained":[{"floor":9,"key":"Bottled Lightning"},{"floor":11,"key":"Happy Flower"}],"event_choices":[{"damage_healed":0,"gold_gain":0,"player_choice":"1 cards matched","damage_taken":0,"max_hp_gain":0,"max_hp_loss":0,"event_name":"Match and Keep!","floor":3,"gold_loss":0,"cards_obtained":["Impervious"]},{"damage_healed":0,"gold_gain":0,"player_choice":"Box","damage_taken":0,"relics_obtained":["Art of War"],"max_hp_gain":0,"max_hp_loss":0,"event_name":"Big Fish","floor":7,"gold_loss":0,"cards_obtained":["Regret"]},{"damage_healed":0,"gold_gain":0,"player_choice":"Obtain J.A.X.","damage_taken":0,"max_hp_gain":0,"max_hp_loss":0,"event_name":"Drug Dealer","floor":20,"gold_loss":0,"cards_obtained":["J.A.X."]}],"is_beta":false,"boss_relics":[{"not_picked":["Calling Bell","White Beast Statue"],"picked":"Black Star"}],"items_purged_floors":[13],"is_endless":false,"potions_floor_spawned":[1,2,11,14,18,19],"killed_by":"Book of Stabbing","ascension_level":3}