{"gold_per_floor":[110,128,139,153,26,55,55,67,67,17,33,33,61,71,71,172,222,232,157,157,25,25,56,56,81,81,81,109,208,219,238,238,339,339,355,255,355,230,249,284,284,297,297,297],"floor_reached":44,"playtime":4540,"items_purged":["Strike_R","Strike_R","Strike_R"],"score":511,"play_id":"6f911bd3-34dc-4176-bc02-a3770c9ab769","local_time":"20190910202434","is_ascension_mode":false,"campfire_choices":[{"floor":7,"key":"REST"},{"data":"Uppercut","floor":15,"key":"SMITH"},{"data":"Corruption","floor":24,"key":"SMITH"},{"data":"Barricade","floor":27,"key":"SMITH"},{"data":"Rupture","floor":32,"key":"SMITH"},{"data":"Carnage","floor":41,"key":"SMITH"}],"neow_cost":"","seed_source_timestamp":2424787653654851,"circlet_count":0,"master_deck":["Strike_R+1","Strike_R","Defend_R","Defend_R+1","Bash","Headbutt","Flex","Feed","Shrug It Off+1","Uppercut+1","Inflame","Barricade+1","Shrug It Off","Combust+1","Necronomicurse","Bandage Up","Inflame","Ghostly","Ghostly","Ghostly","Ghostly","Ghostly","Corruption+1","Clothesline","Flex+1","Rupture+1","Brutality","Cleave+1","Metallicize","Iron Wave+1","Carnage+1"],"relics":["Burning Blood","FossilizedHelix","Meat on the Bone","Toy Ornithopter","Tiny House","Necronomicon","Nunchaku","White Beast Statue","Ginger","Red Mask","Runic Pyramid","Calipers","Regal Pillow","Toxic Egg 2"],"potions_floor_usage":[6,16,25,33,44,44,44],"damage_taken":[{"damage":2,"enemies":"Small Slimes","floor":1,"turns":4},{"damage":12,"enemies":"2 Louse","floor":2,"turns":3},{"damage":6,"enemies":"Jaw Worm","floor":3,"turns":3},{"damage":10,"enemies":"3 Louse","floor":4,"turns":5},{"damage":30,"enemies":"3 Sentries","floor":6,"turns":10},{"damage":1,"enemies":"Exordium Wildlife","floor":8,"turns":3},{"damage":9,"enemies":"Blue Slaver","floor":11,"turns":4},{"damage":2,"enemies":"Gremlin Nob","floor":13,"turns":4},{"damage":5,"enemies":"Large Slime","floor":14,"turns":7},{"damage":38,"enemies":"The Guardian","floor":16,"turns":13},{"damage":17,"enemies":"Shell Parasite","floor":18,"turns":12},{"damage":22,"enemies":"Gremlin Leader","floor":23,"turns":7},{"damage":12,"enemies":"Slavers","floor":25,"turns":6},{"damage":10,"enemies":"Masked Bandits","floor":28,"turns":7},{"damage":4,"enemies":"2 Thieves","floor":30,"turns":4},{"damage":8,"enemies":"Centurion and Healer","floor":31,"turns":6},{"damage":43,"enemies":"Champ","floor":33,"turns":12},{"damage":12,"enemies":"3 Shapes","floor":35,"turns":7},{"damage":8,"enemies":"Mind Bloom Boss Battle","floor":37,"turns":6},{"damage":3,"enemies":"Orb Walker","floor":39,"turns":4},{"damage":2,"enemies":"Reptomancer","floor":40,"turns":7},{"damage":19,"enemies":"3 Darklings","floor":42,"turns":8},{"damage":74,"enemies":"Giant Head","floor":44,"turns":10}],"seed_played":"2728500947607235010","potions_obtained":[{"floor":2,"key":"Strength Potion"},{"floor":11,"key":"Swift Potion"},{"floor":13,"key":"LiquidBronze"},{"floor":17,"key":"Ancient Potion"},{"floor":28,"key":"Ancient Potion"},{"floor":30,"key":"Swift Potion"},{"floor":33,"key":"Strength Potion"},{"floor":35,"key":"DuplicationPotion"},{"floor":37,"key":"EssenceOfSteel"}],"is_trial":false,"path_per_floor":["M","M","M","M","$","E","R","M","T","?","M","?","E","M","R","B",null,"M","?","?","$","?","E","R","E","T","R","?","?","M","M","R","B",null,"M","$","?","$","M","E","R","M","T","E"],"character_chosen":"IRONCLAD","items_purchased":["Shrug It Off","Bandage Up","Inflame"],"campfire_rested":1,"item_purchase_floors":[5,21,21],"current_hp_per_floor":[80,74,74,70,70,49,73,81,81,81,81,63,67,71,71,59,100,92,92,76,76,51,39,39,45,45,45,48,48,54,56,56,37,57,58,58,56,56,62,66,66,57,57,0],"gold":297,"neow_bonus":"","is_prod":false,"is_daily":false,"chose_seed":false,"campfire_upgraded":5,"win_rate":0.0,"timestamp":1568161474,"path_taken":["M","M","M","M","$","E","R","M","T","?","M","?","E","M","R","BOSS","M","?","?","$","?","E","R","E","T","R","?","?","M","?","R","BOSS","M","$","?","$","M","E","R","M","T","E"],"build_version":"2019-09-09v2","purchased_purges":3,"victory":false,"max_hp_per_floor":[80,80,80,80,80,83,83,86,86,86,89,89,89,92,92,95,100,103,103,103,103,51,51,51,54,54,54,57,57,57,57,57,57,57,60,60,60,60,63,66,66,66,66,66],"card_choices":[{"not_picked":["Thunderclap","Anger"],"picked":"Headbutt","floor":1},{"not_picked":["Entrench","Intimidate"],"picked":"Flex","floor":2},{"not_picked":["Sword Boomerang","Cleave","Headbutt"],"picked":"SKIP","floor":3},{"not_picked":["Iron Wave","True Grit"],"picked":"Feed","floor":4},{"not_picked":["Entrench","Power Through","Perfected Strike"],"picked":"SKIP","floor":6},{"not_picked":["Intimidate","Reckless Charge"],"picked":"Uppercut","floor":8},{"not_picked":["Headbutt","Cleave","Anger"],"picked":"SKIP","floor":11},{"not_picked":["Perfected Strike","Thunderclap"],"picked":"Inflame","floor":13},{"not_picked":["Rupture","Body Slam","Warcry"],"picked":"SKIP","floor":14},{"not_picked":["Juggernaut","Fiend Fire"],"picked":"Barricade","floor":16},{"not_picked":["Carnage","Warcry"],"picked":"Shrug It Off","floor":17},{"not_picked":["Warcry","Headbutt"],"picked":"Combust+1","floor":18},{"not_picked":["Headbutt","Thunderclap"],"picked":"Corruption","floor":23},{"not_picked":["Berserk","Seeing Red"],"picked":"Clothesline","floor":25},{"not_picked":["Headbutt","True Grit"],"picked":"Flex+1","floor":28},{"not_picked":["Combust","Cleave"],"picked":"Rupture","floor":30},{"not_picked":["Inflame","Shockwave+1","Dual Wield+1"],"picked":"SKIP","floor":31},{"not_picked":["Fiend Fire","Bludgeon"],"picked":"Brutality","floor":33},{"not_picked":["Warcry","Flex"],"picked":"Cleave+1","floor":35},{"not_picked":["Searing Blow","Cleave"],"picked":"Metallicize","floor":37},{"not_picked":["Headbutt+1","Flex+1"],"picked":"Iron Wave+1","floor":39},{"not_picked":["Body Slam","Rupture+1"],"picked":"Carnage","floor":40},{"not_picked":["Searing Blow","Flex+1","Clash+1"],"picked":"SKIP","floor":42}],"player_experience":0,"relics_obtained":[{"floor":6,"key":"FossilizedHelix"},{"floor":9,"key":"Meat on the Bone"},{"floor":13,"key":"Toy Ornithopter"},{"floor":20,"key":"Necronomicon"},{"floor":23,"key":"Nunchaku"},{"floor":25,"key":"White Beast Statue"},{"floor":26,"key":"Ginger"},{"floor":28,"key":"Red Mask"},{"floor":37,"key":"Calipers"},{"floor":40,"key":"Regal Pillow"},{"floor":43,"key":"Toxic Egg 2"}],"event_choices":[{"cards_removed":["Defend_R"],"damage_healed":0,"gold_gain":0,"player_choice":"Card Removal","damage_taken":0,"max_hp_gain":0,"max_hp_loss":0,"event_name":"The Cleric","floor":10,"gold_loss":50},{"damage_healed":0,"gold_gain":0,"player_choice":"Entered Light","damage_taken":18,"max_hp_gain":0,"max_hp_loss":0,"event_name":"Shining Light","floor":12,"gold_loss":0,"cards_upgraded":["Shrug It Off","Defend_R"]},{"cards_removed":["Defend_R"],"damage_healed":0,"gold_gain":0,"player_choice":"Gave Gold","damage_taken":0,"max_hp_gain":0,"max_hp_loss":0,"event_name":"Beggar","floor":19,"gold_loss":75},{"damage_healed":0,"gold_gain":0,"player_choice":"Obtained Book","damage_taken":16,"max_hp_gain":0,"max_hp_loss":0,"event_name":"Cursed Tome","floor":20,"gold_loss":0},{"damage_healed":0,"gold_gain":0,"player_choice":"Became a Ghost","damage_taken":0,"max_hp_gain":0,"max_hp_loss":52,"event_name":"Ghosts","floor":22,"gold_loss":0,"cards_obtained":["Ghostly","Ghostly","Ghostly","Ghostly","Ghostly"]},{"damage_healed":0,"gold_gain":0,"player_choice":"Fought Bandits","damage_taken":0,"max_hp_gain":0,"max_hp_loss":0,"event_name":"Masked Bandits","floor":28,"gold_loss":0},{"damage_healed":0,"gold_gain":99,"player_choice":"Stole From Cult","damage_taken":0,"max_hp_gain":0,"max_hp_loss":0,"event_name":"Nest","floor":29,"gold_loss":0},{"damage_healed":0,"gold_gain":0,"player_choice":"Fight","damage_taken":0,"max_hp_gain":0,"max_hp_loss":0,"event_name":"MindBloom","floor":37,"gold_loss":0}],"is_beta":true,"boss_relics":[{"not_picked":["Runic Dome","SacredBark"],"picked":"Tiny House"},{"not_picked":["Mark of Pain","Snecko Eye"],"picked":"Runic Pyramid"}],"items_purged_floors":[5,36,38],"is_endless":false,"potions_floor_spawned":[2,11,13,28,30,31,33,35,37,39,40,42],"killed_by":"Giant Head","ascension_level":0}