{"gold_per_floor":[110,110,110,134,152,152,185,185,185,244,100,125,125,125,125,246,246,264,264,264,264],"floor_reached":21,"playtime":2183,"items_purged":["Strike_R"],"score":275,"play_id":"2d0b7911-08a1-400e-9248-3385e59fbe0f","local_time":"20190103005112","is_ascension_mode":true,"campfire_choices":[{"data":"Bash","floor":6,"key":"SMITH"},{"floor":8,"key":"REST"},{"data":"Disarm","floor":13,"key":"SMITH"},{"floor":15,"key":"REST"}],"neow_cost":"TEN_PERCENT_HP_LOSS","seed_source_timestamp":289742537567033,"circlet_count":0,"master_deck":["Defend_R","Defend_R","Defend_R","Defend_R","Bash+1","Forethought","Magnetism","Havoc","Disarm+1","Dark Embrace","Wild Strike+1","Seeing Red","Offering","Second Wind","Bite","Bite","Bite","Bite","Bite"],"relics":["Burning Blood","Golden Idol","Matryoshka","Kunai","Ancient Tea Set","Whetstone","Runic Dome","MutagenicStrength"],"potions_floor_usage":[5,7,7,7,10,10,12,16],"damage_taken":[{"damage":9,"enemies":"2 Louse","floor":1,"turns":5},{"damage":6,"enemies":"Cultist","floor":4,"turns":4},{"damage":1,"enemies":"Small Slimes","floor":5,"turns":4},{"damage":34,"enemies":"3 Sentries","floor":7,"turns":11},{"damage":21,"enemies":"Lagavulin","floor":10,"turns":8},{"damage":16,"enemies":"Exordium Thugs","floor":12,"turns":5},{"damage":34,"enemies":"Hexaghost","floor":16,"turns":8},{"damage":20,"enemies":"Shell Parasite","floor":18,"turns":7},{"damage":60,"enemies":"Colosseum Slavers","floor":21,"turns":4}],"seed_played":"3185714104073457747","potions_obtained":[{"floor":1,"key":"FearPotion"},{"floor":3,"key":"EntropicBrew"},{"floor":3,"key":"Block Potion"},{"floor":5,"key":"SpeedPotion"},{"floor":12,"key":"AttackPotion"}],"is_trial":false,"path_per_floor":["M","?","?","M","M","R","E","R","T","E","$","M","R","?","R","B",null,"M","?","?","?"],"character_chosen":"IRONCLAD","items_purchased":["Seeing Red"],"campfire_rested":2,"item_purchase_floors":[11],"current_hp_per_floor":[69,51,51,51,56,56,28,49,49,34,34,24,24,24,45,17,58,44,44,44,0],"gold":264,"neow_bonus":"RANDOM_COLORLESS_2","is_prod":false,"is_daily":false,"chose_seed":false,"campfire_upgraded":2,"win_rate":0,"timestamp":1546505472,"path_taken":["M","?","?","?","?","R","E","R","T","E","$","M","R","?","R","BOSS","M","?","?","?"],"build_version":"2018-12-20","purchased_purges":1,"victory":false,"max_hp_per_floor":[72,72,72,72,72,72,72,72,72,72,72,72,72,72,72,72,72,72,50,50,50],"card_choices":[{"not_picked":["Intimidate","Battle Trance"],"picked":"Havoc","floor":1},{"not_picked":["Rage","Sever Soul"],"picked":"Disarm","floor":4},{"not_picked":["Dual Wield","Pommel Strike","Perfected Strike"],"picked":"SKIP","floor":5},{"not_picked":["Headbutt","Wild Strike"],"picked":"Dark Embrace","floor":7},{"not_picked":["Flex","Clothesline"],"picked":"Wild Strike","floor":10},{"not_picked":["Uppercut","Headbutt","Cleave"],"picked":"SKIP","floor":12},{"not_picked":["Immolate","Juggernaut"],"picked":"Offering","floor":16},{"not_picked":["Clash","Perfected Strike"],"picked":"Second Wind","floor":18}],"player_experience":331956,"relics_obtained":[{"floor":7,"key":"Matryoshka"},{"floor":9,"key":"Kunai"},{"floor":9,"key":"Ancient Tea Set"},{"floor":10,"key":"Whetstone"}],"event_choices":[{"damage_healed":0,"gold_gain":0,"player_choice":"Take Damage","damage_taken":18,"relics_obtained":["Golden Idol"],"max_hp_gain":0,"max_hp_loss":0,"event_name":"Golden Idol","floor":2,"gold_loss":0},{"damage_healed":0,"gold_gain":0,"player_choice":"Got Potions","damage_taken":0,"max_hp_gain":0,"max_hp_loss":0,"event_name":"Lab","floor":3,"gold_loss":0},{"damage_healed":0,"gold_gain":0,"player_choice":"Forge","damage_taken":0,"max_hp_gain":0,"max_hp_loss":0,"event_name":"Accursed Blacksmith","floor":14,"gold_loss":0,"cards_upgraded":["Wild Strike"]},{"damage_healed":0,"gold_gain":0,"player_choice":"Became a vampire","damage_taken":0,"max_hp_gain":0,"max_hp_loss":22,"event_name":"Vampires","floor":19,"gold_loss":0,"cards_obtained":["Bite","Bite","Bite","Bite","Bite"]},{"damage_healed":0,"gold_gain":0,"player_choice":"Inject Mutagens","damage_taken":0,"relics_obtained":["MutagenicStrength"],"max_hp_gain":0,"max_hp_loss":0,"event_name":"Drug Dealer","floor":20,"gold_loss":0},{"damage_healed":0,"gold_gain":0,"player_choice":"Fight","damage_taken":0,"max_hp_gain":0,"max_hp_loss":0,"event_name":"Colosseum","floor":21,"gold_loss":0}],"is_beta":false,"boss_relics":[{"not_picked":["Lizard Tail","Tiny House"],"picked":"Runic Dome"}],"items_purged_floors":[11],"is_endless":false,"potions_floor_spawned":[1,5,12],"killed_by":"Colosseum Slavers","ascension_level":7}