{"gold_per_floor":[109,29,29,45,60,89,89,109,160,160,172,172,188,113,113,113],"floor_reached":16,"playtime":1813,"items_purged":["Strike_G"],"score":102,"play_id":"29b85e5c-72e9-4933-b2b7-7ee347702b58","local_time":"20190824234538","is_ascension_mode":false,"campfire_choices":[{"data":"Crippling Poison","floor":10,"key":"SMITH"},{"data":"Leg Sweep","floor":12,"key":"SMITH"},{"data":"Dodge and Roll","floor":15,"key":"SMITH"}],"neow_cost":"NONE","seed_source_timestamp":115460135812985,"circlet_count":0,"master_deck":["Strike_G","Strike_G","Defend_G","Defend_G","Defend_G","Defend_G","Defend_G","Survivor","Neutralize","PiercingWail","Crippling Poison+1","Blur","Backflip","Leg Sweep+1","Backflip","Backstab","Dodge and Roll+1"],"relics":["Ring of the Snake","Mummified Hand","Anchor"],"potions_floor_usage":[6,6,8,13],"damage_taken":[{"damage":0,"enemies":"Cultist","floor":1,"turns":5},{"damage":0,"enemies":"Small Slimes","floor":4,"turns":4},{"damage":0,"enemies":"2 Louse","floor":5,"turns":4},{"damage":26,"enemies":"Gremlin Nob","floor":6,"turns":6},{"damage":0,"enemies":"2 Fungi Beasts","floor":8,"turns":5},{"damage":0,"enemies":"3 Louse","floor":11,"turns":3},{"damage":0,"enemies":"Gremlin Gang","floor":13,"turns":2},{"damage":56,"enemies":"Hexaghost","floor":16,"turns":22}],"seed_played":"1923445505090097405","potions_obtained":[{"floor":1,"key":"Poison Potion"},{"floor":5,"key":"Dexterity Potion"},{"floor":6,"key":"Regen Potion"},{"floor":11,"key":"SkillPotion"}],"is_trial":false,"path_per_floor":["M","$","?","M","M","E","?","M","T","R","M","R","M","$","R","B"],"character_chosen":"THE_SILENT","items_purchased":["Crippling Poison"],"campfire_rested":0,"item_purchase_floors":[2],"current_hp_per_floor":[70,70,63,63,63,37,42,56,56,56,56,56,56,56,56,0],"gold":113,"neow_bonus":"REMOVE_CARD","is_prod":false,"is_daily":false,"chose_seed":false,"campfire_upgraded":3,"win_rate":0,"timestamp":1566704738,"path_taken":["M","$","?","M","M","E","?","M","T","R","M","R","M","$","R","BOSS"],"build_version":"2019-07-17","purchased_purges":1,"victory":false,"max_hp_per_floor":[70,70,70,70,70,70,75,75,75,75,75,75,75,75,75,75],"card_choices":[{"not_picked":["Predator","Finisher"],"picked":"PiercingWail","floor":1},{"not_picked":["Sucker Punch","Dash"],"picked":"Blur","floor":4},{"not_picked":["PiercingWail","Deadly Poison"],"picked":"Backflip","floor":5},{"not_picked":["Malaise","Backflip"],"picked":"Leg Sweep","floor":6},{"not_picked":["Underhanded Strike","Reflex"],"picked":"Backflip","floor":8},{"not_picked":["Dash","Flying Knee"],"picked":"Backstab","floor":11},{"not_picked":["Bane","Dagger Throw"],"picked":"Dodge and Roll","floor":13}],"player_experience":187228,"relics_obtained":[{"floor":6,"key":"Mummified Hand"},{"floor":9,"key":"Anchor"}],"event_choices":[{"cards_removed":["Strike_G"],"damage_healed":0,"gold_gain":0,"player_choice":"Card Removal","damage_taken":7,"max_hp_gain":0,"max_hp_loss":0,"event_name":"Golden Wing","floor":3,"gold_loss":0},{"damage_healed":0,"gold_gain":0,"player_choice":"Donut","damage_taken":0,"max_hp_gain":5,"max_hp_loss":0,"event_name":"Big Fish","floor":7,"gold_loss":0}],"is_beta":false,"boss_relics":[],"items_purged_floors":[14],"is_endless":false,"potions_floor_spawned":[1,5,6,11],"killed_by":"Hexaghost","ascension_level":0}