{"gold_per_floor":[11,29,48,65,80,80,111,133,145,157,169,181,213,225,237,348,360,392,404,416,409,73,73,73,73,73,73],"floor_reached":27,"playtime":1897,"items_purged":["Strike_R"],"score":426,"play_id":"12ba975d-e612-48a3-a055-c60988d145f7","local_time":"20190608042441","is_ascension_mode":true,"campfire_choices":[{"data":"Armaments","floor":6,"key":"SMITH"},{"data":"Body Slam","floor":10,"key":"SMITH"},{"data":"Clothesline","floor":12,"key":"SMITH"},{"data":"True Grit","floor":15,"key":"SMITH"},{"data":"J.A.X.","floor":23,"key":"SMITH"},{"floor":25,"key":"RECALL"}],"neow_cost":"NO_GOLD","seed_source_timestamp":579293076138488,"circlet_count":0,"master_deck":["AscendersBane","Strike_R","Strike_R","Strike_R","Strike_R","Defend_R","Defend_R","Defend_R","Defend_R","Bash","True Grit+1","Bloodletting","Armaments+1","Clothesline+1","Body Slam+1","Infernal Blade","Rupture","Shrug It Off","Reaper","J.A.X.+1","Feel No Pain+1"],"relics":["Burning Blood","Thread and Needle","MawBank","Pen Nib","Golden Idol","Sozu","Frozen Egg 2","Self Forming Clay","Bottled Tornado"],"potions_floor_usage":[7,8,18],"damage_taken":[{"damage":0,"enemies":"Cultist","floor":1,"turns":3},{"damage":17,"enemies":"Small Slimes","floor":2,"turns":5},{"damage":3,"enemies":"Jaw Worm","floor":3,"turns":6},{"damage":0,"enemies":"2 Fungi Beasts","floor":4,"turns":6},{"damage":7,"enemies":"Looter","floor":5,"turns":4},{"damage":8,"enemies":"Gremlin Nob","floor":7,"turns":3},{"damage":4,"enemies":"Exordium Thugs","floor":8,"turns":5},{"damage":7,"enemies":"Exordium Wildlife","floor":13,"turns":5},{"damage":25,"enemies":"The Guardian","floor":16,"turns":10},{"damage":20,"enemies":"Spheric Guardian","floor":18,"turns":6},{"damage":10,"enemies":"2 Thieves","floor":21,"turns":4},{"damage":54,"enemies":"Slavers","floor":27,"turns":4}],"seed_played":"3820093346652293019","potions_obtained":[{"floor":2,"key":"Fire Potion"},{"floor":4,"key":"PowerPotion"},{"floor":16,"key":"SkillPotion"}],"is_trial":false,"path_per_floor":["M","M","M","M","M","R","E","M","T","R","?","R","M","?","R","B",null,"M","?","T","M","$","R","?","R","T","E"],"character_chosen":"IRONCLAD","items_purchased":["Self Forming Clay"],"campfire_rested":0,"item_purchase_floors":[22],"current_hp_per_floor":[74,63,66,72,71,71,69,71,71,71,60,60,59,59,59,40,61,47,47,47,53,53,53,53,53,53,0],"gold":73,"neow_bonus":"ONE_RARE_RELIC","is_prod":false,"is_daily":false,"chose_seed":false,"campfire_upgraded":5,"win_rate":0,"timestamp":1559993081,"path_taken":["M","M","M","M","M","R","E","M","T","R","?","R","M","?","R","BOSS","M","?","?","M","$","R","?","R","T","E"],"build_version":"2019-01-23","purchased_purges":1,"victory":false,"max_hp_per_floor":[75,75,75,75,75,75,75,75,75,75,75,75,75,68,68,68,68,68,68,68,68,68,68,68,68,68,68],"card_choices":[{"not_picked":["Clash","Flex"],"picked":"True Grit","floor":1},{"not_picked":["Heavy Blade","Sword Boomerang"],"picked":"Bloodletting","floor":2},{"not_picked":["Dropkick","Inflame"],"picked":"Armaments","floor":3},{"not_picked":["Headbutt","Warcry"],"picked":"Clothesline","floor":4},{"not_picked":["Infernal Blade","Sword Boomerang"],"picked":"Body Slam","floor":5},{"not_picked":["Heavy Blade","Perfected Strike"],"picked":"Infernal Blade","floor":7},{"not_picked":["Second Wind","Berserk"],"picked":"Rupture","floor":8},{"not_picked":["Thunderclap","Body Slam"],"picked":"Shrug It Off","floor":13},{"not_picked":["Limit Break","Berserk"],"picked":"Reaper","floor":16},{"not_picked":["Clash","Heavy Blade","Infernal Blade"],"picked":"SKIP","floor":18},{"not_picked":["Sentinel","Uppercut"],"picked":"Feel No Pain+1","floor":21}],"player_experience":988217,"relics_obtained":[{"floor":7,"key":"MawBank"},{"floor":20,"key":"Frozen Egg 2"},{"floor":26,"key":"Bottled Tornado"}],"event_choices":[{"damage_healed":0,"gold_gain":0,"player_choice":"Success","damage_taken":11,"relics_obtained":["Pen Nib"],"max_hp_gain":0,"max_hp_loss":0,"event_name":"Scrap Ooze","floor":11,"gold_loss":0},{"damage_healed":0,"gold_gain":0,"player_choice":"Lose Max HP","damage_taken":0,"relics_obtained":["Golden Idol"],"max_hp_gain":0,"max_hp_loss":7,"event_name":"Golden Idol","floor":14,"gold_loss":0},{"damage_healed":0,"gold_gain":0,"player_choice":"Obtain J.A.X.","damage_taken":0,"max_hp_gain":0,"max_hp_loss":0,"event_name":"Drug Dealer","floor":19,"gold_loss":0,"cards_obtained":["J.A.X."]},{"damage_healed":0,"gold_gain":0,"player_choice":"Ignored","damage_taken":0,"max_hp_gain":0,"max_hp_loss":0,"event_name":"The Mausoleum","floor":24,"gold_loss":0}],"is_beta":false,"boss_relics":[{"not_picked":["Cursed Key","Snecko Eye"],"picked":"Sozu"}],"items_purged_floors":[22],"is_endless":false,"potions_floor_spawned":[2,4,5,16,18,21],"killed_by":"Slavers","ascension_level":20}