{"gold_per_floor":[118,118,138,95,106,106,131,12,12,12,36,51,71,104,104,208,208,191,191,46,46,46,46,56,68,121,8,8,39,39,56,56,56],"floor_reached":33,"playtime":3350,"items_purged":["Defend_B"],"score":423,"play_id":"c44b5a04-8f41-4d60-85ce-0376f59ecb2a","local_time":"20190203045824","is_ascension_mode":true,"campfire_choices":[{"data":"Sweeping Beam","floor":6.0,"key":"SMITH"},{"data":"Turbo","floor":10.0,"key":"SMITH"},{"floor":15.0,"key":"REST"},{"data":"Redo","floor":23.0,"key":"SMITH"},{"data":"Loop","floor":28.0,"key":"SMITH"},{"floor":30,"key":"REST"},{"data":"White Noise","floor":32,"key":"SMITH"}],"neow_cost":"NONE","seed_source_timestamp":0,"circlet_count":0,"master_deck":["AscendersBane","Strike_B","Strike_B","Strike_B","Defend_B","Defend_B","Defend_B","Zap","Dualcast","Multi-Cast","Sweeping Beam+1","Turbo+1","Undo","Fusion","Creative AI","Coolheaded","Glacier","Redo+1","Tempest","Seek","White Noise+1","Heatsinks","Leap+1","Glacier","Loop+1","Skim+1"],"special_seed":0,"relics":["Cracked Core","Mummified Hand","Meat on the Bone","Art of War","Regal Pillow","Philosopher\u0027s Stone","Vajra","Omamori"],"potions_floor_usage":[29,29,31],"damage_taken":[{"damage":5.0,"enemies":"2 Louse","floor":1.0,"turns":3.0},{"damage":2.0,"enemies":"Jaw Worm","floor":3.0,"turns":3.0},{"damage":1.0,"enemies":"Cultist","floor":5.0,"turns":3.0},{"damage":27.0,"enemies":"3 Sentries","floor":7.0,"turns":6.0},{"damage":2.0,"enemies":"Blue Slaver","floor":12.0,"turns":4.0},{"damage":0.0,"enemies":"2 Fungi Beasts","floor":13.0,"turns":4.0},{"damage":29.0,"enemies":"Gremlin Nob","floor":14.0,"turns":5.0},{"damage":36.0,"enemies":"Hexaghost","floor":16.0,"turns":8.0},{"damage":25.0,"enemies":"2 Thieves","floor":18.0,"turns":4.0},{"damage":28.0,"enemies":"3 Byrds","floor":24.0,"turns":2.0},{"damage":14.0,"enemies":"Cultist and Chosen","floor":25.0,"turns":6.0},{"damage":37,"enemies":"Book of Stabbing","floor":29,"turns":7},{"damage":2,"enemies":"Centurion and Healer","floor":31,"turns":9},{"damage":61,"enemies":"Automaton","floor":33,"turns":12}],"seed_played":"253685003214151616","potions_obtained":[{"floor":5.0,"key":"AttackPotion"},{"floor":12.0,"key":"Strength Potion"},{"floor":13.0,"key":"Fire Potion"},{"floor":24.0,"key":"SteroidPotion"},{"floor":25.0,"key":"FearPotion"},{"floor":29,"key":"SpeedPotion"}],"is_trial":false,"path_per_floor":["M","?","M","?","M","R","E","$","T","R","T","M","M","E","R","B",null,"M","?","$","?","?","R","M","M","T","$","R","E","R","M","R","B"],"character_chosen":"DEFECT","items_purchased":["Creative AI","Coolheaded","White Noise","Heatsinks","Loop"],"campfire_rested":2,"item_purchase_floors":[8,8,20,20,27],"current_hp_per_floor":[63,68,66,66,65,65,38,38,38,38,38,48,48,31,70,46,72,47,73,73,73,73,73,45,43,43,43,43,18,57,55,55,0],"gold":56,"neow_bonus":"TRANSFORM_CARD","is_prod":false,"is_daily":false,"chose_seed":false,"campfire_upgraded":5,"win_rate":0,"timestamp":1549198704,"path_taken":["M","?","M","?","M","R","E","?","T","R","?","M","M","E","R","BOSS","M","?","$","?","?","R","M","M","T","?","R","E","R","?","R","BOSS"],"build_version":"2019-01-23","purchased_purges":1,"victory":false,"max_hp_per_floor":[75,80,80,80,80,80,80,80,80,80,80,80,80,80,80,80,80,80,80,80,80,80,80,80,80,80,80,80,80,80,80,80,80],"card_choices":[{"not_picked":["Ball Lightning","Barrage"],"picked":"Sweeping Beam","floor":1.0},{"not_picked":["Steam","Barrage"],"picked":"Turbo","floor":3.0},{"not_picked":["Stack","Turbo"],"picked":"Undo","floor":5.0},{"not_picked":["Ball Lightning","Consume"],"picked":"Fusion","floor":7.0},{"not_picked":["Steam","Conserve Battery"],"picked":"Glacier","floor":12.0},{"not_picked":["Scrape","Chill"],"picked":"Redo","floor":13.0},{"not_picked":["Rip and Tear","Redo"],"picked":"Tempest","floor":14.0},{"not_picked":["All For One","Buffer"],"picked":"Seek","floor":16.0},{"not_picked":["Ball Lightning","Lockon","Blizzard"],"picked":"SKIP","floor":18.0},{"not_picked":["Turbo","Redo"],"picked":"Leap+1","floor":24.0},{"not_picked":["Melter","Barrage"],"picked":"Glacier","floor":25.0},{"not_picked":["Streamline","Sunder"],"picked":"Skim+1","floor":29},{"not_picked":["Reinforced Body","Leap","Steam Power"],"picked":"SKIP","floor":31}],"player_experience":540344,"relics_obtained":[{"floor":7.0,"key":"Mummified Hand"},{"floor":9.0,"key":"Meat on the Bone"},{"floor":11.0,"key":"Art of War"},{"floor":14.0,"key":"Regal Pillow"},{"floor":26.0,"key":"Vajra"},{"floor":29,"key":"Omamori"}],"event_choices":[{"damage_healed":0.0,"max_hp_gain":5.0,"max_hp_loss":0.0,"gold_gain":0.0,"event_name":"Big Fish","player_choice":"Donut","floor":2.0,"gold_loss":0.0,"damage_taken":0.0},{"damage_healed":0.0,"max_hp_gain":0.0,"max_hp_loss":0.0,"gold_gain":0.0,"event_name":"World of Goop","player_choice":"Left Gold","floor":4.0,"gold_loss":43.0,"damage_taken":0.0},{"damage_healed":26.0,"max_hp_gain":0.0,"max_hp_loss":0.0,"gold_gain":0.0,"event_name":"The Library","player_choice":"Heal","floor":19.0,"gold_loss":0.0,"damage_taken":0.0},{"damage_healed":0.0,"max_hp_gain":0.0,"max_hp_loss":0.0,"gold_gain":0.0,"event_name":"Beggar","player_choice":"Ignored","floor":21.0,"gold_loss":0.0,"damage_taken":0.0},{"damage_healed":0.0,"max_hp_gain":0.0,"max_hp_loss":0.0,"gold_gain":0.0,"event_name":"The Mausoleum","player_choice":"Ignored","floor":22.0,"gold_loss":0.0,"damage_taken":0.0}],"is_beta":false,"boss_relics":[{"not_picked":["Cursed Key","Lizard Tail"],"picked":"Philosopher\u0027s Stone"}],"items_purged_floors":[27],"is_endless":false,"potions_floor_spawned":[5,12,13,24,25,29],"killed_by":"Automaton","ascension_level":11}