{"gold_per_floor":[109,128,3,19,32,32,32,32,32,32,32,65,35,50,50,155,155,172,187,187,205,4,29,29,49,73,83,98,197,197,197,197,300,300,312,312,412,2,22,22,40,75,75,0,0,25,44,55,55,55,55,55,15,44,44],"floor_reached":56,"playtime":6778,"items_purged":["Decay"],"score":1302,"play_id":"15c14882-3b70-4e9d-9cad-1a9c628f5025","local_time":"20190212222943","is_ascension_mode":false,"campfire_choices":[{"data":"Coolheaded","floor":6,"key":"SMITH"},{"data":"Recycle","floor":8,"key":"SMITH"},{"data":"Fusion","floor":15,"key":"SMITH"},{"data":"Enlightenment","floor":24,"key":"SMITH"},{"data":"Buffer","floor":30,"key":"SMITH"},{"data":"Loop","floor":32,"key":"SMITH"},{"data":"Defragment","floor":40,"key":"SMITH"},{"data":"Amplify","floor":45,"key":"SMITH"},{"floor":49,"key":"RECALL"},{"data":"Capacitor","floor":52,"key":"SMITH"}],"neow_cost":"CURSE","seed_source_timestamp":19796379660449,"circlet_count":0,"master_deck":["Strike_B","Strike_B+1","Strike_B+1","Defend_B","Defend_B","Zap","Dualcast","Coolheaded+1","Recycle+1","Self Repair","Electrodynamics","Gash","Cold Snap","Fusion+1","Gash","Skim","Creative AI","Leap","Redo+1","Cold Snap+1","Storm","Enlightenment+1","Sunder","Loop+1","Conserve Battery+1","Buffer+1","Amplify+1","Capacitor+1","Meteor Strike","Defragment+1","Turbo+1","Force Field","Leap+1","BootSequence","Gash","Turbo+1","Consume","Seek"],"relics":["Cracked Core","Whetstone","Mummified Hand","Ornamental Fan","Runic Pyramid","Letter Opener","Unceasing Top","Nuclear Battery","Thread and Needle","Medical Kit","Peace Pipe","Strawberry","Gremlin Horn","Anchor"],"potions_floor_usage":[12,12,21,28,42,50,54],"damage_taken":[{"damage":3,"enemies":"2 Louse","floor":1,"turns":3},{"damage":5,"enemies":"Small Slimes","floor":2,"turns":4},{"damage":6,"enemies":"Jaw Worm","floor":4,"turns":3},{"damage":26,"enemies":"Exordium Thugs","floor":5,"turns":3},{"damage":9,"enemies":"Lagavulin","floor":12,"turns":6},{"damage":6,"enemies":"Red Slaver","floor":14,"turns":3},{"damage":21,"enemies":"Hexaghost","floor":16,"turns":10},{"damage":14,"enemies":"Spheric Guardian","floor":18,"turns":4},{"damage":5,"enemies":"Chosen","floor":19,"turns":4},{"damage":7,"enemies":"Snecko","floor":21,"turns":4},{"damage":5,"enemies":"Gremlin Leader","floor":23,"turns":6},{"damage":9,"enemies":"Snake Plant","floor":25,"turns":4},{"damage":20,"enemies":"Centurion and Healer","floor":27,"turns":4},{"damage":3,"enemies":"Shelled Parasite and Fungi","floor":28,"turns":3},{"damage":0,"enemies":"Automaton","floor":33,"turns":10},{"damage":0,"enemies":"Orb Walker","floor":35,"turns":3},{"damage":0,"enemies":"Mind Bloom Boss Battle","floor":37,"turns":6},{"damage":0,"enemies":"3 Darklings","floor":39,"turns":3},{"damage":0,"enemies":"Jaw Worm Horde","floor":41,"turns":3},{"damage":0,"enemies":"Reptomancer","floor":42,"turns":4},{"damage":0,"enemies":"Giant Head","floor":46,"turns":4},{"damage":0,"enemies":"Writhing Mass","floor":47,"turns":3},{"damage":0,"enemies":"Transient","floor":48,"turns":5},{"damage":33,"enemies":"Time Eater","floor":50,"turns":8},{"damage":22,"enemies":"Shield and Spear","floor":54,"turns":5},{"damage":53,"enemies":"The Heart","floor":55,"turns":7}],"seed_played":"7149776084383276135","potions_obtained":[{"floor":1,"key":"SteroidPotion"},{"floor":2,"key":"FearPotion"},{"floor":18,"key":"Ancient Potion"},{"floor":19,"key":"Dexterity Potion"},{"floor":25,"key":"Explosive Potion"},{"floor":27,"key":"Fire Potion"},{"floor":39,"key":"SpeedPotion"},{"floor":46,"key":"SpeedPotion"}],"is_trial":false,"path_per_floor":["M","M","$","M","M","R","?","R","T","?","?","E","?","M","R","B",null,"M","M","?","M","$","E","R","M","T","M","M","?","R","?","R","B",null,"M","?","?","$","M","R","M","E","T","$","R","E","M","M","R","B",null,"R","$","E","B",null],"character_chosen":"DEFECT","items_purchased":["Electrodynamics","Gash","Storm","Enlightenment","Medical Kit","Meteor Strike","Defragment","BootSequence","Consume"],"campfire_rested":0,"item_purchase_floors":[3,3,22,22,38,38,38,44,53],"current_hp_per_floor":[72,67,67,68,49,49,49,49,49,46,46,44,44,45,45,31,75,68,63,63,63,63,65,65,63,63,50,54,54,54,54,54,61,75,75,75,75,75,75,75,75,75,82,82,82,82,82,82,82,56,82,82,82,67,21],"gold":44,"neow_bonus":"TRANSFORM_TWO_CARDS","is_prod":false,"is_daily":false,"chose_seed":false,"campfire_upgraded":9,"win_rate":0,"timestamp":1550039383,"path_taken":["M","M","$","M","M","R","?","R","T","?","?","E","?","M","R","BOSS","M","M","?","M","?","E","R","?","T","M","M","?","R","?","R","BOSS","M","?","?","$","M","R","M","E","T","?","R","E","M","M","R","BOSS","R","$","E","BOSS"],"build_version":"2019-01-23","purchased_purges":1,"victory":true,"max_hp_per_floor":[75,75,75,75,75,75,75,75,75,75,75,75,75,75,75,75,75,75,75,75,75,75,75,75,75,75,75,75,75,75,75,75,75,75,75,75,75,75,75,75,75,75,82,82,82,82,82,82,82,82,82,82,82,82,82],"card_choices":[{"not_picked":["Rip and Tear","Lockon","Streamline"],"picked":"SKIP","floor":1},{"not_picked":["Go for the Eyes","FTL"],"picked":"Self Repair","floor":2},{"not_picked":["Stack","Redo"],"picked":"Cold Snap","floor":4},{"not_picked":["Double Energy","Conserve Battery"],"picked":"Fusion","floor":5},{"not_picked":["Go for the Eyes","Double Energy"],"picked":"Gash","floor":12},{"not_picked":["Sweeping Beam","Go for the Eyes"],"picked":"Skim","floor":14},{"not_picked":["Buffer","Fission"],"picked":"Creative AI","floor":16},{"not_picked":["Ball Lightning+1","Barrage"],"picked":"Leap","floor":18},{"not_picked":["Ball Lightning","Cold Snap"],"picked":"Redo+1","floor":19},{"not_picked":["Ball Lightning","Reprogram"],"picked":"Cold Snap+1","floor":21},{"not_picked":["Glacier","Sweeping Beam"],"picked":"Sunder","floor":23},{"not_picked":["Go for the Eyes","Heatsinks"],"picked":"Loop","floor":25},{"not_picked":["Steam","Reinforced Body"],"picked":"Conserve Battery+1","floor":27},{"not_picked":["Stack+1","Leap+1"],"picked":"Buffer","floor":28},{"not_picked":["Rainbow","Biased Cognition"],"picked":"Amplify","floor":33},{"not_picked":["Genetic Algorithm","Streamline+1","Sweeping Beam"],"picked":"SKIP","floor":35},{"not_picked":["Heatsinks","Hello World"],"picked":"Capacitor","floor":37},{"not_picked":["Scrape+1","Stack+1"],"picked":"Turbo+1","floor":39},{"not_picked":["Turbo","Redo+1"],"picked":"Force Field","floor":41},{"not_picked":["Undo","Cold Snap+1"],"picked":"Leap+1","floor":42},{"not_picked":["Genetic Algorithm+1","Coolheaded","Compile Driver"],"picked":"SKIP","floor":46},{"not_picked":["Aggregate+1","Go for the Eyes"],"picked":"Gash","floor":47},{"not_picked":["Auto Shields+1","Reinforced Body+1"],"picked":"Turbo+1","floor":48},{"not_picked":["Cold Snap+1","Coolheaded"],"picked":"Seek","floor":54}],"player_experience":600895,"relics_obtained":[{"floor":9,"key":"Whetstone"},{"floor":12,"key":"Ornamental Fan"},{"floor":23,"key":"Unceasing Top"},{"floor":37,"key":"Thread and Needle"},{"floor":42,"key":"Peace Pipe"},{"floor":43,"key":"Strawberry"},{"floor":46,"key":"Gremlin Horn"},{"floor":54,"key":"Anchor"}],"event_choices":[{"damage_healed":0,"gold_gain":0,"player_choice":"Ignored","damage_taken":0,"max_hp_gain":0,"max_hp_loss":0,"event_name":"Liars Game","floor":7,"gold_loss":0},{"damage_healed":0,"gold_gain":0,"player_choice":"Success","damage_taken":3,"relics_obtained":["Mummified Hand"],"max_hp_gain":0,"max_hp_loss":0,"event_name":"Scrap Ooze","floor":10,"gold_loss":0},{"damage_healed":0,"gold_gain":0,"player_choice":"Leave","damage_taken":0,"max_hp_gain":0,"max_hp_loss":0,"event_name":"The Cleric","floor":11,"gold_loss":0},{"damage_healed":0,"gold_gain":0,"player_choice":"Left Gold","damage_taken":0,"max_hp_gain":0,"max_hp_loss":0,"event_name":"World of Goop","floor":13,"gold_loss":30},{"damage_healed":0,"gold_gain":0,"player_choice":"Gave Potion","damage_taken":0,"relics_obtained":["Letter Opener"],"max_hp_gain":0,"max_hp_loss":0,"event_name":"WeMeetAgain","floor":20,"gold_loss":0},{"damage_healed":0,"gold_gain":99,"player_choice":"Stole From Cult","damage_taken":0,"max_hp_gain":0,"max_hp_loss":0,"event_name":"Nest","floor":29,"gold_loss":0},{"damage_healed":0,"gold_gain":0,"player_choice":"Ignored","damage_taken":0,"max_hp_gain":0,"max_hp_loss":0,"event_name":"Vampires","floor":31,"gold_loss":0},{"cards_removed":["Defend_B"],"damage_healed":0,"gold_gain":0,"player_choice":"Removed Skill","damage_taken":0,"max_hp_gain":0,"max_hp_loss":0,"event_name":"Falling","floor":36,"gold_loss":0},{"damage_healed":0,"gold_gain":0,"player_choice":"Fight","damage_taken":0,"max_hp_gain":0,"max_hp_loss":0,"event_name":"MindBloom","floor":37,"gold_loss":0}],"is_beta":false,"boss_relics":[{"not_picked":["Runic Dome","Eternal Feather"],"picked":"Runic Pyramid"},{"not_picked":["FrozenCore","Inserter"],"picked":"Nuclear Battery"}],"items_purged_floors":[22],"is_endless":false,"potions_floor_spawned":[1,2,18,19,25,27,39,46],"ascension_level":0}