{"gold_per_floor":[365,384,404,64,79,79,108,108,159,169,169,169,169,194,194,314,314,328,348,372,35,59,59,59],"floor_reached":24,"playtime":1541,"items_purged":[],"score":240,"play_id":"07a2ce70-114f-48b6-b2f7-600688b9b2f5","local_time":"20190907095425","is_ascension_mode":true,"campfire_choices":[{"floor":6,"key":"REST"},{"floor":11,"key":"REST"},{"floor":15,"key":"REST"},{"floor":23,"key":"REST"}],"neow_cost":"CURSE","seed_source_timestamp":74045630000690,"circlet_count":0,"master_deck":["Strike_B","Strike_B","Strike_B","Strike_B","Defend_B","Defend_B+1","Defend_B","Defend_B","Zap","Dualcast","Conserve Battery","Beam Cell","Ball Lightning","Defragment","Amplify+1","Tempest","Melter","Glacier","All For One","Stack","Redo","Genetic Algorithm","Buffer","Loop"],"relics":["Cracked Core","Membership Card","Letter Opener","Oddly Smooth Stone","Golden Idol","Empty Cage","Turnip","Runic Capacitor"],"potions_floor_usage":[7,7,14,14,16,19,22],"damage_taken":[{"damage":3,"enemies":"Cultist","floor":1,"turns":4},{"damage":9,"enemies":"Jaw Worm","floor":2,"turns":3},{"damage":3,"enemies":"2 Louse","floor":3,"turns":3},{"damage":24,"enemies":"Lots of Slimes","floor":5,"turns":5},{"damage":10,"enemies":"Lagavulin","floor":7,"turns":5},{"damage":9,"enemies":"2 Fungi Beasts","floor":10,"turns":3},{"damage":18,"enemies":"Exordium Wildlife","floor":14,"turns":4},{"damage":54,"enemies":"Slime Boss","floor":16,"turns":9},{"damage":0,"enemies":"Spheric Guardian","floor":18,"turns":2},{"damage":9,"enemies":"Chosen","floor":19,"turns":6},{"damage":1,"enemies":"Sentry and Sphere","floor":20,"turns":4},{"damage":24,"enemies":"Centurion and Healer","floor":22,"turns":11},{"damage":67,"enemies":"Slavers","floor":24,"turns":5}],"seed_played":"-1444541837969478731","potions_obtained":[{"floor":1,"key":"Weak Potion"},{"floor":7,"key":"EntropicBrew"},{"floor":16,"key":"Weak Potion"},{"floor":19,"key":"Block Potion"},{"floor":22,"key":"Weak Potion"}],"is_trial":false,"path_per_floor":["M","M","M","$","M","R","E","?","T","M","R","?","?","M","R","B",null,"M","M","M","$","M","R","E"],"character_chosen":"DEFECT","items_purchased":["Membership Card","Defragment","Streamline","LiquidBronze","Fire Potion","Genetic Algorithm","Turnip","Runic Capacitor","Buffer"],"campfire_rested":4,"item_purchase_floors":[4,4,4,4,4,21,21,21,21],"current_hp_per_floor":[72,63,60,60,36,58,48,33,33,24,46,46,51,33,55,1,75,75,66,65,65,41,63,0],"gold":59,"neow_bonus":"TWO_FIFTY_GOLD","is_prod":false,"is_daily":false,"chose_seed":false,"campfire_upgraded":0,"win_rate":0,"timestamp":1567864465,"path_taken":["M","M","M","$","M","R","E","?","T","M","R","?","?","M","R","BOSS","M","?","M","$","M","R","E"],"build_version":"2019-07-17","purchased_purges":0,"victory":false,"max_hp_per_floor":[75,75,75,75,75,75,75,75,75,75,75,75,75,75,75,75,75,75,75,75,75,75,75,75],"card_choices":[{"not_picked":["Rebound","Leap"],"picked":"Conserve Battery","floor":1},{"not_picked":["Rebound","Static Discharge"],"picked":"Beam Cell","floor":2},{"not_picked":["Compile Driver","Turbo"],"picked":"Ball Lightning","floor":3},{"not_picked":["Lockon","Stack"],"picked":"Amplify","floor":5},{"not_picked":["Redo","Turbo"],"picked":"Tempest","floor":7},{"not_picked":["Gash","Leap"],"picked":"Melter","floor":10},{"not_picked":["White Noise","Turbo"],"picked":"Glacier","floor":14},{"not_picked":["Hyperbeam","Rainbow"],"picked":"All For One","floor":16},{"not_picked":["Double Energy","Doom and Gloom"],"picked":"Stack","floor":18},{"not_picked":["Recycle","Heatsinks+1","Cold Snap"],"picked":"SKIP","floor":19},{"not_picked":["Chill","Coolheaded"],"picked":"Redo","floor":20},{"not_picked":["Steam+1","Skim+1"],"picked":"Loop","floor":22}],"player_experience":322388,"relics_obtained":[{"floor":7,"key":"Letter Opener"},{"floor":9,"key":"Oddly Smooth Stone"}],"event_choices":[{"damage_healed":0,"gold_gain":0,"player_choice":"Entered Light","damage_taken":15,"max_hp_gain":0,"max_hp_loss":0,"event_name":"Shining Light","floor":8,"gold_loss":0,"cards_upgraded":["Defend_B","Amplify"]},{"damage_healed":0,"gold_gain":0,"player_choice":"Take Wound","damage_taken":0,"relics_obtained":["Golden Idol"],"max_hp_gain":0,"max_hp_loss":0,"event_name":"Golden Idol","floor":12,"gold_loss":0,"cards_obtained":["Injury"]},{"cards_removed":["Streamline"],"damage_healed":5,"gold_gain":0,"player_choice":"Offered Common","damage_taken":0,"max_hp_gain":0,"max_hp_loss":0,"event_name":"Bonfire Elementals","floor":13,"gold_loss":0},{"cards_removed":["Streamline"],"damage_healed":5,"gold_gain":0,"player_choice":"Offered Special","damage_taken":0,"max_hp_gain":0,"max_hp_loss":0,"event_name":"Bonfire Elementals","floor":13,"gold_loss":0}],"is_beta":false,"boss_relics":[{"not_picked":["Black Star","Nuclear Battery"],"picked":"Empty Cage"}],"items_purged_floors":[],"is_endless":false,"potions_floor_spawned":[1,5,7,14,16,19,22],"killed_by":"Slavers","ascension_level":4}