{"gold_per_floor":[117,127,145,145,2,2,2,2,27,100,100,126,139,169,169,169],"floor_reached":16,"playtime":899,"items_purged":["Strike_R"],"score":113,"play_id":"64e10fc1-d393-4a50-9947-48ba6417b93d","local_time":"20181003142252","is_ascension_mode":true,"campfire_choices":[{"data":"1","floor":6,"key":"LIFT"},{"data":"2","floor":8,"key":"LIFT"},{"data":"3","floor":11,"key":"LIFT"},{"floor":15,"key":"REST"}],"neow_cost":"PERCENT_DAMAGE","seed_source_timestamp":701572187108665,"circlet_count":0,"master_deck":["Strike_R","Strike_R","Strike_R","Strike_R","Defend_R","Defend_R","Defend_R","Bash","Clothesline","Spot Weakness","True Grit","Battle Trance","Pommel Strike","Shockwave","Flex"],"relics":["Burning Blood","Girya","Pen Nib","Dodecahedron","Question Card","Incense Burner"],"potions_floor_usage":[14],"damage_taken":[{"damage":1,"enemies":"Cultist","floor":1,"turns":3},{"damage":3,"enemies":"Jaw Worm","floor":2,"turns":4},{"damage":8,"enemies":"2 Louse","floor":3,"turns":3},{"damage":33,"enemies":"3 Sentries","floor":12,"turns":6},{"damage":19,"enemies":"Exordium Thugs","floor":13,"turns":4},{"damage":13,"enemies":"Gremlin Nob","floor":14,"turns":3},{"damage":43,"enemies":"The Guardian","floor":16,"turns":11}],"seed_played":"-7051503824886198629","potions_obtained":[{"floor":2,"key":"LiquidBronze"},{"floor":13,"key":"Fire Potion"}],"is_trial":false,"path_per_floor":["M","M","M","?","$","R","$","R","T","T","R","E","M","E","R"],"character_chosen":"IRONCLAD","items_purchased":["Battle Trance"],"campfire_rested":1,"item_purchase_floors":[5],"current_hp_per_floor":[61,64,62,62,62,62,62,62,62,62,62,35,22,15,39,0],"gold":169,"neow_bonus":"ONE_RARE_RELIC","is_prod":false,"is_daily":false,"chose_seed":false,"campfire_upgraded":0,"win_rate":0,"timestamp":1538590972,"path_taken":["M","?","M","?","$","R","?","R","T","?","R","E","M","E","R","BOSS"],"build_version":"2018-09-27","purchased_purges":1,"victory":false,"max_hp_per_floor":[80,80,80,80,80,80,80,80,80,80,80,80,80,80,80,80],"card_choices":[{"not_picked":["Armaments","Seeing Red"],"picked":"Clothesline","floor":1},{"not_picked":["Clothesline","True Grit"],"picked":"Spot Weakness","floor":2},{"not_picked":["Dual Wield","Headbutt"],"picked":"True Grit","floor":3},{"not_picked":["Body Slam","Clothesline"],"picked":"Pommel Strike","floor":12},{"not_picked":["Clash","Barricade","Dual Wield"],"picked":"Shockwave","floor":13},{"not_picked":["Brutality","Sever Soul","Clothesline"],"picked":"Flex","floor":14}],"player_experience":34718,"relics_obtained":[{"floor":9,"key":"Pen Nib"},{"floor":10,"key":"Dodecahedron"},{"floor":12,"key":"Question Card"},{"floor":14,"key":"Incense Burner"}],"event_choices":[{"event_name":"Bonfire Elementals","player_choice":"BASIC","floor":4,"damage_taken":0}],"is_beta":false,"boss_relics":[],"items_purged_floors":[5],"is_endless":false,"potions_floor_spawned":[2,13],"killed_by":"The Guardian","ascension_level":1}