{"gold_per_floor":[119,130,130,150,150,176,176,234,258,258,269,304,324,1,1,101,101,121,121,71,37,49,83,83,100,100,0,29,29,29,29],"floor_reached":31,"playtime":2852,"items_purged":["Decay","Defend_B"],"score":349,"play_id":"53196cf9-4dd8-4d11-a179-5aca3a05de72","local_time":"20181202005010","is_ascension_mode":true,"campfire_choices":[{"floor":7,"key":"REST"},{"data":"Rainbow","floor":10,"key":"SMITH"},{"data":"Turbo","floor":15,"key":"SMITH"},{"floor":24,"key":"REST"}],"neow_cost":"TEN_PERCENT_HP_LOSS","seed_source_timestamp":83009485339205,"circlet_count":0,"master_deck":["Strike_B","Zap","Dualcast","Barrage","Go for the Eyes","Compile Driver","Leap","Leap","Rainbow+1","Cold Snap","Self Repair","Melter","Turbo+1","Machine Learning","Aggregate+1","Hologram+1","Tempest+1","Ball Lightning+1","Reinforced Body","Doom and Gloom+1","Double Energy","Cold Snap+1","Glacier+1","Seek","Shame"],"relics":["Cracked Core","Ancient Tea Set","Tiny Chest","Art of War","Vajra","Sling","Astrolabe","Dodecahedron","Dream Catcher","Shuriken","The Courier","Blood Vial","Mummified Hand"],"potions_floor_usage":[6,6,16,22,23,23,28],"damage_taken":[{"damage":1,"enemies":"Cultist","floor":1,"turns":3},{"damage":4,"enemies":"Small Slimes","floor":2,"turns":3},{"damage":4,"enemies":"Jaw Worm","floor":4,"turns":3},{"damage":18,"enemies":"3 Sentries","floor":6,"turns":7},{"damage":7,"enemies":"Gremlin Nob","floor":8,"turns":3},{"damage":1,"enemies":"Exordium Thugs","floor":11,"turns":4},{"damage":14,"enemies":"3 Sentries","floor":12,"turns":7},{"damage":2,"enemies":"Large Slime","floor":13,"turns":4},{"damage":5,"enemies":"Slime Boss","floor":16,"turns":7},{"damage":10,"enemies":"2 Thieves","floor":18,"turns":3},{"damage":0,"enemies":"Spheric Guardian","floor":22,"turns":2},{"damage":25,"enemies":"Slavers","floor":23,"turns":6},{"damage":32,"enemies":"Centurion and Healer","floor":25,"turns":3},{"damage":44,"enemies":"Gremlin Leader","floor":28,"turns":8},{"damage":22,"enemies":"Shelled Parasite and Fungi","floor":31,"turns":2}],"seed_played":"-8529669120122933592","potions_obtained":[{"floor":2,"key":"GamblersBrew"},{"floor":4,"key":"SkillPotion"},{"floor":8,"key":"Poison Potion"},{"floor":16,"key":"FairyPotion"},{"floor":18,"key":"Explosive Potion"},{"floor":22,"key":"Block Potion"},{"floor":25,"key":"Regen Potion"}],"is_trial":false,"path_per_floor":["M","M","?","M","?","E","R","E","T","R","M","E","M","$","R","B",null,"M","T","?","$","M","E","R","M","T","$","E","?","T","M"],"character_chosen":"DEFECT","items_purchased":["Sling","Strength Potion","Reinforced Body"],"campfire_rested":2,"item_purchase_floors":[14,14,21],"current_hp_per_floor":[67,63,56,52,52,34,54,47,47,47,46,39,44,44,44,46,68,58,58,58,58,58,40,60,35,35,35,6,6,6,0],"gold":29,"neow_bonus":"TRANSFORM_TWO_CARDS","is_prod":false,"is_daily":false,"chose_seed":false,"campfire_upgraded":2,"win_rate":0,"timestamp":1543740610,"path_taken":["M","M","?","M","?","E","R","E","T","R","M","E","M","$","R","BOSS","M","?","?","$","M","E","R","?","T","$","E","?","?","M"],"build_version":"2018-11-15","purchased_purges":2,"victory":false,"max_hp_per_floor":[68,68,68,68,68,68,68,68,68,68,68,68,68,68,68,68,68,68,68,68,68,68,68,68,68,68,68,68,68,68,68],"card_choices":[{"not_picked":["Barrage","FTL"],"picked":"Compile Driver","floor":1},{"not_picked":["Beam Cell","Steam"],"picked":"Leap","floor":2},{"not_picked":["Streamline","Sweeping Beam"],"picked":"Leap","floor":4},{"not_picked":["Storm","Turbo"],"picked":"Rainbow","floor":6},{"not_picked":["FTL","Genetic Algorithm"],"picked":"Cold Snap","floor":8},{"not_picked":["Force Field","Stack"],"picked":"Self Repair","floor":11},{"not_picked":["Consume","Stack"],"picked":"Melter","floor":12},{"not_picked":["Rebound","Compile Driver"],"picked":"Turbo","floor":13},{"not_picked":["Hyperbeam","All For One"],"picked":"Machine Learning","floor":16},{"not_picked":["Auto Shields","Storm"],"picked":"Ball Lightning+1","floor":18},{"not_picked":["Turbo","BootSequence"],"picked":"Doom and Gloom+1","floor":22},{"not_picked":["Cold Snap","Undo+1"],"picked":"Double Energy","floor":23},{"not_picked":["Redo","Storm"],"picked":"Cold Snap+1","floor":24},{"not_picked":["Gash","Undo"],"picked":"Glacier+1","floor":25},{"not_picked":["Storm+1","Aggregate"],"picked":"Seek","floor":28}],"player_experience":145122,"relics_obtained":[{"floor":6,"key":"Ancient Tea Set"},{"floor":8,"key":"Tiny Chest"},{"floor":9,"key":"Art of War"},{"floor":12,"key":"Vajra"},{"floor":19,"key":"Dodecahedron"},{"floor":23,"key":"Dream Catcher"},{"floor":26,"key":"Shuriken"},{"floor":28,"key":"The Courier"},{"floor":30,"key":"Mummified Hand"}],"event_choices":[{"cards_removed":["Defend_B"],"damage_healed":0,"gold_gain":0,"player_choice":"Card Removal","damage_taken":7,"max_hp_gain":0,"max_hp_loss":0,"event_name":"Golden Wing","floor":3,"gold_loss":0},{"damage_healed":0,"gold_gain":0,"player_choice":"Cursed","damage_taken":0,"max_hp_gain":0,"max_hp_loss":0,"event_name":"Wheel of Change","floor":5,"gold_loss":0,"cards_obtained":["Decay"]},{"damage_healed":0,"gold_gain":0,"player_choice":"Bet on Murderer","damage_taken":0,"max_hp_gain":0,"max_hp_loss":0,"event_name":"The Joust","floor":20,"gold_loss":50},{"damage_healed":0,"gold_gain":0,"player_choice":"Stole Relic","damage_taken":0,"relics_obtained":["Blood Vial"],"max_hp_gain":0,"max_hp_loss":0,"event_name":"Addict","floor":29,"gold_loss":0,"cards_obtained":["Shame"]}],"is_beta":false,"boss_relics":[{"not_picked":["Runic Dome","Orrery"],"picked":"Astrolabe"}],"items_purged_floors":[14,27],"is_endless":false,"potions_floor_spawned":[2,4,8,16,18,22,25],"killed_by":"Shelled Parasite and Fungi","ascension_level":4}