{"gold_per_floor":[114,34,34,34,34,64,14,44,69,84,84,84,99,114,114,114],"floor_reached":16,"playtime":973,"items_purged":[],"score":108,"play_id":"5d8ac9bb-4d37-4074-a8de-637e446a2022","local_time":"20181108105841","daily_mods":["Heirloom","Green Cards","Elite Swarm"],"is_ascension_mode":false,"campfire_choices":[{"floor":12,"key":"REST"},{"data":"Endless Agony","floor":15,"key":"SMITH"}],"neow_cost":"","seed_source_timestamp":0,"circlet_count":0,"master_deck":["Strike_R","Strike_R","Strike_R","Strike_R","Strike_R","Defend_R","Defend_R","Defend_R","Bash+1","Sentinel+1","Endless Agony+1","Regret","Glass Knife","Offering+1","True Grit+1","Setup+1","Adrenaline+1"],"special_seed":17843,"relics":["Burning Blood","Charon\u0027s Ashes","Anchor","Question Card","Toxic Egg 2","Art of War","Bottled Flame"],"potions_floor_usage":[6],"damage_taken":[{"damage":0,"enemies":"Small Slimes","floor":1,"turns":3},{"damage":27,"enemies":"Gremlin Nob","floor":6,"turns":4},{"damage":30,"enemies":"Lagavulin","floor":8,"turns":5},{"damage":2,"enemies":"2 Louse","floor":10,"turns":2},{"damage":0,"enemies":"Jaw Worm","floor":13,"turns":2},{"damage":6,"enemies":"Blue Slaver","floor":14,"turns":3},{"damage":58,"enemies":"Hexaghost","floor":16,"turns":10}],"seed_played":"-8528799045221006880","potions_obtained":[{"floor":1,"key":"Poison Potion"}],"is_trial":false,"path_per_floor":["M","$","?","?","?","E","?","E","T","M","T","R","M","M","R","B"],"character_chosen":"IRONCLAD","items_purchased":["Endless Agony"],"campfire_rested":1,"item_purchase_floors":[2],"current_hp_per_floor":[80,80,64,64,64,43,43,19,19,23,23,47,53,53,53,0],"gold":114,"neow_bonus":"","is_prod":false,"is_daily":true,"chose_seed":false,"campfire_upgraded":1,"win_rate":0,"timestamp":1541692721,"path_taken":["M","$","?","?","?","E","?","E","T","M","?","R","M","?","R","BOSS"],"build_version":"2018-11-01","purchased_purges":0,"victory":false,"max_hp_per_floor":[80,80,80,80,80,80,80,80,80,80,80,80,80,80,80,80],"card_choices":[{"not_picked":["Fire Breathing","Underhanded Strike"],"picked":"Sentinel","floor":1},{"not_picked":["Phantasmal Killer","Bludgeon"],"picked":"Glass Knife","floor":6},{"not_picked":["Unload","Juggernaut","Phantasmal Killer"],"picked":"Offering","floor":8},{"not_picked":["Skewer","Sword Boomerang","Acrobatics+1"],"picked":"True Grit+1","floor":10},{"not_picked":["Clash","Poisoned Stab","Concentrate+1"],"picked":"Setup+1","floor":13},{"not_picked":["Cleave","Clothesline","Clash"],"picked":"Adrenaline+1","floor":14}],"player_experience":91075,"relics_obtained":[{"floor":6,"key":"Question Card"},{"floor":8,"key":"Toxic Egg 2"},{"floor":9,"key":"Art of War"},{"floor":11,"key":"Bottled Flame"}],"event_choices":[{"damage_healed":0,"gold_gain":0,"player_choice":"Entered Light","damage_taken":16,"max_hp_gain":0,"max_hp_loss":0,"event_name":"Shining Light","floor":3,"gold_loss":0,"cards_upgraded":["Bash","Sentinel"]},{"damage_healed":0,"gold_gain":0,"player_choice":"Box","damage_taken":0,"relics_obtained":["Anchor"],"max_hp_gain":0,"max_hp_loss":0,"event_name":"Big Fish","floor":4,"gold_loss":0,"cards_obtained":["Regret"]},{"damage_healed":0,"gold_gain":0,"player_choice":"Ignored","damage_taken":0,"max_hp_gain":0,"max_hp_loss":0,"event_name":"Liars Game","floor":5,"gold_loss":0},{"cards_removed":["Defend_R"],"damage_healed":0,"gold_gain":0,"player_choice":"Card Removal","damage_taken":0,"max_hp_gain":0,"max_hp_loss":0,"event_name":"The Cleric","floor":7,"gold_loss":50}],"is_beta":false,"boss_relics":[],"items_purged_floors":[],"is_endless":false,"potions_floor_spawned":[1],"killed_by":"Hexaghost","ascension_level":0}