{"gold_per_floor":[116,266,266,284,209,209,242,242,289,316,334,384,384,397,397,471,471,484,56,56,56,75,75,0,0,0,18,18,18,18,48,48,48],"floor_reached":33,"playtime":1844,"items_purged":["Decay"],"score":544,"play_id":"07ccc043-5795-4f47-9a25-ef7bf43734f5","local_time":"20190320233455","is_ascension_mode":true,"campfire_choices":[{"data":"Zap","floor":6,"key":"SMITH"},{"data":"Reinforced Body","floor":8,"key":"SMITH"},{"data":"Static Discharge","floor":13,"key":"SMITH"},{"data":"Conserve Battery","floor":15,"key":"SMITH"},{"data":"Loop","floor":23,"key":"SMITH"},{"data":"Electrodynamics","floor":25,"key":"SMITH"},{"data":"Capacitor","floor":29,"key":"SMITH"},{"floor":30,"key":"REST"},{"floor":32,"key":"REST"}],"neow_cost":"NONE","seed_source_timestamp":120069559121828,"circlet_count":0,"master_deck":["AscendersBane","Strike_B","Defend_B","Defend_B","Defend_B","Zap+1","Dualcast","Reinforced Body+1","Ball Lightning","Cold Snap","Static Discharge+1","Conserve Battery+1","Chill","Electrodynamics+1","Defragment+1","Barrage+1","Recycle+1","Capacitor+1","Loop+1"],"relics":["Cracked Core","NeowsBlessing","Mango","Potion Belt","Boot","Astrolabe","WingedGreaves","Matryoshka","Oddly Smooth Stone"],"potions_floor_usage":[10,16,18,22,31,33],"damage_taken":[{"damage":0,"enemies":"2 Louse","floor":1,"turns":1},{"damage":0,"enemies":"Jaw Worm","floor":4,"turns":1},{"damage":0,"enemies":"Gremlin Nob","floor":7,"turns":1},{"damage":17,"enemies":"Lagavulin","floor":10,"turns":6},{"damage":0,"enemies":"Cultist","floor":11,"turns":3},{"damage":1,"enemies":"Looter","floor":14,"turns":3},{"damage":2,"enemies":"The Guardian","floor":16,"turns":10},{"damage":8,"enemies":"Spheric Guardian","floor":18,"turns":3},{"damage":14,"enemies":"3 Byrds","floor":22,"turns":3},{"damage":27,"enemies":"Snake Plant","floor":27,"turns":5},{"damage":29,"enemies":"Book of Stabbing","floor":31,"turns":4},{"damage":67,"enemies":"Champ","floor":33,"turns":10}],"seed_played":"5680833723066191430","potions_obtained":[{"floor":7,"key":"Swift Potion"},{"floor":11,"key":"PowerPotion"},{"floor":14,"key":"EssenceOfSteel"},{"floor":16,"key":"Ancient Potion"},{"floor":18,"key":"Explosive Potion"},{"floor":31,"key":"Explosive Potion"}],"is_trial":false,"path_per_floor":["M","?","?","M","?","R","E","R","T","E","M","?","R","M","R","B",null,"M","$","?","?","M","R","$","R","T","M","?","R","R","E","R","B"],"character_chosen":"DEFECT","items_purchased":["WingedGreaves","Loop"],"campfire_rested":2,"item_purchase_floors":[19,19],"current_hp_per_floor":[64,64,64,64,64,64,78,78,78,61,61,61,61,60,60,58,78,70,70,70,70,56,56,56,56,56,29,29,29,54,25,50,0],"gold":48,"neow_bonus":"THREE_ENEMY_KILL","is_prod":false,"is_daily":false,"chose_seed":false,"campfire_upgraded":7,"win_rate":0,"timestamp":1553150095,"path_taken":["M","?","?","?","?","R","E","R","T","E","M","?","R","M","R","BOSS","M","$","?","?","M","R","$","R","T","?","?","R","R","E","R","BOSS"],"build_version":"2019-01-23","purchased_purges":1,"victory":false,"max_hp_per_floor":[71,71,71,71,71,71,85,85,85,85,85,85,85,85,85,85,85,85,85,85,85,85,85,85,85,85,85,85,85,85,85,85,85],"card_choices":[{"not_picked":["Turbo","Capacitor"],"picked":"Reinforced Body","floor":1},{"not_picked":["Sweeping Beam","Stack"],"picked":"Ball Lightning","floor":4},{"not_picked":["Redo","Rip and Tear"],"picked":"Cold Snap","floor":7},{"not_picked":["Double Energy","Ball Lightning"],"picked":"Static Discharge","floor":10},{"not_picked":["Barrage","Heatsinks"],"picked":"Conserve Battery","floor":11},{"not_picked":["Stack","Gash"],"picked":"Chill","floor":14},{"not_picked":["Amplify","Core Surge"],"picked":"Electrodynamics","floor":16},{"not_picked":["Go for the Eyes","Coolheaded"],"picked":"Capacitor","floor":18},{"not_picked":["Capacitor","Turbo","Go for the Eyes"],"picked":"SKIP","floor":22},{"not_picked":["Barrage","Hologram","Turbo"],"picked":"SKIP","floor":27},{"not_picked":["Sunder","Rebound","Static Discharge+1"],"picked":"SKIP","floor":31}],"player_experience":789592,"relics_obtained":[{"floor":7,"key":"Mango"},{"floor":9,"key":"Potion Belt"},{"floor":10,"key":"Boot"},{"floor":26,"key":"Matryoshka"},{"floor":31,"key":"Oddly Smooth Stone"}],"event_choices":[{"damage_healed":0,"gold_gain":150,"player_choice":"AGREE","damage_taken":0,"max_hp_gain":0,"max_hp_loss":0,"event_name":"Liars Game","floor":2,"gold_loss":0,"cards_obtained":["Doubt"]},{"cards_removed":["Doubt"],"damage_healed":0,"gold_gain":0,"player_choice":"Removed Curses","damage_taken":0,"max_hp_gain":0,"max_hp_loss":0,"event_name":"Fountain of Cleansing","floor":3,"gold_loss":0},{"cards_removed":["Strike_B"],"damage_healed":0,"gold_gain":0,"player_choice":"Card Removal","damage_taken":0,"max_hp_gain":0,"max_hp_loss":0,"event_name":"The Cleric","floor":5,"gold_loss":75},{"damage_healed":0,"gold_gain":50,"player_choice":"Pray","damage_taken":0,"max_hp_gain":0,"max_hp_loss":0,"event_name":"Golden Shrine","floor":12,"gold_loss":0},{"damage_healed":0,"gold_gain":0,"player_choice":"Smashed Altar","damage_taken":0,"max_hp_gain":0,"max_hp_loss":0,"event_name":"Forgotten Altar","floor":20,"gold_loss":0,"cards_obtained":["Decay"]},{"damage_healed":0,"gold_gain":0,"player_choice":"Ignored","damage_taken":0,"max_hp_gain":0,"max_hp_loss":0,"event_name":"Beggar","floor":21,"gold_loss":0},{"damage_healed":0,"gold_gain":0,"player_choice":"0 cards matched","damage_taken":0,"max_hp_gain":0,"max_hp_loss":0,"event_name":"Match and Keep!","floor":28,"gold_loss":0,"cards_obtained":[]}],"is_beta":false,"boss_relics":[{"not_picked":["Orrery","Empty Cage"],"picked":"Astrolabe"}],"items_purged_floors":[24],"is_endless":false,"potions_floor_spawned":[7,11,14,16,18,31],"killed_by":"Champ","ascension_level":17}