{"gold_per_floor":[11,11,28,28,46,46,84,105,158,179,179,217,6,29,29,160,160,183,183,38,38,38,38],"floor_reached":23,"playtime":1902,"items_purged":[],"score":234,"play_id":"3e243fbe-167f-4845-8a83-ec10de15ae2e","local_time":"20181004232456","is_ascension_mode":true,"campfire_choices":[{"data":"Bash","floor":6,"key":"SMITH"},{"floor":11,"key":"REST"},{"data":"Flame Barrier","floor":15,"key":"SMITH"}],"neow_cost":"NO_GOLD","seed_source_timestamp":819492279033380,"circlet_count":0,"master_deck":["Defend_R","Defend_R","Defend_R","Defend_R","Bash+1","Clothesline","Armaments","Pummel","Reckless Charge","Flame Barrier+1","Reaper","Seeing Red","Violence","Ghostly Armor","Reaper","Twin Strike","Battle Trance","Bite","Bite","Bite","Bite","Bite"],"relics":["Burning Blood","Magic Flower","Frozen Egg 2","Golden Idol","Vajra","Dream Catcher","Pen Nib","Black Star","Oddly Smooth Stone"],"potions_floor_usage":[16,16],"damage_taken":[{"damage":13,"enemies":"2 Louse","floor":1,"turns":3},{"damage":6,"enemies":"Jaw Worm","floor":3,"turns":3},{"damage":1,"enemies":"Cultist","floor":5,"turns":4},{"damage":38,"enemies":"3 Sentries","floor":7,"turns":11},{"damage":5,"enemies":"Looter","floor":8,"turns":3},{"damage":2,"enemies":"Blue Slaver","floor":10,"turns":4},{"damage":20,"enemies":"Gremlin Nob","floor":12,"turns":5},{"damage":20,"enemies":"Exordium Thugs","floor":14,"turns":4},{"damage":47,"enemies":"The Guardian","floor":16,"turns":13},{"damage":5,"enemies":"3 Byrds","floor":18,"turns":4},{"damage":89,"enemies":"Book of Stabbing","floor":23,"turns":7}],"seed_played":"-8780169201061688886","potions_obtained":[{"floor":3,"key":"FairyPotion"},{"floor":8,"key":"Poison Potion"},{"floor":10,"key":"SkillPotion"}],"is_trial":false,"path_per_floor":["M","?","M","?","M","R","E","M","T","M","R","E","$","M","R","B",null,"M","?","$","?","?"],"character_chosen":"IRONCLAD","items_purchased":["Violence","Oddly Smooth Stone"],"campfire_rested":1,"item_purchase_floors":[13,20],"current_hp_per_floor":[76,73,76,56,64,64,35,39,39,46,70,67,67,56,56,26,80,80,80,80,80,56,0],"gold":38,"neow_bonus":"ONE_RARE_RELIC","is_prod":false,"is_daily":false,"chose_seed":false,"campfire_upgraded":2,"win_rate":0,"timestamp":1538709896,"path_taken":["M","?","M","?","M","R","E","M","T","M","R","E","$","M","R","BOSS","M","?","$","?","?","E"],"build_version":"2018-10-04","purchased_purges":0,"victory":false,"max_hp_per_floor":[80,80,80,80,80,80,80,80,80,80,80,80,80,80,80,80,80,80,80,80,80,56,56],"card_choices":[{"not_picked":["Warcry","Ghostly Armor"],"picked":"Clothesline","floor":1},{"not_picked":["Cleave","Sword Boomerang"],"picked":"Armaments","floor":3},{"not_picked":["Armaments","Heavy Blade"],"picked":"Pummel","floor":5},{"not_picked":["Intimidate","Blood for Blood"],"picked":"Reckless Charge","floor":7},{"not_picked":["Thunderclap","Clash"],"picked":"Flame Barrier","floor":8},{"not_picked":["Thunderclap","Body Slam","Sword Boomerang"],"picked":"SKIP","floor":10},{"not_picked":["Hemokinesis","Perfected Strike"],"picked":"Reaper","floor":11},{"not_picked":["Headbutt","Iron Wave"],"picked":"Seeing Red","floor":12},{"not_picked":["Headbutt","Shrug It Off"],"picked":"Ghostly Armor","floor":14},{"not_picked":["Barricade+1","Berserk+1"],"picked":"Reaper","floor":16},{"not_picked":["Bloodletting","Cleave+1"],"picked":"Twin Strike","floor":18}],"player_experience":56873,"relics_obtained":[{"floor":7,"key":"Vajra"},{"floor":9,"key":"Dream Catcher"},{"floor":12,"key":"Pen Nib"}],"event_choices":[{"event_name":"Scrap Ooze","player_choice":"success","floor":2,"damage_taken":3},{"event_name":"Golden Idol","player_choice":"Take Damage","floor":4,"damage_taken":0},{"event_name":"The Library","player_choice":"Read","floor":19,"damage_taken":0},{"event_name":"Bonfire Elementals","player_choice":"BASIC","floor":21,"damage_taken":0},{"event_name":"Vampires","player_choice":"Became a vampire","floor":22,"damage_taken":0}],"is_beta":false,"boss_relics":[{"not_picked":["Empty Cage","Runic Dome"],"picked":"Black Star"}],"items_purged_floors":[],"is_endless":false,"potions_floor_spawned":[3,8,10,14],"killed_by":"Book of Stabbing","ascension_level":1}