{"gold_per_floor":[213,49,60,20,20,20,35,35,35,61,26,40,73,87,87,162,162,174,127,127,146,10,10,10],"floor_reached":24,"playtime":991,"items_purged":["Strike_R","Strike_R"],"score":412,"play_id":"d6b859b6-aa3f-4463-ad55-45f3c6dd7f12","local_time":"20190911210908","is_ascension_mode":true,"campfire_choices":[{"data":"Discovery","floor":6.0,"key":"SMITH"},{"data":"Bash","floor":8.0,"key":"SMITH"},{"data":"True Grit","floor":15.0,"key":"SMITH"},{"data":"Flame Barrier","floor":23,"key":"SMITH"}],"neow_cost":"NONE","seed_source_timestamp":191485409139800,"circlet_count":0,"master_deck":["AscendersBane","Strike_R","Strike_R","Defend_R","Defend_R","Defend_R","Defend_R","Bash+1","Wild Strike","Discovery+1","Carnage","Seeing Red","Shrug It Off","Clothesline","Feel No Pain","True Grit+1","Barricade","Reckless Charge","Flex","Entrench","Flame Barrier+1"],"special_seed":0,"relics":["Burning Blood","FaceOfCleric","Mummified Hand","Red Skull","Blood Vial","White Beast Statue"],"potions_floor_usage":[21],"damage_taken":[{"damage":8.0,"enemies":"Cultist","floor":1.0,"turns":5.0},{"damage":10.0,"enemies":"Jaw Worm","floor":3.0,"turns":5.0},{"damage":7.0,"enemies":"Small Slimes","floor":7.0,"turns":2.0},{"damage":32.0,"enemies":"Gremlin Nob","floor":10.0,"turns":4.0},{"damage":6.0,"enemies":"Gremlin Gang","floor":12.0,"turns":6.0},{"damage":15.0,"enemies":"Lagavulin","floor":13.0,"turns":7.0},{"damage":12.0,"enemies":"Exordium Wildlife","floor":14.0,"turns":3.0},{"damage":38.0,"enemies":"Slime Boss","floor":16.0,"turns":10.0},{"damage":28.0,"enemies":"Spheric Guardian","floor":18.0,"turns":6.0},{"damage":26.0,"enemies":"2 Thieves","floor":19.0,"turns":5.0},{"damage":13,"enemies":"Cultist and Chosen","floor":21,"turns":11},{"damage":38,"enemies":"Slavers","floor":24,"turns":2}],"seed_played":"6326171935990036529","potions_obtained":[{"floor":3.0,"key":"Swift Potion"},{"floor":7.0,"key":"Swift Potion"},{"floor":14.0,"key":"AttackPotion"},{"floor":18.0,"key":"Dexterity Potion"},{"floor":19.0,"key":"FairyPotion"},{"floor":21,"key":"EntropicBrew"}],"is_trial":false,"path_per_floor":["M","$","M","$","?","R","M","R","T","E","?","M","E","M","R","B",null,"M","M","?","M","$","R","E"],"character_chosen":"IRONCLAD","items_purchased":["Discovery","Seeing Red","Flame Barrier"],"campfire_rested":0,"item_purchase_floors":[2,4,22],"current_hp_per_floor":[66,66,62,62,62,62,62,62,62,37,56,57,49,46,46,17,65,46,29,29,25,25,25,0],"gold":10,"neow_bonus":"HUNDRED_GOLD","is_prod":false,"is_daily":false,"chose_seed":false,"campfire_upgraded":4,"win_rate":0,"timestamp":1568261348,"path_taken":["M","$","M","?","?","R","?","R","T","E","?","M","E","M","R","BOSS","M","M","?","?","$","R","E"],"build_version":"2019-07-17","purchased_purges":2,"victory":false,"max_hp_per_floor":[75,75,75,75,75,75,76,76,76,77,77,78,79,80,80,81,81,82,83,83,84,84,84,84],"card_choices":[{"not_picked":["Iron Wave","Shrug It Off"],"picked":"Wild Strike","floor":1.0},{"not_picked":["Clash","Corruption"],"picked":"Carnage","floor":3.0},{"not_picked":["Clash","Hemokinesis"],"picked":"Shrug It Off","floor":7.0},{"not_picked":["Sever Soul","Sentinel"],"picked":"Clothesline","floor":10.0},{"not_picked":["Sentinel","Infernal Blade"],"picked":"Feel No Pain","floor":12.0},{"not_picked":["Pommel Strike","Cleave","Body Slam"],"picked":"SKIP","floor":13.0},{"not_picked":["Infernal Blade","Hemokinesis"],"picked":"True Grit","floor":14.0},{"not_picked":["Fiend Fire","Limit Break"],"picked":"Barricade","floor":16.0},{"not_picked":["Cleave","True Grit"],"picked":"Reckless Charge","floor":18.0},{"not_picked":["Perfected Strike","Pummel","Clash"],"picked":"SKIP","floor":19.0},{"not_picked":["Twin Strike","Sword Boomerang"],"picked":"Entrench","floor":21}],"player_experience":680374,"relics_obtained":[{"floor":9.0,"key":"Mummified Hand"},{"floor":10.0,"key":"Red Skull"},{"floor":13.0,"key":"Blood Vial"}],"event_choices":[{"damage_healed":0.0,"max_hp_gain":0.0,"max_hp_loss":0.0,"gold_gain":0.0,"event_name":"FaceTrader","player_choice":"Trade","floor":5.0,"gold_loss":0.0,"damage_taken":0.0,"relics_obtained":["FaceOfCleric"]},{"damage_healed":19.0,"max_hp_gain":0.0,"max_hp_loss":0.0,"gold_gain":0.0,"event_name":"The Cleric","player_choice":"Healed","floor":11.0,"gold_loss":35.0,"damage_taken":0.0},{"damage_healed":0.0,"max_hp_gain":0.0,"max_hp_loss":0.0,"gold_gain":0.0,"cards_transformed":["Strike_R"],"event_name":"Transmorgrifier","player_choice":"Transformed","floor":20.0,"gold_loss":0.0,"damage_taken":0.0,"cards_obtained":["Flex"]}],"is_beta":false,"boss_relics":[{"not_picked":["Runic Cube","Runic Pyramid"],"picked":"White Beast Statue"}],"items_purged_floors":[2,22],"is_endless":false,"potions_floor_spawned":[3,7,12,14,18,19,21],"killed_by":"Slavers","ascension_level":20}