{"gold_per_floor":[112,123,135,310,321,346,346,365,441,391,391,391,406,429,429,555,555,548,72,143,143,168,202,202],"floor_reached":24,"playtime":1774,"items_purged":["Doubt"],"score":248,"play_id":"1660a077-4fd1-42d3-9344-7025bd3e8598","local_time":"20190320123606","is_ascension_mode":true,"campfire_choices":[{"data":"Neutralize","floor":7,"key":"SMITH"},{"floor":11,"key":"REST"},{"floor":15,"key":"REST"}],"neow_cost":"NONE","seed_source_timestamp":338535309651012,"circlet_count":0,"master_deck":["Survivor","Neutralize+1","PiercingWail","Backstab","Blade Dance","Blade Dance","Envenom","Cloak And Dagger","After Image","Deadly Poison","Malaise","Backflip","Unload","Skewer","Tactician","Distraction","Dash","All Out Attack","Endless Agony","Deflect","Slice","Finisher","Bane","Blur+1"],"relics":["Ring of the Snake","Mercury Hourglass","Tiny Chest","Golden Idol","Omamori","Pandora\u0027s Box","Ninja Scroll","Shuriken","Frozen Egg 2"],"potions_floor_usage":[16,23,24],"damage_taken":[{"damage":1,"enemies":"Cultist","floor":1,"turns":4},{"damage":4,"enemies":"Small Slimes","floor":2,"turns":3},{"damage":0,"enemies":"2 Louse","floor":3,"turns":2},{"damage":5,"enemies":"Red Slaver","floor":5,"turns":5},{"damage":39,"enemies":"3 Sentries","floor":6,"turns":15},{"damage":0,"enemies":"Blue Slaver","floor":8,"turns":3},{"damage":4,"enemies":"2 Fungi Beasts","floor":13,"turns":3},{"damage":35,"enemies":"Slime Boss","floor":16,"turns":11},{"damage":7,"enemies":"2 Thieves","floor":18,"turns":4},{"damage":1,"enemies":"3 Byrds","floor":22,"turns":3},{"damage":36,"enemies":"Slavers","floor":23,"turns":5},{"damage":33,"enemies":"Centurion and Healer","floor":24,"turns":3}],"seed_played":"353062643313191280","potions_obtained":[{"floor":1,"key":"Explosive Potion"},{"floor":8,"key":"EntropicBrew"},{"floor":13,"key":"SmokeBomb"},{"floor":18,"key":"Regen Potion"},{"floor":23,"key":"SneckoOil"}],"is_trial":false,"path_per_floor":["M","M","M","?","M","E","R","M","T","?","R","?","M","T","R","B",null,"M","$","T","?","M","E","M"],"character_chosen":"THE_SILENT","items_purchased":["Ninja Scroll","Deflect","Slice","Finisher"],"campfire_rested":2,"item_purchase_floors":[19,19,19,19],"current_hp_per_floor":[69,65,65,65,60,21,21,21,21,21,42,42,38,38,57,22,65,58,58,58,58,57,33,0],"gold":202,"neow_bonus":"THREE_CARDS","is_prod":false,"is_daily":false,"chose_seed":false,"campfire_upgraded":1,"win_rate":0,"timestamp":1553099766,"path_taken":["M","M","M","?","M","E","R","M","T","?","R","?","M","?","R","BOSS","M","$","?","?","M","E","M"],"build_version":"2019-01-23","purchased_purges":1,"victory":false,"max_hp_per_floor":[70,70,70,70,70,70,70,70,70,70,70,65,65,65,65,65,65,65,65,65,65,65,65,65],"card_choices":[{"not_picked":["Sucker Punch","Bane"],"picked":"PiercingWail","floor":0},{"not_picked":["Crippling Poison","Sucker Punch"],"picked":"Backstab","floor":1},{"not_picked":["Sucker Punch","Setup"],"picked":"Blade Dance","floor":2},{"not_picked":["Acrobatics","Predator","Bane"],"picked":"SKIP","floor":3},{"not_picked":["Concentrate","Dagger Spray","Underhanded Strike"],"picked":"SKIP","floor":5},{"not_picked":["Deflect","Deadly Poison"],"picked":"Blade Dance","floor":6},{"not_picked":["Eviscerate","Catalyst"],"picked":"Envenom","floor":8},{"not_picked":["Dagger Throw","Well Laid Plans"],"picked":"Cloak And Dagger","floor":13},{"not_picked":["Corpse Explosion","Doppelganger"],"picked":"After Image","floor":16},{"not_picked":["Dodge and Roll","Acrobatics"],"picked":"Endless Agony","floor":18},{"not_picked":["Backflip+1","Outmaneuver"],"picked":"Bane","floor":22},{"not_picked":["Slice","Eviscerate"],"picked":"Blur+1","floor":23}],"player_experience":133060,"relics_obtained":[{"floor":6,"key":"Mercury Hourglass"},{"floor":9,"key":"Tiny Chest"},{"floor":14,"key":"Omamori"},{"floor":20,"key":"Shuriken"},{"floor":23,"key":"Frozen Egg 2"}],"event_choices":[{"damage_healed":0,"gold_gain":175,"player_choice":"AGREE","damage_taken":0,"max_hp_gain":0,"max_hp_loss":0,"event_name":"Liars Game","floor":4,"gold_loss":0,"cards_obtained":["Doubt"]},{"damage_healed":0,"gold_gain":0,"player_choice":"Left Gold","damage_taken":0,"max_hp_gain":0,"max_hp_loss":0,"event_name":"World of Goop","floor":10,"gold_loss":50},{"damage_healed":0,"gold_gain":0,"player_choice":"Lose Max HP","damage_taken":0,"relics_obtained":["Golden Idol"],"max_hp_gain":0,"max_hp_loss":5,"event_name":"Golden Idol","floor":12,"gold_loss":0},{"cards_removed":["Night Terror"],"damage_healed":0,"gold_gain":0,"player_choice":"Elegance","damage_taken":0,"max_hp_gain":0,"max_hp_loss":0,"event_name":"Back to Basics","floor":21,"gold_loss":0}],"is_beta":false,"boss_relics":[{"not_picked":["Tiny House","Runic Pyramid"],"picked":"Pandora\u0027s Box"}],"items_purged_floors":[19],"is_endless":false,"potions_floor_spawned":[1,8,13,18,23],"killed_by":"Centurion and Healer","ascension_level":3}