{"gold_per_floor":[117,129,141,154,173,207,8,8,8,21,21,21,21,51,51,176,176,190,190,115,134,34,34,63,63,63,163,163,194,208,222,222,325,375,390,390],"floor_reached":36,"playtime":5924,"items_purged":["Strike_G","Injury"],"score":427,"play_id":"c7325188-ce4d-42c1-a882-ba4341ca8975","local_time":"20190824221459","is_ascension_mode":false,"campfire_choices":[{"data":"Footwork","floor":8,"key":"SMITH"},{"data":"Caltrops","floor":11,"key":"SMITH"},{"data":"Caltrops","floor":13,"key":"SMITH"},{"floor":15,"key":"REST"},{"data":"After Image","floor":23,"key":"SMITH"},{"floor":25,"key":"REST"},{"data":"A Thousand Cuts","floor":32,"key":"SMITH"}],"neow_cost":"NONE","seed_source_timestamp":105498428726055,"circlet_count":0,"master_deck":["Strike_G","Strike_G","Defend_G+1","Defend_G","Defend_G+1","Defend_G","Defend_G","Survivor","Neutralize","Backstab","Terror","PiercingWail","Caltrops+1","All Out Attack","Footwork+1","PiercingWail","Caltrops+1","After Image+1","Wraith Form v2","Dodge and Roll+1","Poisoned Stab+1","Acrobatics+1","Endless Agony","A Thousand Cuts+1","PiercingWail","Night Terror","Outmaneuver+1","Backflip"],"relics":["Ring of the Snake","Snake Skull","Question Card","Potion Belt","Bloody Idol","Odd Mushroom","Empty Cage","Lantern","War Paint","Tough Bandages","Pear","MutagenicStrength","Meat on the Bone","Tiny House"],"potions_floor_usage":[5,6,16,16,21,24,27,33,33,33,35,35,36,36,36,36],"damage_taken":[{"damage":0,"enemies":"Cultist","floor":1,"turns":4},{"damage":0,"enemies":"Jaw Worm","floor":2,"turns":3},{"damage":0,"enemies":"Small Slimes","floor":3,"turns":4},{"damage":4,"enemies":"Blue Slaver","floor":4,"turns":3},{"damage":0,"enemies":"Large Slime","floor":5,"turns":6},{"damage":23,"enemies":"Lagavulin","floor":6,"turns":8},{"damage":2,"enemies":"Exordium Wildlife","floor":10,"turns":5},{"damage":0,"enemies":"The Mushroom Lair","floor":14,"turns":4},{"damage":4,"enemies":"The Guardian","floor":16,"turns":14},{"damage":0,"enemies":"Shell Parasite","floor":18,"turns":7},{"damage":10,"enemies":"2 Thieves","floor":20,"turns":5},{"damage":5,"enemies":"Shelled Parasite and Fungi","floor":21,"turns":6},{"damage":36,"enemies":"Slavers","floor":24,"turns":6},{"damage":1,"enemies":"Colosseum Slavers","floor":27,"turns":5},{"damage":16,"enemies":"Colosseum Nobs","floor":27,"turns":6},{"damage":4,"enemies":"Book of Stabbing","floor":29,"turns":5},{"damage":0,"enemies":"Snecko","floor":30,"turns":6},{"damage":7,"enemies":"Chosen and Byrds","floor":31,"turns":7},{"damage":34,"enemies":"Champ","floor":33,"turns":17},{"damage":14,"enemies":"Orb Walker","floor":35,"turns":6},{"damage":117,"enemies":"2 Orb Walkers","floor":36,"turns":9}],"seed_played":"-8580143353881363531","potions_obtained":[{"floor":2,"key":"Poison Potion"},{"floor":3,"key":"GhostInAJar"},{"floor":4,"key":"Poison Potion"},{"floor":6,"key":"Weak Potion"},{"floor":10,"key":"FearPotion"},{"floor":14,"key":"Fruit Juice"},{"floor":18,"key":"LiquidBronze"},{"floor":24,"key":"GamblersBrew"},{"floor":27,"key":"Explosive Potion"},{"floor":29,"key":"Regen Potion"},{"floor":34,"key":"EntropicBrew"},{"floor":35,"key":"Swift Potion"}],"is_trial":false,"path_per_floor":["M","M","M","M","M","E","$","R","T","M","R","?","R","?","R","B",null,"M","?","M","M","$","R","E","R","T","?","?","E","M","M","R","B",null,"M","?"],"character_chosen":"THE_SILENT","items_purchased":["Footwork","PiercingWail"],"campfire_rested":2,"item_purchase_floors":[7,7],"current_hp_per_floor":[70,70,70,66,66,43,43,43,43,41,41,41,41,41,62,63,75,75,75,65,65,65,65,34,56,56,54,54,55,60,58,58,56,90,81,0],"gold":390,"neow_bonus":"RANDOM_COMMON_RELIC","is_prod":false,"is_daily":false,"chose_seed":false,"campfire_upgraded":5,"win_rate":0,"timestamp":1566699299,"path_taken":["M","M","M","M","?","E","$","R","T","M","R","?","R","?","R","BOSS","M","?","M","M","$","R","E","R","T","?","?","E","M","M","R","BOSS","M","?"],"build_version":"2019-07-17","purchased_purges":2,"victory":false,"max_hp_per_floor":[70,70,70,70,70,70,70,70,70,70,70,70,70,70,70,75,75,75,75,75,75,75,75,75,75,75,85,85,85,85,85,85,85,90,90,90],"card_choices":[{"not_picked":["Poisoned Stab","Outmaneuver"],"picked":"Backstab","floor":1},{"not_picked":["Dagger Throw","Prepared"],"picked":"Terror","floor":2},{"not_picked":["Underhanded Strike","Flying Knee","Bane"],"picked":"SKIP","floor":3},{"not_picked":["Bane","Poisoned Stab"],"picked":"PiercingWail","floor":4},{"not_picked":["Slice","Deflect"],"picked":"Caltrops","floor":5},{"not_picked":["Blade Dance","Prepared"],"picked":"All Out Attack","floor":6},{"not_picked":["Distraction","Sucker Punch","Choke"],"picked":"Caltrops","floor":10},{"not_picked":["Dodge and Roll","Slice","Footwork"],"picked":"After Image","floor":14},{"not_picked":["Envenom","Burst","Unload"],"picked":"Wraith Form v2","floor":16},{"not_picked":["Terror+1","Outmaneuver","Flechettes"],"picked":"Dodge and Roll","floor":18},{"not_picked":["Underhanded Strike","Calculated Gamble","Slice+1"],"picked":"Poisoned Stab+1","floor":20},{"not_picked":["Eviscerate","Dagger Spray","Sucker Punch"],"picked":"Acrobatics+1","floor":21},{"not_picked":["Slice","Riddle With Holes","Underhanded Strike","Prepared"],"picked":"SKIP","floor":24},{"not_picked":["Poisoned Stab","Acrobatics+1","Masterful Stab"],"picked":"Endless Agony","floor":27},{"not_picked":["Venomology","Wraith Form v2","Quick Slash+1"],"picked":"A Thousand Cuts","floor":29},{"not_picked":["Masterful Stab","Deflect","Predator+1","Dagger Spray+1"],"picked":"SKIP","floor":30},{"not_picked":["Dagger Throw","Underhanded Strike","Outmaneuver"],"picked":"PiercingWail","floor":31},{"not_picked":["Burst","Adrenaline","Phantasmal Killer"],"picked":"Night Terror","floor":33},{"not_picked":["Bane","Dagger Throw","Footwork+1"],"picked":"Outmaneuver+1","floor":34},{"not_picked":["Reflex+1","Tactician","Flechettes+1"],"picked":"Backflip","floor":35}],"player_experience":178119,"relics_obtained":[{"floor":6,"key":"Question Card"},{"floor":9,"key":"Potion Belt"},{"floor":14,"key":"Odd Mushroom"},{"floor":24,"key":"Lantern"},{"floor":26,"key":"War Paint"},{"floor":27,"key":"Tough Bandages"},{"floor":27,"key":"Pear"},{"floor":29,"key":"Meat on the Bone"}],"event_choices":[{"damage_healed":0,"gold_gain":0,"player_choice":"Take Wound","damage_taken":0,"relics_obtained":["Golden Idol"],"max_hp_gain":0,"max_hp_loss":0,"event_name":"Golden Idol","floor":12,"gold_loss":0,"cards_obtained":["Injury"]},{"damage_healed":0,"gold_gain":0,"player_choice":"Fought Mushrooms","damage_taken":0,"max_hp_gain":0,"max_hp_loss":0,"event_name":"Mushrooms","floor":14,"gold_loss":0},{"damage_healed":0,"gold_gain":0,"player_choice":"Gave Idol","damage_taken":0,"relics_obtained":["Bloody Idol"],"max_hp_gain":0,"max_hp_loss":0,"event_name":"Forgotten Altar","floor":19,"relics_lost":["Golden Idol"],"gold_loss":0},{"damage_healed":0,"gold_gain":0,"player_choice":"Fight","damage_taken":0,"max_hp_gain":0,"max_hp_loss":0,"event_name":"Colosseum","floor":27,"gold_loss":0},{"damage_healed":0,"gold_gain":0,"player_choice":"Fought Nobs","damage_taken":0,"max_hp_gain":0,"max_hp_loss":0,"event_name":"Colosseum","floor":27,"gold_loss":0},{"damage_healed":0,"gold_gain":0,"player_choice":"Inject Mutagens","damage_taken":0,"relics_obtained":["MutagenicStrength"],"max_hp_gain":0,"max_hp_loss":0,"event_name":"Drug Dealer","floor":28,"gold_loss":0},{"damage_healed":0,"gold_gain":0,"player_choice":"Fight","damage_taken":0,"max_hp_gain":0,"max_hp_loss":0,"event_name":"Mysterious Sphere","floor":36,"gold_loss":0}],"is_beta":false,"boss_relics":[{"not_picked":["Lizard Tail","White Beast Statue"],"picked":"Empty Cage"},{"not_picked":["Calling Bell","Eternal Feather"],"picked":"Tiny House"}],"items_purged_floors":[7,22],"is_endless":false,"potions_floor_spawned":[2,3,4,6,10,14,18,24,27,29,35],"killed_by":"2 Orb Walkers","ascension_level":0}