{"gold_per_floor":[115,132,132,132,146,146,180,105,132,132,132,149,163,178,178,273,273,286,107,107,26,26,26,61,61,61,61,61,71,71,71,71,71],"floor_reached":33,"playtime":5727,"items_purged":[],"score":261,"play_id":"49a39e92-917e-40b8-8cf7-45af98346c2b","local_time":"20190629223019","is_ascension_mode":false,"campfire_choices":[{"floor":6,"key":"REST"},{"floor":10,"key":"REST"},{"floor":15,"key":"REST"},{"floor":23,"key":"REST"},{"floor":27,"key":"REST"},{"data":"Writhe","floor":30,"key":"PURGE"},{"floor":32,"key":"REST"}],"neow_cost":"NONE","seed_source_timestamp":58662459195926,"circlet_count":0,"master_deck":["Strike_R","Strike_R","Strike_R+1","Strike_R","Strike_R","Defend_R","Defend_R","Defend_R","Defend_R","Bash+1","Hemokinesis","Perfected Strike","Heavy Blade","Clash","Blood for Blood","Pommel Strike","Dual Wield","Anger","Fiend Fire","Power Through","Apotheosis","Carnage","Whirlwind+1","Cleave+1","Flex"],"relics":["Burning Blood","Juzu Bracelet","Bag of Preparation","Velvet Choker","Nilry\u0027s Codex","Charon\u0027s Ashes","Kunai","Peace Pipe"],"potions_floor_usage":[16,16,33,33,33],"damage_taken":[{"damage":1,"enemies":"Cultist","floor":1,"turns":4},{"damage":11,"enemies":"2 Louse","floor":2,"turns":3},{"damage":8,"enemies":"Small Slimes","floor":5,"turns":3},{"damage":37,"enemies":"Gremlin Nob","floor":7,"turns":5},{"damage":3,"enemies":"Exordium Wildlife","floor":12,"turns":3},{"damage":14,"enemies":"3 Louse","floor":13,"turns":3},{"damage":3,"enemies":"2 Fungi Beasts","floor":14,"turns":2},{"damage":14,"enemies":"Slime Boss","floor":16,"turns":7},{"damage":15,"enemies":"Shell Parasite","floor":18,"turns":3},{"damage":47,"enemies":"Book of Stabbing","floor":24,"turns":4},{"damage":3,"enemies":"3 Byrds","floor":29,"turns":3},{"damage":106,"enemies":"Collector","floor":33,"turns":7}],"seed_played":"-4792573909203240910","potions_obtained":[{"floor":1,"key":"Strength Potion"},{"floor":7,"key":"Fire Potion"},{"floor":12,"key":"Poison Potion"},{"floor":16,"key":"EssenceOfSteel"},{"floor":18,"key":"Ancient Potion"}],"is_trial":false,"path_per_floor":["M","M","?","$","M","R","E","$","T","R","?","M","M","M","R","B",null,"M","$","?","$","?","R","E","$","T","R","?","M","R","?","R","B"],"character_chosen":"IRONCLAD","items_purchased":["Blood for Blood","Apotheosis","Carnage"],"campfire_rested":6,"item_purchase_floors":[8,19,21],"current_hp_per_floor":[80,75,59,59,57,80,49,49,49,73,73,76,68,71,80,72,80,71,71,55,55,55,79,38,38,38,62,62,65,65,65,80,0],"gold":71,"neow_bonus":"THREE_CARDS","is_prod":false,"is_daily":false,"chose_seed":false,"campfire_upgraded":0,"win_rate":0.0,"timestamp":1561861819,"path_taken":["M","M","?","$","M","R","E","$","T","R","?","M","M","M","R","BOSS","M","$","?","$","?","R","E","$","T","R","?","M","R","?","R","BOSS"],"build_version":"2019-01-23","purchased_purges":0,"victory":false,"max_hp_per_floor":[80,80,80,80,80,80,80,80,80,80,80,80,80,80,80,80,80,80,80,80,80,80,80,80,80,80,80,80,80,80,80,80,80],"card_choices":[{"not_picked":["Fire Breathing","Body Slam"],"picked":"Hemokinesis","floor":1},{"not_picked":["Spot Weakness","Feel No Pain"],"picked":"Perfected Strike","floor":2},{"not_picked":["Searing Blow","Body Slam"],"picked":"Heavy Blade","floor":5},{"not_picked":["Cleave","Whirlwind"],"picked":"Clash","floor":7},{"not_picked":["True Grit","Sword Boomerang"],"picked":"Pommel Strike","floor":12},{"not_picked":["Body Slam","Iron Wave"],"picked":"Dual Wield","floor":13},{"not_picked":["Sword Boomerang","Metallicize"],"picked":"Anger","floor":14},{"not_picked":["Berserk","Impervious"],"picked":"Fiend Fire","floor":16},{"not_picked":["Cleave","Combust"],"picked":"Power Through","floor":18},{"not_picked":["Burning Pact","Spot Weakness"],"picked":"Whirlwind+1","floor":24},{"not_picked":["Clash","Infernal Blade"],"picked":"Cleave+1","floor":29}],"player_experience":20029,"relics_obtained":[{"floor":7,"key":"Juzu Bracelet"},{"floor":9,"key":"Bag of Preparation"},{"floor":20,"key":"Nilry\u0027s Codex"},{"floor":24,"key":"Charon\u0027s Ashes"},{"floor":26,"key":"Kunai"}],"event_choices":[{"damage_healed":0,"gold_gain":0,"player_choice":"Entered Light","damage_taken":16,"max_hp_gain":0,"max_hp_loss":0,"event_name":"Shining Light","floor":3,"gold_loss":0,"cards_upgraded":["Strike_R","Bash"]},{"damage_healed":0,"gold_gain":0,"player_choice":"Ignored","damage_taken":0,"max_hp_gain":0,"max_hp_loss":0,"event_name":"Liars Game","floor":11,"gold_loss":0},{"damage_healed":0,"gold_gain":0,"player_choice":"Obtained Book","damage_taken":16,"max_hp_gain":0,"max_hp_loss":0,"event_name":"Cursed Tome","floor":20,"gold_loss":0},{"damage_healed":0,"gold_gain":0,"player_choice":"Ignored","damage_taken":0,"max_hp_gain":0,"max_hp_loss":0,"event_name":"Vampires","floor":22,"gold_loss":0},{"damage_healed":0,"gold_gain":0,"player_choice":"Opened","damage_taken":0,"relics_obtained":["Peace Pipe"],"max_hp_gain":0,"max_hp_loss":0,"event_name":"The Mausoleum","floor":28,"gold_loss":0,"cards_obtained":["Writhe"]},{"damage_healed":0,"gold_gain":0,"player_choice":"Read","damage_taken":0,"max_hp_gain":0,"max_hp_loss":0,"event_name":"The Library","floor":31,"gold_loss":0,"cards_obtained":["Flex"]}],"is_beta":false,"boss_relics":[{"not_picked":["White Beast Statue","Black Star"],"picked":"Velvet Choker"}],"items_purged_floors":[],"is_endless":false,"potions_floor_spawned":[1,7,12,16,18,24],"killed_by":"Collector","ascension_level":0}