{"gold_per_floor":[116,116,116,391,407,407,427,427,476,505,516,15,28,28,28,100,100,116,116,130,148,168,168,5,30,105,105,105,105,30,48,48,48],"floor_reached":33,"playtime":2300,"items_purged":["Regret"],"score":490,"play_id":"24d8ea04-adc9-453e-9164-5708830a859c","local_time":"20190321001355","is_ascension_mode":true,"campfire_choices":[{"data":"Chaos","floor":6,"key":"SMITH"},{"floor":8,"key":"REST"},{"floor":15,"key":"REST"},{"data":"Loop","floor":27,"key":"SMITH"},{"floor":29,"key":"REST"},{"data":"Reinforced Body","floor":32,"key":"SMITH"}],"neow_cost":"NONE","seed_source_timestamp":121953591268198,"circlet_count":0,"master_deck":["AscendersBane","Strike_B","Strike_B","Strike_B+1","Defend_B+1","Defend_B","Defend_B+1","Defend_B","Zap","Dualcast+1","Chaos+1","Regret","Redo","Rebound","Reinforced Body+1","Loop+1","Self Repair","Ball Lightning","Double Energy","Meteor Strike","Tempest","Steam Power","Turbo","Tempest","Coolheaded+1","Conserve Battery+1"],"relics":["Cracked Core","War Paint","Darkstone Periapt","Bronze Scales","Potion Belt","Ice Cream","Oddly Smooth Stone","Sozu","PreservedInsect","Bag of Preparation","Calipers","Shuriken","Matryoshka"],"potions_floor_usage":[10,11,16],"damage_taken":[{"damage":4,"enemies":"Jaw Worm","floor":1,"turns":4},{"damage":2,"enemies":"2 Louse","floor":5,"turns":3},{"damage":2,"enemies":"Small Slimes","floor":7,"turns":3},{"damage":23,"enemies":"Lagavulin","floor":10,"turns":4},{"damage":23,"enemies":"Exordium Thugs","floor":11,"turns":5},{"damage":0,"enemies":"3 Louse","floor":13,"turns":3},{"damage":26,"enemies":"Slime Boss","floor":16,"turns":10},{"damage":5,"enemies":"Chosen","floor":18,"turns":5},{"damage":12,"enemies":"3 Byrds","floor":20,"turns":2},{"damage":34,"enemies":"Sentry and Sphere","floor":21,"turns":5},{"damage":1,"enemies":"Snake Plant","floor":22,"turns":3},{"damage":34,"enemies":"Book of Stabbing","floor":25,"turns":4},{"damage":1,"enemies":"Chosen and Byrds","floor":31,"turns":4},{"damage":65,"enemies":"Collector","floor":33,"turns":6}],"seed_played":"-5101777196608807653","potions_obtained":[{"floor":5,"key":"FocusPotion"},{"floor":10,"key":"EssenceOfSteel"},{"floor":13,"key":"PowerPotion"}],"is_trial":false,"path_per_floor":["M","?","?","?","M","R","M","R","T","E","M","$","M","?","R","B",null,"M","?","M","M","M","?","$","E","T","R","T","R","?","M","R","B"],"character_chosen":"DEFECT","items_purchased":["Ice Cream","Self Repair","Ball Lightning","Bag of Preparation"],"campfire_rested":3,"item_purchase_floors":[12,12,12,24],"current_hp_per_floor":[60,66,43,49,47,47,45,69,69,46,23,23,30,25,49,30,70,72,72,67,40,46,52,52,25,25,25,25,51,51,57,57,0],"gold":48,"neow_bonus":"RANDOM_COMMON_RELIC","is_prod":false,"is_daily":false,"chose_seed":false,"campfire_upgraded":3,"win_rate":0,"timestamp":1553152435,"path_taken":["M","?","?","?","?","R","M","R","T","E","M","$","M","?","R","BOSS","M","?","?","M","M","?","$","E","T","R","?","R","?","M","R","BOSS"],"build_version":"2019-01-23","purchased_purges":1,"victory":false,"max_hp_per_floor":[71,77,77,83,83,83,83,83,83,83,83,83,83,83,83,83,83,83,83,83,83,83,89,89,89,89,89,89,89,89,89,89,89],"card_choices":[{"not_picked":["Rebound","Steam"],"picked":"Chaos","floor":1},{"not_picked":["Turbo","Streamline"],"picked":"Redo","floor":5},{"not_picked":["Streamline","Tempest"],"picked":"Rebound","floor":7},{"not_picked":["Thunder Strike","Barrage"],"picked":"Reinforced Body","floor":10},{"not_picked":["Leap","Hologram"],"picked":"Loop","floor":11},{"not_picked":["Melter","Fusion"],"picked":"Double Energy","floor":13},{"not_picked":["Core Surge","Hyperbeam"],"picked":"Meteor Strike","floor":16},{"not_picked":["Compile Driver","Go for the Eyes+1"],"picked":"Tempest","floor":18},{"not_picked":["Cold Snap","Gash"],"picked":"Turbo","floor":20},{"not_picked":["Hello World","Double Energy"],"picked":"Tempest","floor":21},{"not_picked":["Blizzard","Compile Driver","Cold Snap"],"picked":"SKIP","floor":22},{"not_picked":["Chaos","Force Field"],"picked":"Coolheaded+1","floor":25},{"not_picked":["Steam","Streamline"],"picked":"Conserve Battery+1","floor":31}],"player_experience":791436,"relics_obtained":[{"floor":9,"key":"Bronze Scales"},{"floor":10,"key":"Potion Belt"},{"floor":25,"key":"Calipers"},{"floor":26,"key":"Shuriken"},{"floor":28,"key":"Matryoshka"}],"event_choices":[{"damage_healed":0,"gold_gain":0,"player_choice":"Box","damage_taken":0,"relics_obtained":["Darkstone Periapt"],"max_hp_gain":0,"max_hp_loss":0,"event_name":"Big Fish","floor":2,"gold_loss":0,"cards_obtained":["Regret"]},{"damage_healed":0,"gold_gain":0,"player_choice":"Entered Light","damage_taken":23,"max_hp_gain":0,"max_hp_loss":0,"event_name":"Shining Light","floor":3,"gold_loss":0,"cards_upgraded":["Strike_B","Defend_B"]},{"damage_healed":0,"gold_gain":275,"player_choice":"Desecrate","damage_taken":0,"max_hp_gain":0,"max_hp_loss":0,"event_name":"Golden Shrine","floor":4,"gold_loss":0,"cards_obtained":["Regret"]},{"damage_healed":0,"gold_gain":0,"player_choice":"Success","damage_taken":5,"relics_obtained":["Oddly Smooth Stone"],"max_hp_gain":0,"max_hp_loss":0,"event_name":"Scrap Ooze","floor":14,"gold_loss":0},{"damage_healed":0,"gold_gain":0,"cards_transformed":["Strike_B"],"player_choice":"Transformed","damage_taken":0,"max_hp_gain":0,"max_hp_loss":0,"event_name":"Transmorgrifier","floor":19,"gold_loss":0,"cards_obtained":["Steam Power"]},{"damage_healed":0,"gold_gain":0,"player_choice":"Stole Relic","damage_taken":0,"relics_obtained":["PreservedInsect"],"max_hp_gain":0,"max_hp_loss":0,"event_name":"Addict","floor":23,"gold_loss":0,"cards_obtained":["Shame"]},{"cards_removed":["Shame"],"damage_healed":0,"gold_gain":0,"player_choice":"Gave Gold","damage_taken":0,"max_hp_gain":0,"max_hp_loss":0,"event_name":"Beggar","floor":30,"gold_loss":75}],"is_beta":false,"boss_relics":[{"not_picked":["Black Star","White Beast Statue"],"picked":"Sozu"}],"items_purged_floors":[12],"is_endless":false,"potions_floor_spawned":[5,10,13,18,21,22,31],"killed_by":"Collector","ascension_level":17}