{"gold_per_floor":[115,127,127,127,227,227,243,86,86,106,119,153,172,185,185,185],"floor_reached":16,"playtime":1352,"items_purged":[],"score":125,"play_id":"6343007c-85f5-4d4d-8d03-585d95abbdd9","local_time":"20190916145028","is_ascension_mode":true,"campfire_choices":[{"floor":6,"key":"RECALL"},{"floor":15,"key":"REST"}],"neow_cost":"NONE","seed_source_timestamp":426498326270600,"circlet_count":0,"master_deck":["Strike_G","Strike_G","Strike_G","Strike_G","Strike_G","Defend_G","Defend_G","Defend_G+1","Defend_G","Defend_G","Survivor","Neutralize","Cloak And Dagger+1","Acrobatics","Adrenaline","Dodge and Roll","Underhanded Strike","Blur","Concentrate","Deflect"],"relics":["Ring of the Snake","War Paint","Matryoshka"],"potions_floor_usage":[12,16,16],"damage_taken":[{"damage":0,"enemies":"Jaw Worm","floor":1,"turns":6},{"damage":0,"enemies":"2 Louse","floor":2,"turns":4},{"damage":2,"enemies":"Cultist","floor":7,"turns":4},{"damage":3,"enemies":"2 Fungi Beasts","floor":10,"turns":3},{"damage":14,"enemies":"Exordium Thugs","floor":11,"turns":6},{"damage":42,"enemies":"3 Sentries","floor":12,"turns":19},{"damage":8,"enemies":"Lots of Slimes","floor":13,"turns":6},{"damage":0,"enemies":"Looter","floor":14,"turns":5},{"damage":31,"enemies":"Hexaghost","floor":16,"turns":12}],"seed_played":"7910775960134534343","potions_obtained":[{"floor":11,"key":"Dexterity Potion"},{"floor":12,"key":"PowerPotion"},{"floor":13,"key":"Poison Potion"}],"is_trial":false,"path_per_floor":["M","M","?","$","?","R","M","$","T","M","M","E","M","M","R","B"],"character_chosen":"THE_SILENT","items_purchased":["War Paint"],"campfire_rested":1,"item_purchase_floors":[8],"current_hp_per_floor":[77,77,77,77,77,77,75,75,75,72,58,16,8,8,31,0],"gold":185,"neow_bonus":"TEN_PERCENT_HP_BONUS","is_prod":false,"is_daily":false,"chose_seed":false,"campfire_upgraded":0,"win_rate":0,"timestamp":1568663428,"path_taken":["M","M","?","$","?","R","M","$","T","M","M","E","M","M","R","BOSS"],"build_version":"2019-07-17","purchased_purges":0,"victory":false,"max_hp_per_floor":[77,77,77,77,77,77,77,77,77,77,77,77,77,77,77,77],"card_choices":[{"not_picked":["Flying Knee","Outmaneuver"],"picked":"Cloak And Dagger","floor":1},{"not_picked":["Choke","Poisoned Stab"],"picked":"Acrobatics","floor":2},{"not_picked":["Flying Knee","Dagger Throw"],"picked":"Adrenaline","floor":7},{"not_picked":["Caltrops","Underhanded Strike"],"picked":"Dodge and Roll","floor":10},{"not_picked":["Flying Knee","Blade Dance"],"picked":"Underhanded Strike","floor":11},{"not_picked":["Poisoned Stab","Phantasmal Killer"],"picked":"Blur","floor":12},{"not_picked":["Blade Dance","Cloak And Dagger"],"picked":"Concentrate","floor":13},{"not_picked":["Sucker Punch","Underhanded Strike"],"picked":"Deflect","floor":14}],"player_experience":406361,"relics_obtained":[{"floor":12,"key":"Matryoshka"}],"event_choices":[{"damage_healed":0,"gold_gain":0,"player_choice":"Leave","damage_taken":0,"max_hp_gain":0,"max_hp_loss":0,"event_name":"The Cleric","floor":3,"gold_loss":0},{"damage_healed":0,"gold_gain":100,"player_choice":"Gold","damage_taken":0,"max_hp_gain":0,"max_hp_loss":0,"event_name":"Wheel of Change","floor":5,"gold_loss":0}],"is_beta":false,"boss_relics":[],"items_purged_floors":[],"is_endless":false,"potions_floor_spawned":[11,12,13],"killed_by":"Hexaghost","ascension_level":4}