{"gold_per_floor":[109,109,109,134,159,159,172,172,195,215,239,204,223,257,257,385,385,363,363,378,403,403,30,30,49,49,82,82,107,107,147,147,272,272,295,295,420,440,464,464,507,507,507,507,28,72,0,0,0,0],"floor_reached":51,"playtime":3753,"items_purged":["Defend_B","Parasite"],"score":1143,"play_id":"ceca0910-c615-4bc4-98b7-6d6bfba4d2bb","local_time":"20190126212611","is_ascension_mode":true,"campfire_choices":[{"data":"Genetic Algorithm","floor":6.0,"key":"SMITH"},{"floor":15.0,"key":"REST"},{"data":"Buffer","floor":24.0,"key":"SMITH"},{"data":"Buffer","floor":28.0,"key":"SMITH"},{"data":"Rainbow","floor":30.0,"key":"SMITH"},{"data":"Biased Cognition","floor":32.0,"key":"SMITH"},{"data":"Loop","floor":40,"key":"SMITH"},{"data":"Biased Cognition","floor":44,"key":"SMITH"},{"data":"Defragment","floor":49,"key":"SMITH"}],"neow_cost":"CURSE","seed_source_timestamp":0,"circlet_count":0,"master_deck":["AscendersBane","Strike_B","Strike_B","Strike_B","Defend_B","Defend_B","Zap","Dualcast","Core Surge","Genetic Algorithm+1","Reinforced Body","Cold Snap","Turbo","Redo","Loop+1","Self Repair","Buffer+1","Coolheaded","Biased Cognition+1","Ball Lightning","White Noise","Rainbow+1","Buffer+1","Force Field","Coolheaded","Loop+1","Biased Cognition+1","Madness+1","Madness+1","Biased Cognition","Chaos+1","Storm+1","Defragment+1","Writhe"],"special_seed":0,"relics":["Cracked Core","Golden Idol","Orichalcum","Runic Dome","Nloth\u0027s Gift","DataDisk","Bottled Flame","Pantograph","Toxic Egg 2","Cursed Key","StoneCalendar","Vajra","Question Card","Cables","Blue Candle","Red Mask","Art of War"],"potions_floor_usage":[41,46,50,50],"damage_taken":[{"damage":9.0,"enemies":"Small Slimes","floor":1.0,"turns":3.0},{"damage":2.0,"enemies":"2 Louse","floor":4.0,"turns":3.0},{"damage":1.0,"enemies":"Cultist","floor":5.0,"turns":4.0},{"damage":10.0,"enemies":"Exordium Wildlife","floor":7.0,"turns":4.0},{"damage":10.0,"enemies":"Lots of Slimes","floor":10.0,"turns":5.0},{"damage":3.0,"enemies":"Large Slime","floor":11.0,"turns":6.0},{"damage":15.0,"enemies":"Exordium Thugs","floor":13.0,"turns":5.0},{"damage":16.0,"enemies":"Lagavulin","floor":14.0,"turns":4.0},{"damage":3.0,"enemies":"Hexaghost","floor":16.0,"turns":9.0},{"damage":12.0,"enemies":"2 Thieves","floor":18.0,"turns":5.0},{"damage":14.0,"enemies":"Spheric Guardian","floor":20.0,"turns":5.0},{"damage":26.0,"enemies":"Snake Plant","floor":21.0,"turns":5.0},{"damage":0.0,"enemies":"Snecko","floor":25.0,"turns":5.0},{"damage":25.0,"enemies":"Book of Stabbing","floor":27.0,"turns":6.0},{"damage":3.0,"enemies":"Centurion and Healer","floor":29.0,"turns":5.0},{"damage":17.0,"enemies":"Slavers","floor":31.0,"turns":7.0},{"damage":8.0,"enemies":"Automaton","floor":33.0,"turns":9.0},{"damage":0,"enemies":"Orb Walker","floor":35,"turns":4},{"damage":12,"enemies":"Mind Bloom Boss Battle","floor":37,"turns":6},{"damage":0,"enemies":"3 Shapes","floor":38,"turns":4},{"damage":22,"enemies":"Writhing Mass","floor":39,"turns":5},{"damage":11,"enemies":"Nemesis","floor":41,"turns":7},{"damage":0,"enemies":"Reptomancer","floor":46,"turns":3},{"damage":13,"enemies":"Time Eater","floor":50,"turns":6}],"seed_played":"4959564953828556516","potions_obtained":[{"floor":5.0,"key":"PowerPotion"},{"floor":7.0,"key":"LiquidBronze"},{"floor":13.0,"key":"Poison Potion"},{"floor":14.0,"key":"FocusPotion"},{"floor":20.0,"key":"Regen Potion"},{"floor":25.0,"key":"SpeedPotion"},{"floor":27.0,"key":"SteroidPotion"},{"floor":37,"key":"FocusPotion"},{"floor":39,"key":"EssenceOfSteel"},{"floor":41,"key":"PowerPotion"}],"is_trial":false,"path_per_floor":["M","?","?","M","M","R","M","?","T","M","M","?","M","E","R","B",null,"M","?","M","M","?","$","R","M","T","E","R","M","R","E","R","B",null,"M","?","?","M","M","R","E","?","T","R","$","E","?","T","R","B",null],"character_chosen":"DEFECT","items_purchased":["DataDisk","White Noise","Rainbow","Cables","Defragment","SkillPotion"],"campfire_rested":1,"item_purchase_floors":[23,23,23,45,45,45],"current_hp_per_floor":[59,59,59,57,56,56,46,46,46,36,33,50,35,19,39,43,63,58,58,51,46,46,46,46,53,53,35,35,39,39,22,22,46,63,69,60,64,64,49,49,45,45,45,45,45,52,52,52,52,53],"gold":0,"neow_bonus":"THREE_RARE_CARDS","is_prod":false,"is_daily":false,"chose_seed":false,"campfire_upgraded":8,"win_rate":0,"timestamp":1548566771,"path_taken":["M","?","?","M","M","R","M","?","T","?","M","?","M","E","R","BOSS","M","?","?","M","?","?","R","?","T","E","R","M","R","E","R","BOSS","M","?","?","M","M","R","E","?","T","R","?","E","?","?","R","BOSS"],"build_version":"2019-01-17v2","purchased_purges":2,"victory":true,"max_hp_per_floor":[75,69,69,69,69,69,69,69,69,69,69,69,69,69,69,69,69,69,69,69,69,69,69,69,69,69,69,69,69,69,69,69,69,69,69,69,69,69,69,69,69,69,69,69,66,66,66,66,66,66],"card_choices":[{"not_picked":["All For One","Fission"],"picked":"Core Surge","floor":0.0},{"not_picked":["Streamline","Coolheaded"],"picked":"Genetic Algorithm","floor":1.0},{"not_picked":["Compile Driver","FTL"],"picked":"Reinforced Body","floor":4.0},{"not_picked":["Sweeping Beam","Go for the Eyes"],"picked":"Ball Lightning","floor":5.0},{"not_picked":["Go for the Eyes","Barrage"],"picked":"Cold Snap","floor":7.0},{"not_picked":["Barrage","Go for the Eyes"],"picked":"Turbo","floor":10.0},{"not_picked":["Scrape","Static Discharge"],"picked":"Redo","floor":11.0},{"not_picked":["Chaos","Cold Snap"],"picked":"Loop","floor":13.0},{"not_picked":["Darkness","Sweeping Beam"],"picked":"Self Repair","floor":14.0},{"not_picked":["Reboot","Electrodynamics"],"picked":"Buffer","floor":16.0},{"not_picked":["Static Discharge","Reprogram"],"picked":"Coolheaded","floor":18.0},{"not_picked":["Undo","Compile Driver+1","Beam Cell"],"picked":"SKIP","floor":20.0},{"not_picked":["Redo","Barrage+1"],"picked":"Ball Lightning","floor":21.0},{"not_picked":["Beam Cell+1","Steam"],"picked":"Buffer","floor":25.0},{"not_picked":["Gash+1","Scrape"],"picked":"Force Field","floor":27.0},{"not_picked":["Multi-Cast","Gash"],"picked":"Coolheaded","floor":29.0},{"not_picked":["Hyperbeam","Creative AI"],"picked":"Loop+1","floor":31.0},{"not_picked":["Core Surge","Creative AI"],"picked":"Biased Cognition","floor":33.0},{"not_picked":["Gash+1","Beam Cell","Compile Driver+1"],"picked":"SKIP","floor":35},{"not_picked":["Rebound","Compile Driver"],"picked":"Biased Cognition","floor":38},{"not_picked":["Darkness+1","Leap+1"],"picked":"Chaos+1","floor":39},{"not_picked":["Rip and Tear","Sweeping Beam"],"picked":"Storm+1","floor":41},{"not_picked":["Streamline","Hologram+1","Gash","Hello World"],"picked":"SKIP","floor":46}],"player_experience":533802,"relics_obtained":[{"floor":9.0,"key":"Potion Belt"},{"floor":14.0,"key":"Orichalcum"},{"floor":26.0,"key":"Bottled Flame"},{"floor":27.0,"key":"Pantograph"},{"floor":31.0,"key":"Toxic Egg 2"},{"floor":37,"key":"StoneCalendar"},{"floor":41,"key":"Vajra"},{"floor":43,"key":"Question Card"},{"floor":46,"key":"Blue Candle"},{"floor":48,"key":"Art of War"}],"event_choices":[{"damage_healed":0.0,"max_hp_gain":0.0,"max_hp_loss":6.0,"gold_gain":0.0,"event_name":"Golden Idol","player_choice":"Lose Max HP","floor":2.0,"gold_loss":0.0,"damage_taken":0.0,"relics_obtained":["Golden Idol"]},{"cards_removed":["Decay"],"damage_healed":0.0,"max_hp_gain":0.0,"max_hp_loss":0.0,"gold_gain":0.0,"event_name":"Living Wall","player_choice":"Forget","floor":3.0,"gold_loss":0.0,"damage_taken":0.0},{"cards_removed":["Strike_B"],"damage_healed":0.0,"max_hp_gain":0.0,"max_hp_loss":0.0,"gold_gain":0.0,"event_name":"Purifier","player_choice":"Purged","floor":8.0,"gold_loss":0.0,"damage_taken":0.0},{"damage_healed":17.0,"max_hp_gain":0.0,"max_hp_loss":0.0,"gold_gain":0.0,"event_name":"The Cleric","player_choice":"Healed","floor":12.0,"gold_loss":35.0,"damage_taken":0.0},{"damage_healed":0.0,"max_hp_gain":0.0,"max_hp_loss":0.0,"gold_gain":0.0,"cards_transformed":["Defend_B"],"event_name":"Transmorgrifier","player_choice":"Transformed","floor":19.0,"gold_loss":0.0,"damage_taken":0.0,"cards_obtained":["Biased Cognition"]},{"damage_healed":0.0,"max_hp_gain":0.0,"max_hp_loss":0.0,"gold_gain":0.0,"event_name":"N\u0027loth","player_choice":"Traded Relic","floor":22.0,"relics_lost":["Potion Belt"],"gold_loss":0.0,"damage_taken":0.0,"relics_obtained":["Nloth\u0027s Gift"]},{"damage_healed":0,"gold_gain":0,"player_choice":"Embrace Madness","damage_taken":9,"max_hp_gain":0,"max_hp_loss":0,"event_name":"Winding Halls","floor":36,"gold_loss":0,"cards_obtained":["Madness","Madness"]},{"damage_healed":0,"gold_gain":0,"player_choice":"Fight","damage_taken":0,"max_hp_gain":0,"max_hp_loss":0,"event_name":"MindBloom","floor":37,"gold_loss":0},{"cards_removed":["Ball Lightning"],"damage_healed":0,"gold_gain":0,"player_choice":"Removed Attack","damage_taken":0,"max_hp_gain":0,"max_hp_loss":0,"event_name":"Falling","floor":42,"gold_loss":0},{"damage_healed":0,"gold_gain":0,"player_choice":"Paid","damage_taken":0,"relics_obtained":["Red Mask"],"max_hp_gain":0,"max_hp_loss":0,"event_name":"Tomb of Lord Red Mask","floor":47,"gold_loss":72}],"is_beta":false,"boss_relics":[{"not_picked":["Velvet Choker","Orrery"],"picked":"Runic Dome"},{"not_picked":["Coffee Dripper","Philosopher\u0027s Stone"],"picked":"Cursed Key"}],"items_purged_floors":[23,45],"is_endless":false,"potions_floor_spawned":[5,7,13,14,20,25,27,37,39,41],"ascension_level":10}