{"gold_per_floor":[19,31,42,56,68,68,18,43,43,43,111,111,91,103,103,200,200,218,235,235,245,245,245,273,305,352,352,384,384,53,73,73,73],"floor_reached":33,"playtime":3082,"items_purged":["Strike_R"],"score":419,"play_id":"b82ed23e-fb27-47d8-9ba7-172b6ad14a2c","local_time":"20181231103336","is_ascension_mode":true,"campfire_choices":[{"data":"Anger","floor":6,"key":"SMITH"},{"data":"Flame Barrier","floor":12,"key":"SMITH"},{"data":"Jack Of All Trades","floor":15,"key":"SMITH"},{"data":"Pommel Strike","floor":23,"key":"SMITH"},{"floor":29,"key":"REST"},{"data":"Defend_R","floor":32,"key":"PURGE"}],"neow_cost":"NO_GOLD","seed_source_timestamp":210885304736540,"circlet_count":0,"master_deck":["Strike_R+1","Defend_R","Defend_R","Defend_R","Bash+1","Jack Of All Trades+1","Panacea","Pommel Strike","Shrug It Off","Anger+1","Iron Wave","Seeing Red","Flame Barrier+1","Headbutt","Disarm","Juggernaut","Rage","Jack Of All Trades+1","Pommel Strike+1","Inflame+1"],"relics":["Burning Blood","Bag of Marbles","Matryoshka","Happy Flower","Empty Cage","Peace Pipe","Shuriken","Bronze Scales","Whetstone","Bottled Lightning"],"potions_floor_usage":[2,8,11,16,16,24,25,28,31],"damage_taken":[{"damage":6,"enemies":"2 Louse","floor":1,"turns":3},{"damage":2,"enemies":"Jaw Worm","floor":2,"turns":3},{"damage":1,"enemies":"Cultist","floor":3,"turns":3},{"damage":4,"enemies":"Looter","floor":4,"turns":3},{"damage":5,"enemies":"Lots of Slimes","floor":5,"turns":6},{"damage":20,"enemies":"Gremlin Nob","floor":8,"turns":5},{"damage":0,"enemies":"3 Sentries","floor":11,"turns":6},{"damage":0,"enemies":"3 Louse","floor":14,"turns":3},{"damage":36,"enemies":"Hexaghost","floor":16,"turns":9},{"damage":0,"enemies":"Chosen","floor":18,"turns":4},{"damage":13,"enemies":"Spheric Guardian","floor":19,"turns":4},{"damage":19,"enemies":"Centurion and Healer","floor":21,"turns":10},{"damage":28,"enemies":"Book of Stabbing","floor":24,"turns":5},{"damage":12,"enemies":"Snake Plant","floor":25,"turns":2},{"damage":43,"enemies":"Slavers","floor":28,"turns":6},{"damage":8,"enemies":"Cultist and Chosen","floor":31,"turns":4},{"damage":62,"enemies":"Collector","floor":33,"turns":7}],"seed_played":"-1997956285244439293","potions_obtained":[{"floor":1,"key":"Block Potion"},{"floor":3,"key":"Block Potion"},{"floor":8,"key":"AttackPotion"},{"floor":11,"key":"SkillPotion"},{"floor":13,"key":"Energy Potion"},{"floor":19,"key":"Strength Potion"},{"floor":24,"key":"SkillPotion"},{"floor":25,"key":"BloodPotion"},{"floor":28,"key":"SkillPotion"}],"is_trial":false,"path_per_floor":["M","M","M","M","M","R","?","E","T","?","E","R","?","M","R","B",null,"M","M","?","M","?","R","E","M","T","?","E","R","$","M","R","B"],"character_chosen":"IRONCLAD","items_purchased":["Bottled Lightning"],"campfire_rested":1,"item_purchase_floors":[30],"current_hp_per_floor":[72,76,80,80,80,80,80,66,66,66,72,72,72,78,78,48,72,78,71,71,58,80,80,58,52,52,52,23,47,47,45,45,0],"gold":73,"neow_bonus":"RANDOM_COLORLESS_2","is_prod":false,"is_daily":false,"chose_seed":false,"campfire_upgraded":4,"win_rate":0,"timestamp":1546281216,"path_taken":["M","M","M","M","M","R","?","E","T","?","E","R","?","?","R","BOSS","M","M","?","?","?","R","E","M","T","?","E","R","$","M","R","BOSS"],"build_version":"2018-12-20","purchased_purges":1,"victory":false,"max_hp_per_floor":[80,80,80,80,80,80,80,80,80,80,80,80,80,80,80,80,80,80,80,80,80,80,80,80,80,80,80,80,80,80,80,80,80],"card_choices":[{"not_picked":["Blood for Blood","Flex"],"picked":"Pommel Strike","floor":1},{"not_picked":["Headbutt","True Grit"],"picked":"Shrug It Off","floor":2},{"not_picked":["Spot Weakness","Warcry"],"picked":"Anger","floor":3},{"not_picked":["Twin Strike","Heavy Blade"],"picked":"Iron Wave","floor":4},{"not_picked":["Heavy Blade","Wild Strike"],"picked":"Seeing Red","floor":5},{"not_picked":["Impervious","True Grit"],"picked":"Flame Barrier","floor":8},{"not_picked":["Clothesline","True Grit"],"picked":"Headbutt","floor":11},{"not_picked":["Flex","Uppercut"],"picked":"Disarm","floor":14},{"not_picked":["Bludgeon","Double Tap"],"picked":"Juggernaut","floor":16},{"not_picked":["Burning Pact","Anger","Armaments"],"picked":"SKIP","floor":18},{"not_picked":["Wild Strike","True Grit"],"picked":"Rage","floor":19},{"not_picked":["Warcry+1","Intimidate"],"picked":"Pommel Strike","floor":21},{"not_picked":["Reckless Charge","Combust","Warcry"],"picked":"SKIP","floor":24},{"not_picked":["Reckless Charge","Combust","Warcry"],"picked":"SKIP","floor":24},{"not_picked":["Headbutt+1","Reckless Charge","True Grit"],"picked":"SKIP","floor":25},{"not_picked":["Armaments","Barricade"],"picked":"Inflame+1","floor":28},{"not_picked":["Perfected Strike","Flex","Clothesline"],"picked":"SKIP","floor":31}],"player_experience":295701,"relics_obtained":[{"floor":8,"key":"Bag of Marbles"},{"floor":9,"key":"Matryoshka"},{"floor":11,"key":"Happy Flower"},{"floor":24,"key":"Peace Pipe"},{"floor":26,"key":"Shuriken"},{"floor":26,"key":"Bronze Scales"},{"floor":28,"key":"Whetstone"}],"event_choices":[{"cards_removed":["Strike_R"],"damage_healed":0,"gold_gain":0,"player_choice":"Card Removal","damage_taken":0,"max_hp_gain":0,"max_hp_loss":0,"event_name":"The Cleric","floor":7,"gold_loss":50},{"damage_healed":0,"gold_gain":0,"player_choice":"Ignored","damage_taken":0,"max_hp_gain":0,"max_hp_loss":0,"event_name":"Liars Game","floor":10,"gold_loss":0},{"damage_healed":0,"gold_gain":0,"player_choice":"Bought 1 Potion","damage_taken":0,"max_hp_gain":0,"max_hp_loss":0,"event_name":"The Woman in Blue","floor":13,"gold_loss":0},{"damage_healed":0,"gold_gain":0,"player_choice":"Copied","damage_taken":0,"max_hp_gain":0,"max_hp_loss":0,"event_name":"Duplicator","floor":20,"gold_loss":0,"cards_obtained":["Jack Of All Trades"]},{"damage_healed":26,"gold_gain":0,"player_choice":"Heal","damage_taken":0,"max_hp_gain":0,"max_hp_loss":0,"event_name":"The Library","floor":22,"gold_loss":0},{"damage_healed":0,"gold_gain":0,"player_choice":"Ignored","damage_taken":0,"max_hp_gain":0,"max_hp_loss":0,"event_name":"Vampires","floor":27,"gold_loss":0}],"is_beta":false,"boss_relics":[{"not_picked":["Black Blood","Philosopher\u0027s Stone"],"picked":"Empty Cage"}],"items_purged_floors":[30],"is_endless":false,"potions_floor_spawned":[1,3,8,11,19,24,25,28],"killed_by":"Collector","ascension_level":6}