{"gold_per_floor":[114,129,79,94,109,139,154,184,184,184,34,49,9,24,24,124,124,139,154,154,169,19,19,34,34,109,139,154,169,184,214,214,314,314,329,14,29,45,0,330,345,360,360,375,49,79,79,94,94,94],"floor_reached":51,"playtime":14481,"items_purged":["Perfected Strike","Tempest"],"score":965,"play_id":"cb55e18c-0c66-4261-b63c-a5b688e9d7b2","local_time":"20190910181114","daily_mods":["Insanity","Diverse","Night Terrors"],"is_ascension_mode":false,"campfire_choices":[{"floor":15,"key":"REST"},{"data":"Pommel Strike","floor":32,"key":"SMITH"},{"data":"Metamorphosis","floor":49,"key":"SMITH"}],"neow_cost":"","seed_source_timestamp":0,"circlet_count":0,"master_deck":["Dual Wield","Leap","Slice","Blade Dance","Body Slam","Quick Slash","Hologram","Crippling Poison+1","Stack","Streamline","Clash","Deflect","Conserve Battery","Poisoned Stab","Terror","Body Slam","Clash","Pommel Strike+1","Beam Cell","Hologram","Deadly Poison","Dagger Spray","Acrobatics","Infinite Blades","Chaos","Flechettes","Dash","Glacier","Compile Driver","Havoc","Backflip","Anger","Corruption","Compile Driver","Heel Hook","Auto Shields","Conserve Battery","Conserve Battery","Cold Snap","Hologram+1","Warcry","Flex","Body Slam","Clothesline","Blade Dance","Slice","Auto Shields","Slice","Shrug It Off","Auto Shields","Flying Knee","Carnage","Self Repair","Adrenaline","Reaper","Prepared+1","Steam+1","Scrape+1","A Thousand Cuts","Backflip+1","Blur","Venomology","Sentinel+1","The Bomb","Blade Dance","Expertise","Flame Barrier","Compile Driver+1","Shrug It Off","Seek","Backflip","Metamorphosis+1","Scrape+1"],"special_seed":17975,"relics":["Ring of the Snake","Du-Vu Doll","Smiling Mask","War Paint","Ornamental Fan","Happy Flower","Philosopher\u0027s Stone","Enchiridion","Lantern","Bottled Tornado","Potion Belt","Art of War","WristBlade","Prayer Wheel","Red Mask","Old Coin","Molten Egg 2","Mercury Hourglass","Unceasing Top"],"potions_floor_usage":[33,33,37,38,40,40,41,42,44,50,50,50,50,50],"damage_taken":[{"damage":0.0,"enemies":"2 Louse","floor":1.0,"turns":3.0},{"damage":7.0,"enemies":"Jaw Worm","floor":2.0,"turns":3.0},{"damage":0.0,"enemies":"Cultist","floor":4.0,"turns":3.0},{"damage":0.0,"enemies":"Exordium Thugs","floor":5.0,"turns":4.0},{"damage":13.0,"enemies":"3 Sentries","floor":6.0,"turns":5.0},{"damage":3.0,"enemies":"Large Slime","floor":7.0,"turns":4.0},{"damage":10.0,"enemies":"Lagavulin","floor":8.0,"turns":4.0},{"damage":0,"enemies":"Exordium Wildlife","floor":12,"turns":4},{"damage":0,"enemies":"Looter","floor":14,"turns":2},{"damage":0,"enemies":"Slime Boss","floor":16,"turns":8},{"damage":0,"enemies":"Spheric Guardian","floor":18,"turns":3},{"damage":0,"enemies":"Shell Parasite","floor":19,"turns":4},{"damage":10,"enemies":"Snecko","floor":21,"turns":7},{"damage":0,"enemies":"Chosen and Byrds","floor":24,"turns":6},{"damage":17,"enemies":"Gremlin Leader","floor":27,"turns":6},{"damage":10,"enemies":"Centurion and Healer","floor":28,"turns":5},{"damage":12,"enemies":"Shelled Parasite and Fungi","floor":29,"turns":3},{"damage":2,"enemies":"3 Cultists","floor":30,"turns":5},{"damage":18,"enemies":"Book of Stabbing","floor":31,"turns":4},{"damage":40,"enemies":"Champ","floor":33,"turns":9},{"damage":0,"enemies":"3 Darklings","floor":35,"turns":5},{"damage":0,"enemies":"3 Shapes","floor":37,"turns":2},{"damage":1,"enemies":"2 Orb Walkers","floor":38,"turns":5},{"damage":0,"enemies":"Giant Head","floor":40,"turns":6},{"damage":0,"enemies":"Sphere and 2 Shapes","floor":41,"turns":1},{"damage":0,"enemies":"Writhing Mass","floor":42,"turns":4},{"damage":0,"enemies":"Maw","floor":44,"turns":2},{"damage":4,"enemies":"Nemesis","floor":46,"turns":6},{"damage":0,"enemies":"4 Shapes","floor":48,"turns":2},{"damage":3,"enemies":"Awakened One","floor":50,"turns":3}],"seed_played":"2839819356392919944","potions_obtained":[{"floor":1.0,"key":"Block Potion"},{"floor":6.0,"key":"SpeedPotion"},{"floor":8.0,"key":"GamblersBrew"},{"floor":27,"key":"Regen Potion"},{"floor":29,"key":"Explosive Potion"},{"floor":37,"key":"Dexterity Potion"},{"floor":41,"key":"Dexterity Potion"},{"floor":46,"key":"Strength Potion"}],"is_trial":false,"path_per_floor":["M","M","?","M","M","E","M","E","T","?","$","M","$","M","R","B",null,"M","M","?","M","$","?","M","$","T","E","M","M","M","E","R","B",null,"M","$","M","?","?","E","M","M","T","M","$","E","?","M","R","B",null],"character_chosen":"THE_SILENT","items_purchased":["Happy Flower","Self Repair","Lantern","The Bomb","Blade Dance","Swift Potion","Backflip","Mercury Hourglass"],"campfire_rested":1,"item_purchase_floors":[11,13,22,36,36,36,45,45],"current_hp_per_floor":[70,63,63,63,63,50,47,37,37,37,37,37,37,44,65,65,65,65,65,49,50,50,65,65,65,65,59,60,55,60,49,49,31,65,65,65,65,64,64,65,65,65,65,65,65,65,65,65,65,65],"gold":94,"neow_bonus":"","is_prod":false,"is_daily":true,"chose_seed":false,"campfire_upgraded":2,"win_rate":0,"timestamp":1568153474,"path_taken":["M","M","?","M","M","E","M","E","T","?","?","M","$","?","R","BOSS","M","M","?","M","$","?","M","?","T","E","M","M","M","E","R","BOSS","M","$","M","?","?","E","M","M","T","M","$","E","?","M","R","BOSS"],"build_version":"2019-07-17","purchased_purges":2,"victory":true,"max_hp_per_floor":[70,70,70,70,70,70,70,70,70,70,70,70,70,70,65,65,65,65,65,65,65,65,65,65,65,65,65,65,65,65,65,65,65,65,65,65,65,65,65,65,65,65,65,65,65,65,65,65,65,65],"card_choices":[{"not_picked":["Redo","True Grit","Perfected Strike"],"picked":"SKIP","floor":1.0},{"not_picked":["Expertise","Sweeping Beam"],"picked":"Slice","floor":2.0},{"not_picked":["Hologram","Clothesline"],"picked":"Shrug It Off","floor":4.0},{"not_picked":["Cleave","Deadly Poison"],"picked":"Auto Shields","floor":5.0},{"not_picked":["Gash","Second Wind"],"picked":"Flying Knee","floor":6.0},{"not_picked":["Acrobatics","Dagger Spray","Thunderclap"],"picked":"SKIP","floor":7.0},{"not_picked":["Bouncing Flask","Flex"],"picked":"Carnage","floor":8.0},{"not_picked":["Cleave","Gash","Whirlwind"],"picked":"SKIP","floor":12},{"not_picked":["Hemokinesis","Blur"],"picked":"Adrenaline","floor":14},{"not_picked":["Machine Learning","Impervious"],"picked":"Reaper","floor":16},{"not_picked":["Turbo","Second Wind+1"],"picked":"Prepared+1","floor":18},{"not_picked":["Entrench","Go for the Eyes","Backflip"],"picked":"SKIP","floor":19},{"not_picked":["Dagger Throw","Conserve Battery"],"picked":"Steam+1","floor":21},{"not_picked":["Steam","Rebound+1","Power Through"],"picked":"SKIP","floor":24},{"not_picked":["Outmaneuver","Intimidate"],"picked":"Scrape+1","floor":27},{"not_picked":["Hello World","Acrobatics"],"picked":"A Thousand Cuts","floor":28},{"not_picked":["Dagger Throw","Dash","Blade Dance"],"picked":"SKIP","floor":29},{"not_picked":["Doom and Gloom","Dropkick"],"picked":"Backflip+1","floor":30},{"not_picked":["Poisoned Stab+1","Cold Snap"],"picked":"Blur","floor":31},{"not_picked":["Bullet Time","Doppelganger"],"picked":"Venomology","floor":33},{"not_picked":["Ball Lightning","Reflex"],"picked":"Sentinel+1","floor":35},{"not_picked":["Entrench+1","Seeing Red+1"],"picked":"Expertise","floor":37},{"not_picked":["Bouncing Flask","Headbutt","Perfected Strike"],"picked":"SKIP","floor":40},{"not_picked":["Limit Break","Reckless Charge"],"picked":"Flame Barrier","floor":41},{"not_picked":["Stack+1","Deadly Poison+1"],"picked":"Compile Driver+1","floor":41},{"not_picked":["Dagger Spray","Glacier"],"picked":"Shrug It Off","floor":42},{"not_picked":["Deadly Poison+1","Heatsinks","Bane+1"],"picked":"SKIP","floor":42},{"not_picked":["Anger+1","Bane+1"],"picked":"Seek","floor":44},{"not_picked":["Carnage+1","Wild Strike+1","Disarm+1"],"picked":"SKIP","floor":44},{"not_picked":["Dodge and Roll","Bouncing Flask","Reckless Charge+1"],"picked":"SKIP","floor":46},{"not_picked":["Dark Shackles","Finesse"],"picked":"Metamorphosis","floor":47},{"not_picked":["Conserve Battery+1","Cleave+1"],"picked":"Scrape+1","floor":48},{"not_picked":["PiercingWail+1","Flex+1","Anger+1"],"picked":"SKIP","floor":48}],"player_experience":134834,"relics_obtained":[{"floor":6.0,"key":"Du-Vu Doll"},{"floor":8.0,"key":"Smiling Mask"},{"floor":9.0,"key":"War Paint"},{"floor":20,"key":"Enchiridion"},{"floor":26,"key":"Bottled Tornado"},{"floor":27,"key":"Potion Belt"},{"floor":31,"key":"Art of War"},{"floor":38,"key":"Prayer Wheel"},{"floor":40,"key":"Old Coin"},{"floor":43,"key":"Molten Egg 2"},{"floor":46,"key":"Unceasing Top"}],"event_choices":[{"cards_removed":["Catalyst"],"damage_healed":0.0,"max_hp_gain":0.0,"max_hp_loss":0.0,"gold_gain":0.0,"event_name":"The Cleric","player_choice":"Card Removal","floor":3.0,"gold_loss":50.0,"damage_taken":0.0},{"damage_healed":0.0,"max_hp_gain":0.0,"max_hp_loss":0.0,"gold_gain":0.0,"event_name":"Dead Adventurer","player_choice":"Searched \u00271\u0027 times","floor":10.0,"gold_loss":0.0,"damage_taken":0.0,"relics_obtained":["Ornamental Fan"]},{"damage_healed":0,"gold_gain":0,"player_choice":"Obtained Book","damage_taken":16,"max_hp_gain":0,"max_hp_loss":0,"event_name":"Cursed Tome","floor":20,"gold_loss":0},{"damage_healed":21,"gold_gain":0,"player_choice":"Heal","damage_taken":0,"max_hp_gain":0,"max_hp_loss":0,"event_name":"The Library","floor":23,"gold_loss":0},{"damage_healed":0,"gold_gain":0,"player_choice":"Fight","damage_taken":0,"max_hp_gain":0,"max_hp_loss":0,"event_name":"Mysterious Sphere","floor":38,"gold_loss":0},{"damage_healed":0,"gold_gain":0,"player_choice":"Paid","damage_taken":0,"relics_obtained":["Red Mask"],"max_hp_gain":0,"max_hp_loss":0,"event_name":"Tomb of Lord Red Mask","floor":39,"gold_loss":45},{"damage_healed":0,"gold_gain":0,"player_choice":"Memory 1","damage_taken":0,"max_hp_gain":0,"max_hp_loss":0,"event_name":"SensoryStone","floor":47,"gold_loss":0}],"is_beta":false,"boss_relics":[{"not_picked":["Velvet Choker","Runic Pyramid"],"picked":"Philosopher\u0027s Stone"},{"not_picked":["Eternal Feather","Sozu"],"picked":"WristBlade"}],"items_purged_floors":[36,45],"is_endless":false,"potions_floor_spawned":[1,6,8,12,24,27,29,30,37,41,46],"ascension_level":0}