{"gold_per_floor":[113,113,164,164,174,174,174,174,174,207,207,218,58,68,68,142,142,159,170,170,181,194,194,119,119,144,174,194,212,43,53,53,130,130,144,163,216,234,234,234,234,253,324,343,52,71,71,83,83,83],"floor_reached":50,"playtime":4752,"items_purged":[],"score":885,"play_id":"18040f45-f762-4523-bd15-f9876779474d","local_time":"20190214012123","is_ascension_mode":true,"campfire_choices":[{"data":"Armaments","floor":6,"key":"SMITH"},{"data":"Clothesline","floor":8,"key":"SMITH"},{"data":"Bash","floor":11,"key":"SMITH"},{"data":"Havoc","floor":15,"key":"SMITH"},{"data":"Rage","floor":23,"key":"SMITH"},{"floor":25,"key":"REST"},{"data":"Double Tap","floor":32,"key":"SMITH"},{"data":"Inflame","floor":40,"key":"SMITH"},{"data":"Metallicize","floor":47,"key":"SMITH"},{"floor":49,"key":"REST"}],"neow_cost":"NONE","seed_source_timestamp":31019144113863,"circlet_count":0,"master_deck":["AscendersBane","Strike_R","Strike_R","Defend_R","Defend_R","Defend_R+1","Defend_R","Bash+1","Uppercut+1","Armaments+1","Clothesline+1","Battle Trance","Havoc+1","Reaper","Inflame+1","Immolate","Pummel","Rage+1","Shrug It Off","Infernal Blade+1","Double Tap+1","Exhume","Madness","Madness","Metallicize+1","True Grit","Second Wind","Dropkick","Dark Embrace+1"],"relics":["Burning Blood","Bottled Flame","Meat on the Bone","Philosopher\u0027s Stone","Bronze Scales","Happy Flower","Mark of Pain","Unceasing Top","Frozen Egg 2","Bag of Marbles"],"potions_floor_usage":[16,19,27,27,33,35,37,37,44],"damage_taken":[{"damage":4,"enemies":"Jaw Worm","floor":1,"turns":4},{"damage":7,"enemies":"2 Louse","floor":5,"turns":4},{"damage":24,"enemies":"3 Sentries","floor":10,"turns":12},{"damage":0,"enemies":"Cultist","floor":12,"turns":3},{"damage":18,"enemies":"Exordium Wildlife","floor":14,"turns":5},{"damage":45,"enemies":"Hexaghost","floor":16,"turns":15},{"damage":63,"enemies":"3 Byrds","floor":18,"turns":5},{"damage":11,"enemies":"Shell Parasite","floor":19,"turns":2},{"damage":0,"enemies":"3 Cultists","floor":21,"turns":4},{"damage":44,"enemies":"Shelled Parasite and Fungi","floor":22,"turns":5},{"damage":6,"enemies":"Gremlin Leader","floor":27,"turns":4},{"damage":8,"enemies":"Snake Plant","floor":28,"turns":2},{"damage":0,"enemies":"Sentry and Sphere","floor":29,"turns":3},{"damage":0,"enemies":"Centurion and Healer","floor":31,"turns":5},{"damage":49,"enemies":"Automaton","floor":33,"turns":8},{"damage":13,"enemies":"Orb Walker","floor":35,"turns":3},{"damage":14,"enemies":"3 Shapes","floor":36,"turns":4},{"damage":5,"enemies":"2 Orb Walkers","floor":37,"turns":3},{"damage":18,"enemies":"3 Darklings","floor":38,"turns":5},{"damage":39,"enemies":"Writhing Mass","floor":42,"turns":7},{"damage":41,"enemies":"Transient","floor":44,"turns":6},{"damage":46,"enemies":"3 Darklings","floor":46,"turns":6},{"damage":7,"enemies":"Jaw Worm Horde","floor":48,"turns":3},{"damage":63,"enemies":"Time Eater","floor":50,"turns":9}],"seed_played":"2879538175628209302","potions_obtained":[{"floor":12,"key":"BloodPotion"},{"floor":18,"key":"Energy Potion"},{"floor":19,"key":"Strength Potion"},{"floor":22,"key":"Regen Potion"},{"floor":29,"key":"PowerPotion"},{"floor":31,"key":"Fire Potion"},{"floor":33,"key":"SteroidPotion"},{"floor":36,"key":"SneckoOil"},{"floor":37,"key":"Fire Potion"},{"floor":48,"key":"SmokeBomb"}],"is_trial":false,"path_per_floor":["M","?","?","?","M","R","?","R","T","E","R","M","$","M","R","B",null,"M","M","?","M","M","R","?","R","T","E","M","M","$","M","R","B",null,"M","M","?","M","?","R","?","M","T","M","$","M","R","M","R","B"],"character_chosen":"IRONCLAD","items_purchased":["Reaper","Double Tap","Bag of Marbles","Second Wind","Dropkick"],"campfire_rested":2,"item_purchase_floors":[13,30,45,45,45],"current_hp_per_floor":[70,47,47,47,46,46,46,46,46,28,28,46,46,44,44,33,65,20,27,42,48,22,22,22,44,44,68,66,72,72,75,75,45,68,75,67,75,70,56,56,56,35,35,22,22,24,24,35,57,0],"gold":83,"neow_bonus":"TRANSFORM_CARD","is_prod":false,"is_daily":false,"chose_seed":false,"campfire_upgraded":8,"win_rate":0,"timestamp":1550136083,"path_taken":["M","?","?","?","?","R","?","R","T","E","R","M","$","?","R","BOSS","M","M","?","M","M","R","?","R","T","E","M","M","$","M","R","BOSS","M","M","?","M","?","R","?","M","T","M","$","M","R","M","R","BOSS"],"build_version":"2019-01-23","purchased_purges":0,"victory":false,"max_hp_per_floor":[75,75,75,75,75,75,75,75,75,75,75,75,75,75,75,75,75,75,75,75,75,75,75,75,75,75,75,75,75,75,75,75,75,75,75,75,75,75,75,75,75,75,75,75,75,75,75,75,75,75],"card_choices":[{"not_picked":["Heavy Blade","Twin Strike"],"picked":"Armaments","floor":1},{"not_picked":["Fire Breathing","Inflame"],"picked":"Clothesline","floor":5},{"not_picked":["Fire Breathing","Spot Weakness"],"picked":"Battle Trance","floor":10},{"not_picked":["Warcry","Whirlwind"],"picked":"Havoc","floor":12},{"not_picked":["Second Wind","Power Through"],"picked":"Inflame","floor":14},{"not_picked":["Dark Embrace","Bludgeon"],"picked":"Immolate","floor":16},{"not_picked":["Sword Boomerang","Armaments"],"picked":"Pummel","floor":18},{"not_picked":["Armaments","Rupture"],"picked":"Rage","floor":19},{"not_picked":["Rampage","Thunderclap","Pommel Strike"],"picked":"SKIP","floor":21},{"not_picked":["Thunderclap","Warcry"],"picked":"Shrug It Off","floor":22},{"not_picked":["Fiend Fire","Sentinel"],"picked":"Infernal Blade+1","floor":27},{"not_picked":["Wild Strike","Clothesline+1"],"picked":"Iron Wave","floor":28},{"not_picked":["Clothesline","Pommel Strike","Sever Soul"],"picked":"SKIP","floor":29},{"not_picked":["Shockwave","Sword Boomerang","Brutality"],"picked":"SKIP","floor":31},{"not_picked":["Berserk","Brutality"],"picked":"Exhume","floor":33},{"not_picked":["Headbutt","Rampage+1","Searing Blow"],"picked":"SKIP","floor":35},{"not_picked":["Havoc","Twin Strike+1","Perfected Strike"],"picked":"SKIP","floor":36},{"not_picked":["Warcry+1","Twin Strike","Headbutt"],"picked":"SKIP","floor":38},{"not_picked":["Fire Breathing","Perfected Strike+1"],"picked":"Metallicize","floor":42},{"not_picked":["Spot Weakness","Body Slam+1"],"picked":"True Grit","floor":44},{"not_picked":["Perfected Strike","Uppercut","Warcry"],"picked":"SKIP","floor":46},{"not_picked":["Clothesline","Heavy Blade"],"picked":"Dark Embrace+1","floor":48}],"player_experience":617075,"relics_obtained":[{"floor":9,"key":"Bottled Flame"},{"floor":10,"key":"Meat on the Bone"},{"floor":26,"key":"Bronze Scales"},{"floor":27,"key":"Happy Flower"},{"floor":37,"key":"Unceasing Top"},{"floor":43,"key":"Frozen Egg 2"}],"event_choices":[{"damage_healed":0,"gold_gain":0,"player_choice":"Entered Light","damage_taken":23,"max_hp_gain":0,"max_hp_loss":0,"event_name":"Shining Light","floor":2,"gold_loss":0,"cards_upgraded":["Defend_R","Uppercut"]},{"damage_healed":0,"gold_gain":51,"player_choice":"Gained Gold","damage_taken":0,"max_hp_gain":0,"max_hp_loss":0,"event_name":"Golden Wing","floor":3,"gold_loss":0},{"cards_removed":["Strike_R"],"damage_healed":0,"gold_gain":0,"player_choice":"Card Removal","damage_taken":0,"max_hp_gain":0,"max_hp_loss":0,"event_name":"Wheel of Change","floor":4,"gold_loss":0},{"damage_healed":0,"gold_gain":0,"player_choice":"0 cards matched","damage_taken":0,"max_hp_gain":0,"max_hp_loss":0,"event_name":"Match and Keep!","floor":7,"gold_loss":0,"cards_obtained":[]},{"damage_healed":15,"gold_gain":0,"player_choice":"Heal","damage_taken":0,"max_hp_gain":0,"max_hp_loss":0,"event_name":"The Library","floor":20,"gold_loss":0},{"cards_removed":["Strike_R"],"damage_healed":0,"gold_gain":0,"player_choice":"Gave Gold","damage_taken":0,"max_hp_gain":0,"max_hp_loss":0,"event_name":"Beggar","floor":24,"gold_loss":75},{"damage_healed":0,"gold_gain":0,"player_choice":"Fight","damage_taken":0,"max_hp_gain":0,"max_hp_loss":0,"event_name":"Mysterious Sphere","floor":37,"gold_loss":0},{"damage_healed":0,"gold_gain":0,"player_choice":"Embrace Madness","damage_taken":14,"max_hp_gain":0,"max_hp_loss":0,"event_name":"Winding Halls","floor":39,"gold_loss":0,"cards_obtained":["Madness","Madness"]},{"cards_removed":["Iron Wave"],"damage_healed":0,"gold_gain":0,"player_choice":"Removed Attack","damage_taken":0,"max_hp_gain":0,"max_hp_loss":0,"event_name":"Falling","floor":41,"gold_loss":0}],"is_beta":false,"boss_relics":[{"not_picked":["Cursed Key","Black Blood"],"picked":"Philosopher\u0027s Stone"},{"not_picked":["Snecko Eye","Orrery"],"picked":"Mark of Pain"}],"items_purged_floors":[],"is_endless":false,"potions_floor_spawned":[12,18,19,22,29,31,33,36,37,48],"killed_by":"Time Eater","ascension_level":18}