{"gold_per_floor":[116,136,211,211,211,221,221,56,129,129,147,182,16,27,27,130,130,140,152,152,166,15,15,26,26,26,26,26,45,56,73,73,174,174,186,197,216,0,15,15,48,48,48,64,76,76,76,96,96,96],"floor_reached":50,"playtime":5665,"items_purged":[],"score":741,"play_id":"e49e6f93-b9b4-44c1-9451-0985082d4df2","local_time":"20190207000045","is_ascension_mode":true,"campfire_choices":[{"data":"Zap","floor":7,"key":"SMITH"},{"data":"Coolheaded","floor":10,"key":"SMITH"},{"floor":15,"key":"REST"},{"floor":23,"key":"REST"},{"data":"Forethought","floor":25,"key":"SMITH"},{"floor":27,"key":"REST"},{"floor":32,"key":"REST"},{"floor":40,"key":"REST"},{"data":"Amplify","floor":42,"key":"SMITH"},{"floor":46,"key":"REST"},{"floor":49,"key":"REST"}],"neow_cost":"NONE","seed_source_timestamp":331571962330523,"circlet_count":0,"master_deck":["AscendersBane","Strike_B","Strike_B","Defend_B","Defend_B","Defend_B","Defend_B","Zap+1","Dualcast","Amplify+1","Sweeping Beam","Auto Shields","Reprogram","Echo Form+1","Coolheaded+1","Static Discharge+1","Defragment+1","Forethought+1","Cold Snap","Multi-Cast","Chaos+1","Static Discharge+1","Buffer+1","Glacier","Biased Cognition+1","Core Surge","Melter+1","Capacitor+1","Leap+1"],"relics":["Cracked Core","Frozen Egg 2","Cables","Torii","Runic Pyramid","Happy Flower","Singing Bowl","Busted Crown","PreservedInsect","Dream Catcher","DataDisk"],"potions_floor_usage":[12,12,16,24,29,31,31,36,37,41],"damage_taken":[{"damage":5,"enemies":"Small Slimes","floor":1,"turns":2},{"damage":2,"enemies":"2 Louse","floor":2,"turns":3},{"damage":2,"enemies":"Jaw Worm","floor":6,"turns":3},{"damage":7,"enemies":"Blue Slaver","floor":11,"turns":4},{"damage":29,"enemies":"Gremlin Nob","floor":12,"turns":4},{"damage":21,"enemies":"Exordium Thugs","floor":14,"turns":4},{"damage":1,"enemies":"Hexaghost","floor":16,"turns":8},{"damage":10,"enemies":"Chosen","floor":18,"turns":4},{"damage":28,"enemies":"Shell Parasite","floor":19,"turns":3},{"damage":11,"enemies":"Snecko","floor":21,"turns":4},{"damage":9,"enemies":"Sentry and Sphere","floor":24,"turns":5},{"damage":6,"enemies":"Shelled Parasite and Fungi","floor":29,"turns":6},{"damage":23,"enemies":"Snake Plant","floor":30,"turns":2},{"damage":1,"enemies":"Sentry and Sphere","floor":31,"turns":5},{"damage":10,"enemies":"Automaton","floor":33,"turns":10},{"damage":25,"enemies":"Orb Walker","floor":35,"turns":3},{"damage":29,"enemies":"3 Darklings","floor":36,"turns":4},{"damage":0,"enemies":"Transient","floor":37,"turns":5},{"damage":0,"enemies":"Sphere and 2 Shapes","floor":39,"turns":3},{"damage":1,"enemies":"Nemesis","floor":41,"turns":7},{"damage":14,"enemies":"3 Darklings","floor":44,"turns":5},{"damage":10,"enemies":"Jaw Worm Horde","floor":45,"turns":8},{"damage":0,"enemies":"Maw","floor":48,"turns":7},{"damage":77,"enemies":"Awakened One","floor":50,"turns":2}],"seed_played":"1961819259843414581","potions_obtained":[{"floor":1,"key":"SteroidPotion"},{"floor":11,"key":"Regen Potion"},{"floor":12,"key":"Swift Potion"},{"floor":16,"key":"Strength Potion"},{"floor":19,"key":"Dexterity Potion"},{"floor":24,"key":"Swift Potion"},{"floor":30,"key":"SneckoOil"},{"floor":35,"key":"AttackPotion"},{"floor":36,"key":"AttackPotion"},{"floor":37,"key":"Strength Potion"}],"is_trial":false,"path_per_floor":["M","M","?","?","T","M","R","$","T","R","M","E","$","M","R","B",null,"M","M","?","M","$","R","M","R","T","R","?","M","M","M","R","B",null,"M","M","M","$","M","R","E","R","T","M","M","R","?","M","R","B"],"character_chosen":"DEFECT","items_purchased":["Echo Form+1","Coolheaded","Defragment+1","Forethought","Happy Flower","PreservedInsect","Capacitor+1"],"campfire_rested":7,"item_purchase_floors":[8,8,13,13,22,38,38],"current_hp_per_floor":[63,61,50,50,50,48,48,48,48,48,41,24,24,3,25,24,62,52,24,24,13,13,35,26,26,26,48,41,37,14,13,36,26,64,39,12,14,14,16,40,39,39,39,27,19,47,47,49,77,0],"gold":96,"neow_bonus":"ONE_RANDOM_RARE_CARD","is_prod":false,"is_daily":false,"chose_seed":false,"campfire_upgraded":4,"win_rate":0,"timestamp":1549526445,"path_taken":["M","M","?","?","?","M","R","?","T","R","M","E","$","?","R","BOSS","M","M","?","?","$","R","M","R","T","R","?","M","M","?","R","BOSS","M","M","M","$","M","R","E","R","T","M","?","R","?","M","R","BOSS"],"build_version":"2019-01-23","purchased_purges":0,"victory":false,"max_hp_per_floor":[75,75,75,75,75,75,75,75,75,75,75,75,75,75,75,75,75,75,75,75,75,75,75,75,75,75,75,75,77,77,77,77,77,77,77,79,81,81,83,83,83,83,83,85,87,89,85,87,89,89],"card_choices":[{"not_picked":["Rip and Tear","Coolheaded"],"picked":"Sweeping Beam","floor":1},{"not_picked":["Barrage","Compile Driver"],"picked":"Auto Shields","floor":2},{"not_picked":["Sunder","Blizzard","FTL"],"picked":"SKIP","floor":6},{"not_picked":["Tempest","Compile Driver","FTL"],"picked":"SKIP","floor":11},{"not_picked":["FTL","Self Repair+1"],"picked":"Static Discharge+1","floor":12},{"not_picked":["Hyperbeam","Barrage"],"picked":"Cold Snap","floor":14},{"not_picked":["All For One","Hyperbeam"],"picked":"Multi-Cast","floor":16},{"not_picked":["Ball Lightning","Cold Snap"],"picked":"Chaos+1","floor":18},{"not_picked":["Cold Snap","Redo+1"],"picked":"Static Discharge+1","floor":19},{"not_picked":["Hologram","Compile Driver+1"],"picked":"Buffer+1","floor":21},{"not_picked":["Stack+1","Conserve Battery","Ball Lightning"],"picked":"SKIP","floor":24},{"not_picked":["Cold Snap","Steam","Genetic Algorithm"],"picked":"Singing Bowl","floor":29},{"not_picked":["Sweeping Beam","Stack+1"],"picked":"Glacier","floor":30},{"not_picked":["Redo","Sweeping Beam+1"],"picked":"Biased Cognition+1","floor":31},{"not_picked":["Fission","Thunder Strike"],"picked":"Core Surge","floor":33},{"not_picked":[],"picked":"Melter+1","floor":35},{"not_picked":["Blizzard"],"picked":"Singing Bowl","floor":36},{"not_picked":["Reinforced Body"],"picked":"Singing Bowl","floor":37},{"not_picked":["Gash"],"picked":"Singing Bowl","floor":39},{"not_picked":[],"picked":"Leap+1","floor":41},{"not_picked":["Hologram+1"],"picked":"Singing Bowl","floor":44},{"not_picked":["Sweeping Beam+1"],"picked":"Singing Bowl","floor":45},{"not_picked":["Coolheaded"],"picked":"Singing Bowl","floor":46},{"not_picked":["Leap"],"picked":"Singing Bowl","floor":48},{"not_picked":["Gash"],"picked":"Singing Bowl","floor":49}],"player_experience":561410,"relics_obtained":[{"floor":5,"key":"Frozen Egg 2"},{"floor":9,"key":"Cables"},{"floor":12,"key":"Torii"},{"floor":26,"key":"Singing Bowl"},{"floor":41,"key":"Dream Catcher"},{"floor":43,"key":"DataDisk"}],"event_choices":[{"damage_healed":0,"gold_gain":75,"player_choice":"Gather Gold","damage_taken":11,"max_hp_gain":0,"max_hp_loss":0,"event_name":"World of Goop","floor":3,"gold_loss":0},{"damage_healed":0,"gold_gain":0,"cards_transformed":["Strike_B"],"player_choice":"Change","damage_taken":0,"max_hp_gain":0,"max_hp_loss":0,"event_name":"Living Wall","floor":4,"gold_loss":0,"cards_obtained":["Reprogram"]},{"cards_removed":["Strike_B"],"damage_healed":0,"gold_gain":0,"player_choice":"Purged","damage_taken":0,"max_hp_gain":0,"max_hp_loss":0,"event_name":"Purifier","floor":20,"gold_loss":0},{"damage_healed":0,"gold_gain":0,"player_choice":"","damage_taken":7,"max_hp_gain":0,"max_hp_loss":0,"event_name":"Knowing Skull","floor":28,"potions_obtained":[],"gold_loss":0,"cards_obtained":[]},{"damage_healed":0,"gold_gain":0,"player_choice":"Max HP","damage_taken":0,"max_hp_gain":0,"max_hp_loss":4,"event_name":"Winding Halls","floor":47,"gold_loss":0}],"is_beta":false,"boss_relics":[{"not_picked":["Black Star","Runic Dome"],"picked":"Runic Pyramid"},{"not_picked":["White Beast Statue","Pandora\u0027s Box"],"picked":"Busted Crown"}],"items_purged_floors":[],"is_endless":false,"potions_floor_spawned":[1,11,12,16,19,24,30,35,36,37],"killed_by":"Awakened One","ascension_level":11}