{"gold_per_floor":[15,28,28,28,44,44,73,87,111,111,145,3,13,13,13,86,86,99,119,119,119,119,119,152,152,204,204,204,218,244,261,261,335,335,349,349,349,349,1348,1348,1374,1264,1264,228,228,243,257,276,276,276],"floor_reached":50,"playtime":2891,"items_purged":["Normality"],"score":1004,"play_id":"5fdc5214-9b33-48b3-bdf4-b9270b44b949","local_time":"20190328143800","is_ascension_mode":true,"campfire_choices":[{"data":"Static Discharge","floor":6,"key":"SMITH"},{"floor":10,"key":"REST"},{"floor":15,"key":"REST"},{"data":"Loop","floor":23,"key":"SMITH"},{"data":"Thunder Strike","floor":25,"key":"SMITH"},{"data":"Creative AI","floor":28,"key":"SMITH"},{"floor":32,"key":"REST"},{"floor":40,"key":"REST"},{"floor":45,"key":"REST"},{"floor":49,"key":"REST"}],"neow_cost":"NO_GOLD","seed_source_timestamp":220288558135437,"circlet_count":0,"master_deck":["AscendersBane","Defend_B","Defend_B","Defend_B","Defend_B","Zap","Dualcast","Static Discharge+1","Leap","Steam","Beam Cell+1","Ball Lightning","Genetic Algorithm","Capacitor","Darkness","Thunder Strike+1","Loop+1","Cold Snap","Compile Driver","Creative AI+1","Capacitor","Static Discharge+1","Leap+1","Rainbow","Self Repair","Panacea","Magnetism","Echo Form","Coolheaded","White Noise"],"relics":["Cracked Core","Emotion Chip","Vajra","Spirit Poop","Centennial Puzzle","DataDisk","Juzu Bracelet","Velvet Choker","Question Card","Lantern","PreservedInsect","Philosopher\u0027s Stone","Bottled Flame","Bottled Lightning","Bag of Marbles","Potion Belt"],"potions_floor_usage":[8,11,16,16,24,33,35,41,46,48,48],"damage_taken":[{"damage":1,"enemies":"Cultist","floor":1,"turns":3},{"damage":9,"enemies":"2 Louse","floor":2,"turns":3},{"damage":4,"enemies":"Small Slimes","floor":5,"turns":3},{"damage":32,"enemies":"Gremlin Nob","floor":7,"turns":4},{"damage":2,"enemies":"Exordium Thugs","floor":8,"turns":4},{"damage":7,"enemies":"Lagavulin","floor":11,"turns":4},{"damage":2,"enemies":"Looter","floor":13,"turns":2},{"damage":28,"enemies":"Slime Boss","floor":16,"turns":4},{"damage":5,"enemies":"Spheric Guardian","floor":18,"turns":3},{"damage":24,"enemies":"Chosen","floor":19,"turns":4},{"damage":16,"enemies":"Gremlin Leader","floor":24,"turns":5},{"damage":13,"enemies":"Snake Plant","floor":29,"turns":3},{"damage":21,"enemies":"Book of Stabbing","floor":30,"turns":2},{"damage":18,"enemies":"Centurion and Healer","floor":31,"turns":3},{"damage":20,"enemies":"Champ","floor":33,"turns":8},{"damage":54,"enemies":"3 Darklings","floor":35,"turns":4},{"damage":6,"enemies":"Nemesis","floor":41,"turns":7},{"damage":6,"enemies":"Orb Walker","floor":46,"turns":4},{"damage":17,"enemies":"Writhing Mass","floor":47,"turns":4},{"damage":22,"enemies":"Jaw Worm Horde","floor":48,"turns":4},{"damage":46,"enemies":"Time Eater","floor":50,"turns":3}],"seed_played":"7408051202615963866","potions_obtained":[{"floor":1,"key":"SpeedPotion"},{"floor":7,"key":"Block Potion"},{"floor":11,"key":"FearPotion"},{"floor":13,"key":"EssenceOfSteel"},{"floor":18,"key":"Fire Potion"},{"floor":19,"key":"PowerPotion"},{"floor":24,"key":"FocusPotion"},{"floor":35,"key":"Weak Potion"},{"floor":41,"key":"Explosive Potion"}],"is_trial":false,"path_per_floor":["M","M","?","?","M","R","E","M","T","R","E","$","M","?","R","B",null,"M","M","?","?","?","R","E","R","T","?","R","M","E","M","R","B",null,"M","?","?","?","?","R","E","?","T","$","R","M","M","M","R","B"],"character_chosen":"DEFECT","items_purchased":["Capacitor","Strength Potion","Bag of Marbles","Panacea","Potion Belt","Magnetism","Echo Form","Explosive Potion","Weak Potion","Coolheaded"],"campfire_rested":6,"item_purchase_floors":[12,12,44,44,44,44,44,44,44,44],"current_hp_per_floor":[63,54,54,54,50,50,18,16,16,37,30,30,28,28,49,21,59,54,30,30,30,30,30,14,14,14,71,71,58,37,19,40,20,58,4,4,4,4,4,25,26,26,26,26,47,48,38,16,37,0],"gold":276,"neow_bonus":"ONE_RARE_RELIC","is_prod":false,"is_daily":false,"chose_seed":false,"campfire_upgraded":4,"win_rate":0,"timestamp":1553809080,"path_taken":["M","M","?","?","M","R","E","M","T","R","E","$","M","?","R","BOSS","M","M","?","?","?","R","E","R","T","?","R","M","E","M","R","BOSS","M","?","?","?","?","R","E","?","T","$","R","M","M","M","R","BOSS"],"build_version":"2019-01-23","purchased_purges":1,"victory":false,"max_hp_per_floor":[71,71,71,71,71,71,71,71,71,71,71,71,71,71,71,71,71,71,71,71,71,71,71,71,71,71,71,71,71,71,71,71,71,71,71,71,71,71,71,71,71,71,71,71,71,71,71,71,71,71],"card_choices":[{"not_picked":["Rebound","Streamline"],"picked":"Static Discharge","floor":1},{"not_picked":["Darkness","Stack"],"picked":"Leap","floor":2},{"not_picked":["Storm","Turbo"],"picked":"Steam","floor":5},{"not_picked":["Steam Power","Reprogram"],"picked":"Beam Cell","floor":7},{"not_picked":["Conserve Battery","Compile Driver"],"picked":"Ball Lightning","floor":8},{"not_picked":["Turbo","Darkness"],"picked":"Genetic Algorithm","floor":11},{"not_picked":["Sweeping Beam","Gash"],"picked":"Darkness","floor":13},{"not_picked":["Meteor Strike","All For One"],"picked":"Thunder Strike","floor":16},{"not_picked":["Steam","Hologram"],"picked":"Loop","floor":18},{"not_picked":["FTL","Rebound"],"picked":"Cold Snap","floor":19},{"not_picked":["Barrage","Multi-Cast"],"picked":"Capacitor","floor":24},{"not_picked":["Conserve Battery","Capacitor","Compile Driver"],"picked":"Static Discharge+1","floor":29},{"not_picked":["Static Discharge","Doom and Gloom","Stack"],"picked":"Leap+1","floor":30},{"not_picked":["Rip and Tear","Turbo","Skim","Loop"],"picked":"SKIP","floor":31},{"not_picked":["Creative AI","Meteor Strike","Reboot"],"picked":"Rainbow","floor":33},{"not_picked":["Rebound","Coolheaded","Hologram+1"],"picked":"Self Repair","floor":35},{"not_picked":["Coolheaded","Darkness","Beam Cell","Skim+1"],"picked":"SKIP","floor":41},{"not_picked":["Go for the Eyes","Aggregate","Beam Cell"],"picked":"White Noise","floor":46},{"not_picked":["Undo","Electrodynamics","Hologram","Beam Cell"],"picked":"SKIP","floor":47},{"not_picked":["Sweeping Beam","Streamline","Hologram","Blizzard"],"picked":"SKIP","floor":48}],"player_experience":799906,"relics_obtained":[{"floor":7,"key":"Centennial Puzzle"},{"floor":9,"key":"DataDisk"},{"floor":11,"key":"Juzu Bracelet"},{"floor":24,"key":"Question Card"},{"floor":26,"key":"Lantern"},{"floor":30,"key":"PreservedInsect"},{"floor":41,"key":"Bottled Flame"},{"floor":43,"key":"Bottled Lightning"}],"event_choices":[{"damage_healed":0,"gold_gain":0,"player_choice":"Box","damage_taken":0,"relics_obtained":["Vajra"],"max_hp_gain":0,"max_hp_loss":0,"event_name":"Big Fish","floor":3,"gold_loss":0,"cards_obtained":["Regret"]},{"cards_removed":["Regret"],"damage_healed":0,"gold_gain":0,"player_choice":"Offered Curse","damage_taken":0,"relics_obtained":["Spirit Poop"],"max_hp_gain":0,"max_hp_loss":0,"event_name":"Bonfire Elementals","floor":4,"gold_loss":0},{"cards_removed":["Strike_B"],"damage_healed":0,"gold_gain":0,"player_choice":"Purged","damage_taken":0,"max_hp_gain":0,"max_hp_loss":0,"event_name":"Purifier","floor":14,"gold_loss":0},{"damage_healed":0,"gold_gain":0,"player_choice":"Ignored","damage_taken":0,"max_hp_gain":0,"max_hp_loss":0,"event_name":"Vampires","floor":20,"gold_loss":0},{"damage_healed":0,"gold_gain":0,"cards_transformed":["Strike_B","Strike_B"],"player_choice":"Became Test Subject","damage_taken":0,"max_hp_gain":0,"max_hp_loss":0,"event_name":"Drug Dealer","floor":21,"gold_loss":0,"cards_obtained":["Compile Driver","Creative AI"]},{"damage_healed":0,"gold_gain":0,"player_choice":"Ignored","damage_taken":0,"max_hp_gain":0,"max_hp_loss":0,"event_name":"Ghosts","floor":22,"gold_loss":0},{"damage_healed":57,"gold_gain":0,"player_choice":"Full Heal","damage_taken":0,"max_hp_gain":0,"max_hp_loss":0,"event_name":"Wheel of Change","floor":27,"gold_loss":0},{"damage_healed":0,"gold_gain":0,"player_choice":"Ignored","damage_taken":0,"max_hp_gain":0,"max_hp_loss":0,"event_name":"SecretPortal","floor":36,"gold_loss":0},{"cards_removed":["Strike_B"],"damage_healed":0,"gold_gain":0,"player_choice":"Removed Attack","damage_taken":0,"max_hp_gain":0,"max_hp_loss":0,"event_name":"Falling","floor":37,"gold_loss":0},{"damage_healed":0,"gold_gain":0,"player_choice":"Ignored","damage_taken":0,"max_hp_gain":0,"max_hp_loss":0,"event_name":"Tomb of Lord Red Mask","floor":38,"gold_loss":0},{"damage_healed":0,"gold_gain":999,"player_choice":"Gold","damage_taken":0,"max_hp_gain":0,"max_hp_loss":0,"event_name":"MindBloom","floor":39,"gold_loss":0,"cards_obtained":["Normality","Normality"]},{"cards_removed":["Normality"],"damage_healed":0,"gold_gain":0,"player_choice":"Upgrade and Remove","damage_taken":0,"max_hp_gain":0,"max_hp_loss":0,"event_name":"Designer","floor":42,"gold_loss":110,"cards_upgraded":["Beam Cell"]}],"is_beta":false,"boss_relics":[{"not_picked":["Calling Bell","Coffee Dripper"],"picked":"Velvet Choker"},{"not_picked":["Empty Cage","Fusion Hammer"],"picked":"Philosopher\u0027s Stone"}],"items_purged_floors":[44],"is_endless":false,"potions_floor_spawned":[1,7,11,13,18,19,24,35,41],"killed_by":"Time Eater","ascension_level":18}