{"gold_per_floor":[17,29,179,190,190,190,21,52,52,0,12,12],"floor_reached":12,"playtime":709,"items_purged":[],"score":144,"play_id":"586b32dc-a587-418a-a848-446c6193d375","local_time":"20190126180140","is_ascension_mode":true,"campfire_choices":[{"data":"Madness","floor":6,"key":"SMITH"}],"neow_cost":"NO_GOLD","seed_source_timestamp":353749674325103,"circlet_count":0,"master_deck":["AscendersBane","Strike_R","Strike_R","Strike_R","Strike_R","Strike_R","Defend_R","Defend_R","Defend_R","Defend_R","Bash","Finesse","Madness+1","Iron Wave","Shockwave","Clothesline","Bludgeon","Carnage"],"relics":["Burning Blood","Omamori","Singing Bowl","Happy Flower"],"potions_floor_usage":[8,8],"damage_taken":[{"damage":6,"enemies":"Small Slimes","floor":1,"turns":3},{"damage":9,"enemies":"Jaw Worm","floor":2,"turns":4},{"damage":1,"enemies":"2 Louse","floor":4,"turns":3},{"damage":28,"enemies":"Lagavulin","floor":8,"turns":9},{"damage":38,"enemies":"Gremlin Gang","floor":11,"turns":4},{"damage":16,"enemies":"Gremlin Nob","floor":12,"turns":2}],"seed_played":"-995266512823808715","potions_obtained":[{"floor":2,"key":"Block Potion"},{"floor":4,"key":"AttackPotion"}],"is_trial":false,"path_per_floor":["M","M","?","M","?","R","$","E","T","?","M","E"],"character_chosen":"IRONCLAD","items_purchased":["Omamori"],"campfire_rested":0,"item_purchase_floors":[7],"current_hp_per_floor":[68,65,65,70,70,70,70,48,48,48,16,0],"gold":12,"neow_bonus":"RANDOM_COLORLESS_2","is_prod":false,"is_daily":false,"chose_seed":false,"campfire_upgraded":1,"win_rate":0,"timestamp":1548554500,"path_taken":["M","M","?","M","?","R","$","E","T","?","?","E"],"build_version":"2019-01-17v2","purchased_purges":0,"victory":false,"max_hp_per_floor":[75,75,75,75,75,75,75,75,75,75,75,75],"card_choices":[{"not_picked":["Corruption","Pummel"],"picked":"Iron Wave","floor":1},{"not_picked":["Thunderclap","Pommel Strike"],"picked":"Shockwave","floor":2},{"not_picked":["Warcry","Twin Strike"],"picked":"Clothesline","floor":4},{"not_picked":["Iron Wave","Twin Strike"],"picked":"Bludgeon","floor":8},{"not_picked":["Flex","Warcry"],"picked":"Carnage","floor":11}],"player_experience":528914,"relics_obtained":[{"floor":8,"key":"Singing Bowl"},{"floor":9,"key":"Happy Flower"}],"event_choices":[{"damage_healed":0,"gold_gain":150,"player_choice":"AGREE","damage_taken":0,"max_hp_gain":0,"max_hp_loss":0,"event_name":"Liars Game","floor":3,"gold_loss":0,"cards_obtained":["Doubt"]},{"cards_removed":["Doubt"],"damage_healed":0,"gold_gain":0,"player_choice":"Forget","damage_taken":0,"max_hp_gain":0,"max_hp_loss":0,"event_name":"Living Wall","floor":5,"gold_loss":0},{"damage_healed":0,"gold_gain":0,"player_choice":"Left Gold","damage_taken":0,"max_hp_gain":0,"max_hp_loss":0,"event_name":"World of Goop","floor":10,"gold_loss":52}],"is_beta":false,"boss_relics":[],"items_purged_floors":[],"is_endless":false,"potions_floor_spawned":[2,4],"killed_by":"Gremlin Nob","ascension_level":17}