{"gold_per_floor":[112,12,12,12,32,63,63,13,13,13,32,57,57,1,1,102,152,165,165,181,197,197,229,229,32,32,60,79,79,113,76,76,181,181,191,191,35,53,63,63,89,89,89,89,106,106,106,123,123,123],"floor_reached":51,"playtime":6688,"items_purged":[],"score":814,"play_id":"599aa906-4565-4bc2-8e7c-a5ff7fd30106","local_time":"20190808110033","is_ascension_mode":false,"campfire_choices":[{"data":"Noxious Fumes","floor":7.0,"key":"SMITH"},{"floor":10.0,"key":"REST"},{"floor":15.0,"key":"REST"},{"data":"Catalyst","floor":32.0,"key":"SMITH"},{"data":"Ghostly","floor":40,"key":"SMITH"},{"data":"Ghostly","floor":42,"key":"SMITH"},{"floor":47,"key":"REST"},{"data":"Ghostly","floor":49,"key":"SMITH"}],"neow_cost":"TEN_PERCENT_HP_LOSS","seed_source_timestamp":0,"circlet_count":0,"master_deck":["Strike_G+1","Defend_G","Defend_G","Defend_G","Defend_G","Defend_G","Neutralize","Die Die Die","Flying Knee","Noxious Fumes+1","Backflip","Dagger Spray","Terror","Wraith Form v2","After Image","Bane","Backstab+1","Noxious Fumes","Bouncing Flask","PiercingWail","Ghostly+1","Ghostly","Ghostly+1","Ghostly+1","Ghostly+1","Bouncing Flask","Quick Slash","Dagger Spray","A Thousand Cuts","Catalyst+1","Corpse Explosion","Blur+1","Enlightenment","Thinking Ahead","Bandage Up","Catalyst"],"special_seed":0,"relics":["Ring of the Snake","Matryoshka","Bronze Scales","Lantern","Dodecahedron","Omamori","Tiny House","Question Card","TwistedFunnel","Blood Vial","Dream Catcher","Snake Skull","Ornamental Fan","Sozu","PreservedInsect","Potion Belt","Sundial"],"potions_floor_usage":[48,50,50],"damage_taken":[{"damage":1.0,"enemies":"Cultist","floor":1.0,"turns":3.0},{"damage":2.0,"enemies":"Jaw Worm","floor":5.0,"turns":4.0},{"damage":15.0,"enemies":"3 Sentries","floor":6.0,"turns":5.0},{"damage":0.0,"enemies":"Small Slimes","floor":11.0,"turns":2.0},{"damage":27.0,"enemies":"Lagavulin","floor":12.0,"turns":7.0},{"damage":18.0,"enemies":"Hexaghost","floor":16.0,"turns":8.0},{"damage":14.0,"enemies":"Spheric Guardian","floor":18.0,"turns":7.0},{"damage":4.0,"enemies":"3 Byrds","floor":20.0,"turns":3.0},{"damage":19.0,"enemies":"Snake Plant","floor":21.0,"turns":4.0},{"damage":1.0,"enemies":"Slavers","floor":23.0,"turns":5.0},{"damage":3.0,"enemies":"Book of Stabbing","floor":27.0,"turns":5.0},{"damage":0.0,"enemies":"Sentry and Sphere","floor":28.0,"turns":5.0},{"damage":1.0,"enemies":"Slavers","floor":30.0,"turns":4.0},{"damage":0.0,"enemies":"Automaton","floor":33.0,"turns":4.0},{"damage":0,"enemies":"Orb Walker","floor":35,"turns":2},{"damage":1,"enemies":"3 Shapes","floor":38,"turns":2},{"damage":5,"enemies":"Sphere and 2 Shapes","floor":39,"turns":4},{"damage":4,"enemies":"Giant Head","floor":41,"turns":6},{"damage":1,"enemies":"Spire Growth","floor":45,"turns":2},{"damage":0,"enemies":"Transient","floor":48,"turns":5},{"damage":32,"enemies":"Time Eater","floor":50,"turns":13}],"seed_played":"-7009234099979288007","potions_obtained":[{"floor":6.0,"key":"AttackPotion"},{"floor":11.0,"key":"Swift Potion"},{"floor":16.0,"key":"Regen Potion"},{"floor":17.0,"key":"SkillPotion"},{"floor":21.0,"key":"SpeedPotion"},{"floor":28.0,"key":"SpeedPotion"},{"floor":33.0,"key":"Ancient Potion"}],"is_trial":false,"path_per_floor":["M","$","?","?","M","E","R","?","T","R","M","E","$","?","R","B",null,"M","?","M","M","?","E","?","$","T","E","M","$","E","$","R","B",null,"M","?","$","M","M","R","E","R","T","?","M","?","R","M","R","B",null],"character_chosen":"THE_SILENT","items_purchased":["Noxious Fumes","Backflip","TwistedFunnel","Catalyst","PreservedInsect"],"campfire_rested":3,"item_purchase_floors":[2,2,25,31,37],"current_hp_per_floor":[62,62,62,55,53,38,38,38,38,56,56,29,29,29,47,29,68,54,54,50,40,34,33,33,33,33,31,33,33,33,33,33,34,34,34,34,34,33,29,29,27,27,27,27,28,18,28,34,34,2],"gold":123,"neow_bonus":"THREE_RARE_CARDS","is_prod":false,"is_daily":false,"chose_seed":false,"campfire_upgraded":5,"win_rate":0.0,"timestamp":1565276433,"path_taken":["M","$","?","?","M","E","R","?","T","R","M","E","?","?","R","BOSS","M","?","M","M","?","E","?","?","T","E","M","$","E","$","R","BOSS","M","?","?","M","?","R","E","R","T","?","M","?","R","M","R","BOSS"],"build_version":"2019-07-17","purchased_purges":0,"victory":true,"max_hp_per_floor":[63,63,63,63,63,63,63,63,63,63,63,63,63,63,63,63,68,68,68,68,68,34,34,34,34,34,34,34,34,34,34,34,34,34,34,34,34,34,34,34,34,34,34,34,34,34,34,34,34,34],"card_choices":[{"not_picked":["Glass Knife","Unload"],"picked":"Die Die Die","floor":0.0},{"not_picked":["Prepared","Tactician"],"picked":"Flying Knee","floor":1.0},{"not_picked":["Deflect","Tactician"],"picked":"Dagger Spray","floor":5.0},{"not_picked":["Dagger Throw","Underhanded Strike"],"picked":"Terror","floor":6.0},{"not_picked":["Outmaneuver","Dagger Throw","Flying Knee"],"picked":"SKIP","floor":11.0},{"not_picked":["Dodge and Roll","Blade Dance"],"picked":"Wraith Form v2","floor":12.0},{"not_picked":["Adrenaline","Wraith Form v2"],"picked":"After Image","floor":16.0},{"not_picked":["Dagger Throw","Predator"],"picked":"Bane","floor":17.0},{"not_picked":["Slice","Outmaneuver"],"picked":"Backstab+1","floor":18.0},{"not_picked":["Sucker Punch","Dagger Spray+1"],"picked":"Bouncing Flask","floor":20.0},{"not_picked":["Dodge and Roll","Outmaneuver"],"picked":"PiercingWail","floor":21.0},{"not_picked":["Bane","Deadly Poison+1"],"picked":"Bouncing Flask","floor":23.0},{"not_picked":["Envenom","Prepared","Eviscerate"],"picked":"A Thousand Cuts","floor":27.0},{"not_picked":["Outmaneuver","Accuracy+1","Dagger Spray","Bane"],"picked":"SKIP","floor":28.0},{"not_picked":["Outmaneuver","Accuracy+1","Dagger Spray","Bane"],"picked":"SKIP","floor":28.0},{"not_picked":["Acrobatics","Expertise","Escape Plan","Backflip"],"picked":"SKIP","floor":30.0},{"not_picked":["Malaise","Burst","Glass Knife"],"picked":"Corpse Explosion","floor":33.0},{"not_picked":["PiercingWail+1","Blade Dance+1","Quick Slash","Dagger Throw+1"],"picked":"SKIP","floor":35},{"not_picked":["Quick Slash","Terror+1","Sucker Punch","Predator"],"picked":"SKIP","floor":38},{"not_picked":["Outmaneuver","Backflip+1","Infinite Blades","Calculated Gamble+1"],"picked":"SKIP","floor":39},{"not_picked":["Poisoned Stab","Choke+1","Noxious Fumes","PiercingWail"],"picked":"SKIP","floor":41},{"not_picked":["Corpse Explosion","Prepared+1","Quick Slash+1"],"picked":"Blur+1","floor":45},{"not_picked":["Dark Shackles","Good Instincts","Sadistic Nature"],"picked":"Enlightenment","floor":46},{"not_picked":["Trip","Good Instincts","Dark Shackles"],"picked":"Thinking Ahead","floor":46},{"not_picked":["Blind","Purity","Dark Shackles"],"picked":"Bandage Up","floor":46},{"not_picked":["Sucker Punch+1","Dagger Throw","Dodge and Roll+1"],"picked":"Catalyst","floor":48}],"player_experience":136292,"relics_obtained":[{"floor":6.0,"key":"Matryoshka"},{"floor":9.0,"key":"Bronze Scales"},{"floor":9.0,"key":"Lantern"},{"floor":12.0,"key":"Dodecahedron"},{"floor":23.0,"key":"Question Card"},{"floor":26.0,"key":"Blood Vial"},{"floor":26.0,"key":"Dream Catcher"},{"floor":27.0,"key":"Snake Skull"},{"floor":30.0,"key":"Ornamental Fan"},{"floor":41,"key":"Potion Belt"},{"floor":43,"key":"Sundial"}],"event_choices":[{"damage_healed":0.0,"max_hp_gain":0.0,"max_hp_loss":0.0,"gold_gain":0.0,"event_name":"Liars Game","player_choice":"Ignored","floor":3.0,"gold_loss":0.0,"damage_taken":0.0},{"cards_removed":["Strike_G"],"damage_healed":0.0,"max_hp_gain":0.0,"max_hp_loss":0.0,"gold_gain":0.0,"event_name":"Golden Wing","player_choice":"Card Removal","floor":4.0,"gold_loss":0.0,"damage_taken":7.0},{"cards_removed":["Strike_G"],"damage_healed":0.0,"max_hp_gain":0.0,"max_hp_loss":0.0,"gold_gain":0.0,"event_name":"The Cleric","player_choice":"Card Removal","floor":8.0,"gold_loss":50.0,"damage_taken":0.0},{"damage_healed":0.0,"max_hp_gain":0.0,"max_hp_loss":0.0,"gold_gain":0.0,"event_name":"WeMeetAgain","player_choice":"Paid Gold","floor":14.0,"gold_loss":56.0,"damage_taken":0.0,"relics_obtained":["Omamori"]},{"damage_healed":0.0,"max_hp_gain":0.0,"max_hp_loss":0.0,"gold_gain":0.0,"event_name":"The Library","player_choice":"Read","floor":19.0,"gold_loss":0.0,"damage_taken":0.0,"cards_obtained":["Noxious Fumes"]},{"damage_healed":0.0,"max_hp_gain":0.0,"max_hp_loss":34.0,"gold_gain":0.0,"event_name":"Ghosts","player_choice":"Became a Ghost","floor":22.0,"gold_loss":0.0,"damage_taken":0.0,"cards_obtained":["Ghostly","Ghostly","Ghostly","Ghostly","Ghostly"]},{"damage_healed":0.0,"max_hp_gain":0.0,"max_hp_loss":0.0,"gold_gain":0.0,"cards_transformed":["Strike_G","Strike_G"],"event_name":"Drug Dealer","player_choice":"Became Test Subject","floor":24.0,"gold_loss":0.0,"damage_taken":0.0,"cards_obtained":["Quick Slash","Dagger Spray"]},{"damage_healed":0,"gold_gain":0,"player_choice":"Upgraded","damage_taken":0,"max_hp_gain":0,"max_hp_loss":0,"event_name":"Upgrade Shrine","floor":36,"gold_loss":0,"cards_upgraded":["Ghostly"]},{"cards_removed":["Survivor"],"damage_healed":0,"gold_gain":0,"player_choice":"Removed Skill","damage_taken":0,"max_hp_gain":0,"max_hp_loss":0,"event_name":"Falling","floor":44,"gold_loss":0},{"damage_healed":0,"gold_gain":0,"player_choice":"Memory 3","damage_taken":10,"max_hp_gain":0,"max_hp_loss":0,"event_name":"SensoryStone","floor":46,"gold_loss":0}],"is_beta":false,"boss_relics":[{"not_picked":["WristBlade","Ectoplasm"],"picked":"Tiny House"},{"not_picked":["Lizard Tail","White Beast Statue"],"picked":"Sozu"}],"items_purged_floors":[],"is_endless":false,"potions_floor_spawned":[6,11,16,21,28,33,38,39,45],"ascension_level":0}