{"gold_per_floor":[119,131,56,68,86,118,118,128,128,144,174,191,191,191,191,293,293,304,229,249,263,263,263,288,288,288,288,4,4,15,42,42,145,145,162,177,6,6,16,16,16,33,33,50,50,32,32,46,46,46],"floor_reached":50,"playtime":6778,"items_purged":["Decay"],"score":519,"play_id":"5fec1faf-d170-49f8-a60c-76745a96a49a","local_time":"20190726232705","is_ascension_mode":false,"campfire_choices":[{"floor":7,"key":"REST"},{"floor":13,"key":"REST"},{"floor":15,"key":"REST"},{"floor":23,"key":"REST"},{"floor":25,"key":"REST"},{"data":"Footwork","floor":27,"key":"SMITH"},{"floor":32,"key":"REST"},{"floor":40,"key":"REST"},{"floor":47,"key":"REST"},{"floor":49,"key":"REST"}],"neow_cost":"CURSE","seed_source_timestamp":6926681827211,"circlet_count":0,"master_deck":["Strike_G","Strike_G","Strike_G","Strike_G","Defend_G","Defend_G","Defend_G","Defend_G","Survivor","Neutralize","Apotheosis","Mind Blast","Sucker Punch","Adrenaline","Escape Plan","Wraith Form v2","Footwork+1","Prepared","Phantasmal Killer","Burst","Backflip+1","Deadly Poison","RitualDagger","Quick Slash+1","Iron Wave","Noxious Fumes+1","Unload","Bane+1","Catalyst+1","Dagger Spray","Forethought","PiercingWail+1","Doubt","Quick Slash+1","RitualDagger","Eviscerate","Prepared+1"],"relics":["Ring of the Snake","Kunai","Bottled Tornado","Centennial Puzzle","Philosopher\u0027s Stone","Turnip","Frozen Egg 2","Membership Card","Bag of Marbles","Fusion Hammer","Oddly Smooth Stone","Juzu Bracelet","Anchor"],"potions_floor_usage":[6,16,21,21,31,33,33,39,50],"damage_taken":[{"damage":0,"enemies":"Cultist","floor":1,"turns":4},{"damage":0,"enemies":"2 Louse","floor":2,"turns":3},{"damage":6,"enemies":"Jaw Worm","floor":4,"turns":4},{"damage":4,"enemies":"Blue Slaver","floor":5,"turns":5},{"damage":6,"enemies":"Lagavulin","floor":6,"turns":8},{"damage":3,"enemies":"2 Fungi Beasts","floor":8,"turns":5},{"damage":6,"enemies":"Red Slaver","floor":10,"turns":6},{"damage":44,"enemies":"Gremlin Nob","floor":11,"turns":7},{"damage":0,"enemies":"Looter","floor":12,"turns":4},{"damage":20,"enemies":"The Guardian","floor":16,"turns":11},{"damage":39,"enemies":"Chosen","floor":18,"turns":7},{"damage":0,"enemies":"Spheric Guardian","floor":20,"turns":4},{"damage":7,"enemies":"Centurion and Healer","floor":21,"turns":7},{"damage":3,"enemies":"Book of Stabbing","floor":24,"turns":7},{"damage":7,"enemies":"Shelled Parasite and Fungi","floor":30,"turns":8},{"damage":22,"enemies":"Slavers","floor":31,"turns":6},{"damage":7,"enemies":"Collector","floor":33,"turns":11},{"damage":32,"enemies":"3 Shapes","floor":35,"turns":4},{"damage":0,"enemies":"Orb Walker","floor":36,"turns":4},{"damage":30,"enemies":"Maw","floor":39,"turns":6},{"damage":28,"enemies":"Writhing Mass","floor":42,"turns":7},{"damage":34,"enemies":"3 Darklings","floor":44,"turns":5},{"damage":22,"enemies":"Sphere and 2 Shapes","floor":48,"turns":4},{"damage":45,"enemies":"Donu and Deca","floor":50,"turns":6}],"seed_played":"-2238549023850617397","potions_obtained":[{"floor":1,"key":"SmokeBomb"},{"floor":2,"key":"SkillPotion"},{"floor":12,"key":"Strength Potion"},{"floor":16,"key":"SpeedPotion"},{"floor":18,"key":"Regen Potion"},{"floor":31,"key":"EssenceOfSteel"},{"floor":35,"key":"FairyPotion"},{"floor":36,"key":"Strength Potion"},{"floor":42,"key":"Poison Potion"}],"is_trial":false,"path_per_floor":["M","M","$","M","M","E","R","M","T","M","E","M","R","?","R","B",null,"M","?","M","M","?","R","E","R","T","R","$","?","M","E","R","B",null,"M","M","$","?","M","R","?","M","T","M","?","$","R","M","R","B"],"character_chosen":"THE_SILENT","items_purchased":["Strength Potion","Membership Card","Weak Potion","Oddly Smooth Stone","Juzu Bracelet","Dagger Spray","Eviscerate"],"campfire_rested":9,"item_purchase_floors":[28,28,28,37,37,37,46],"current_hp_per_floor":[70,70,70,64,60,54,70,67,67,61,17,17,38,38,59,39,70,31,31,31,39,33,54,51,70,70,70,70,70,63,41,62,55,70,38,38,38,38,8,29,70,42,42,8,8,8,29,7,28,0],"gold":46,"neow_bonus":"RANDOM_COLORLESS_2","is_prod":false,"is_daily":false,"chose_seed":false,"campfire_upgraded":1,"win_rate":0.0,"timestamp":1564198025,"path_taken":["M","M","$","M","M","E","R","M","T","M","E","M","R","?","R","BOSS","M","?","M","M","?","R","E","R","T","R","?","?","M","E","R","BOSS","M","M","$","?","M","R","?","M","T","M","?","$","R","M","R","BOSS"],"build_version":"2019-07-17","purchased_purges":1,"victory":false,"max_hp_per_floor":[70,70,70,70,70,70,70,70,70,70,70,70,70,70,70,70,70,70,70,70,70,70,70,70,70,70,70,70,70,70,70,70,70,70,70,70,70,70,70,70,70,70,70,70,70,70,70,70,70,70],"card_choices":[{"not_picked":["Bane","Quick Slash"],"picked":"Sucker Punch","floor":1},{"not_picked":["Bane","Acrobatics"],"picked":"Adrenaline","floor":2},{"not_picked":["Sucker Punch","Acrobatics","Bouncing Flask"],"picked":"SKIP","floor":4},{"not_picked":["Leg Sweep","Dash"],"picked":"Escape Plan","floor":5},{"not_picked":["Expertise","Leg Sweep"],"picked":"Wraith Form v2","floor":6},{"not_picked":["Bane","Deadly Poison"],"picked":"Footwork","floor":8},{"not_picked":["Choke","Blade Dance"],"picked":"Prepared","floor":10},{"not_picked":["Blade Dance","Predator"],"picked":"Phantasmal Killer","floor":11},{"not_picked":["Finisher","Dodge and Roll","Acrobatics"],"picked":"SKIP","floor":12},{"not_picked":["Tools of the Trade","Night Terror"],"picked":"Burst","floor":16},{"not_picked":["Sucker Punch","Quick Slash"],"picked":"Backflip+1","floor":18},{"not_picked":["Underhanded Strike","Slice+1","Sucker Punch"],"picked":"SKIP","floor":20},{"not_picked":["Quick Slash","Deflect"],"picked":"Deadly Poison","floor":21},{"not_picked":["Unload","Bane+1"],"picked":"Quick Slash+1","floor":24},{"not_picked":["Acrobatics","Quick Slash+1"],"picked":"Noxious Fumes+1","floor":30},{"not_picked":["Choke","Underhanded Strike","Acrobatics"],"picked":"SKIP","floor":31},{"not_picked":["After Image+1","Storm of Steel"],"picked":"Unload","floor":33},{"not_picked":["Cloak And Dagger+1","Finisher"],"picked":"Bane+1","floor":35},{"not_picked":["Footwork+1","Escape Plan+1"],"picked":"Catalyst+1","floor":36},{"not_picked":["Flash of Steel","Swift Strike"],"picked":"Forethought","floor":38},{"not_picked":["Dodge and Roll","Blade Dance+1"],"picked":"PiercingWail+1","floor":39},{"not_picked":["Endless Agony+1","Acrobatics"],"picked":"Quick Slash+1","floor":42},{"not_picked":["Dodge and Roll","Deadly Poison+1","Deflect"],"picked":"SKIP","floor":44},{"not_picked":["Acrobatics","Flying Knee"],"picked":"Prepared+1","floor":48}],"player_experience":156433,"relics_obtained":[{"floor":6,"key":"Kunai"},{"floor":9,"key":"Bottled Tornado"},{"floor":11,"key":"Centennial Puzzle"},{"floor":24,"key":"Turnip"},{"floor":26,"key":"Frozen Egg 2"},{"floor":31,"key":"Bag of Marbles"},{"floor":43,"key":"Anchor"}],"event_choices":[{"damage_healed":0,"gold_gain":0,"player_choice":"Searched \u00271\u0027 times","damage_taken":0,"max_hp_gain":0,"max_hp_loss":0,"event_name":"Dead Adventurer","floor":14,"gold_loss":0},{"cards_removed":["Defend_G"],"damage_healed":0,"gold_gain":0,"player_choice":"Gave Gold","damage_taken":0,"max_hp_gain":0,"max_hp_loss":0,"event_name":"Beggar","floor":19,"gold_loss":75},{"damage_healed":0,"gold_gain":0,"player_choice":"Joined the Cult","damage_taken":6,"max_hp_gain":0,"max_hp_loss":0,"event_name":"Nest","floor":22,"gold_loss":0,"cards_obtained":["RitualDagger"]},{"cards_removed":["Strike_G"],"damage_healed":0,"gold_gain":0,"player_choice":"Took Card","damage_taken":0,"max_hp_gain":0,"max_hp_loss":0,"event_name":"NoteForYourself","floor":29,"gold_loss":0,"cards_obtained":["Iron Wave"]},{"damage_healed":0,"gold_gain":0,"player_choice":"Memory 1","damage_taken":0,"max_hp_gain":0,"max_hp_loss":0,"event_name":"SensoryStone","floor":38,"gold_loss":0},{"damage_healed":41,"gold_gain":0,"player_choice":"Heal","damage_taken":0,"max_hp_gain":0,"max_hp_loss":0,"event_name":"MindBloom","floor":41,"gold_loss":0,"cards_obtained":["Doubt"]},{"damage_healed":0,"gold_gain":0,"player_choice":"Copied","damage_taken":0,"max_hp_gain":0,"max_hp_loss":0,"event_name":"Duplicator","floor":45,"gold_loss":0,"cards_obtained":["RitualDagger"]}],"is_beta":false,"boss_relics":[{"not_picked":["Runic Pyramid","White Beast Statue"],"picked":"Philosopher\u0027s Stone"},{"not_picked":["Eternal Feather","Sozu"],"picked":"Fusion Hammer"}],"items_purged_floors":[3],"is_endless":false,"potions_floor_spawned":[1,2,12,16,18,20,31,35,36,42],"killed_by":"Donu and Deca","ascension_level":0}