{"gold_per_floor":[112,112,37,0,0,34,34,34,34,67,67,90,90,105,105,199,199,223,223,236,236,254,254,254],"floor_reached":24,"playtime":603,"items_purged":["Strike_R"],"score":504,"play_id":"835a524a-b7ab-4d8c-b643-aa5dda5aa8cc","local_time":"20190916163245","is_ascension_mode":true,"campfire_choices":[{"data":"Bash","floor":8,"key":"SMITH"},{"data":"Dark Embrace","floor":11,"key":"SMITH"},{"data":"Anger","floor":13,"key":"SMITH"},{"data":"Anger","floor":15,"key":"SMITH"},{"data":"Disarm","floor":23,"key":"SMITH"}],"neow_cost":"NONE","seed_source_timestamp":376093235255000,"circlet_count":0,"master_deck":["AscendersBane","Strike_R","Strike_R","Defend_R","Defend_R","Defend_R","Defend_R","Bash+1","Anger+1","Seeing Red","Impervious","Dark Embrace+1","Anger+1","Flame Barrier","Immolate","Feel No Pain","Body Slam","Disarm+1","Ghostly Armor"],"relics":["Burning Blood","NeowsBlessing","Golden Idol","Oddly Smooth Stone","Matryoshka","Omamori","Runic Cube","Frozen Egg 2"],"potions_floor_usage":[16,22],"damage_taken":[{"damage":0,"enemies":"Jaw Worm","floor":1,"turns":1},{"damage":0,"enemies":"Lagavulin","floor":6,"turns":1},{"damage":0,"enemies":"Gremlin Nob","floor":10,"turns":1},{"damage":0,"enemies":"Cultist","floor":12,"turns":3},{"damage":0,"enemies":"Small Slimes","floor":14,"turns":4},{"damage":7,"enemies":"Slime Boss","floor":16,"turns":8},{"damage":20,"enemies":"Spheric Guardian","floor":18,"turns":6},{"damage":8,"enemies":"Chosen","floor":20,"turns":6},{"damage":29,"enemies":"3 Cultists","floor":22,"turns":7},{"damage":36,"enemies":"Shelled Parasite and Fungi","floor":24,"turns":8}],"seed_played":"-208977826153776202","potions_obtained":[{"floor":6,"key":"LiquidBronze"},{"floor":10,"key":"Fire Potion"},{"floor":18,"key":"Block Potion"}],"is_trial":false,"path_per_floor":["M","?","$","$","?","E","?","R","T","E","R","M","R","M","R","B",null,"M","?","M","?","M","R","M"],"character_chosen":"IRONCLAD","items_purchased":["Seeing Red"],"campfire_rested":0,"item_purchase_floors":[4],"current_hp_per_floor":[74,74,74,74,48,54,47,47,47,53,53,59,59,65,65,64,72,58,58,56,56,33,33,0],"gold":254,"neow_bonus":"THREE_ENEMY_KILL","is_prod":false,"is_daily":false,"chose_seed":false,"campfire_upgraded":5,"win_rate":0,"timestamp":1568676765,"path_taken":["M","?","?","$","?","E","?","R","T","E","R","M","R","M","R","BOSS","M","?","M","?","M","R","M"],"build_version":"2019-07-17","purchased_purges":1,"victory":false,"max_hp_per_floor":[75,75,75,75,75,75,75,75,75,75,75,75,75,75,75,75,75,75,75,75,75,75,75,75],"card_choices":[{"not_picked":["Armaments","Wild Strike"],"picked":"Anger","floor":1},{"not_picked":["True Grit","Cleave"],"picked":"Impervious","floor":6},{"not_picked":["Sentinel","Fire Breathing"],"picked":"Dark Embrace","floor":10},{"not_picked":["Dual Wield","Intimidate"],"picked":"Anger","floor":12},{"not_picked":["Clash","Burning Pact"],"picked":"Flame Barrier","floor":14},{"not_picked":["Fiend Fire","Bludgeon"],"picked":"Immolate","floor":16},{"not_picked":["Armaments+1","Perfected Strike"],"picked":"Feel No Pain","floor":18},{"not_picked":["Heavy Blade","Clothesline"],"picked":"Disarm","floor":20},{"not_picked":["Flex","Clothesline"],"picked":"Ghostly Armor","floor":22}],"player_experience":787299,"relics_obtained":[{"floor":6,"key":"Oddly Smooth Stone"},{"floor":9,"key":"Matryoshka"},{"floor":10,"key":"Omamori"}],"event_choices":[{"cards_removed":["Strike_R"],"damage_healed":0,"gold_gain":0,"player_choice":"Purged","damage_taken":0,"max_hp_gain":0,"max_hp_loss":0,"event_name":"Purifier","floor":2,"gold_loss":0},{"damage_healed":0,"gold_gain":0,"player_choice":"Take Damage","damage_taken":26,"relics_obtained":["Golden Idol"],"max_hp_gain":0,"max_hp_loss":0,"event_name":"Golden Idol","floor":5,"gold_loss":0},{"cards_removed":["Strike_R"],"damage_healed":0,"gold_gain":0,"player_choice":"Card Removal","damage_taken":7,"max_hp_gain":0,"max_hp_loss":0,"event_name":"Golden Wing","floor":7,"gold_loss":0},{"damage_healed":0,"gold_gain":0,"player_choice":"Read","damage_taken":0,"max_hp_gain":0,"max_hp_loss":0,"event_name":"The Library","floor":19,"gold_loss":0,"cards_obtained":["Body Slam"]},{"damage_healed":0,"gold_gain":0,"player_choice":"Opened","damage_taken":0,"relics_obtained":["Frozen Egg 2"],"max_hp_gain":0,"max_hp_loss":0,"event_name":"The Mausoleum","floor":21,"gold_loss":0,"cards_obtained":["Writhe"]}],"is_beta":false,"boss_relics":[{"not_picked":["Eternal Feather","Lizard Tail"],"picked":"Runic Cube"}],"items_purged_floors":[3],"is_endless":false,"potions_floor_spawned":[6,10,12,18,20],"killed_by":"Shelled Parasite and Fungi","ascension_level":20}