{"gold_per_floor":[115,129,139,139,139,139,171,171,198,215,227,256,274,274,274,373,373,391,291,303,316,334,334,348,378,403,103,134,134,148,160,160,259,259,277,277,277,70,81,81,116,128,155,0,0,26,38,81,93,105],"floor_reached":51,"playtime":3378,"items_purged":["Strike_B","Parasite","Defend_B"],"score":969,"play_id":"b001a644-bc99-49e9-a7ab-268077e56e17","local_time":"20181206205718","is_ascension_mode":true,"campfire_choices":[{"data":"Zap","floor":6,"key":"SMITH"},{"floor":8,"key":"REST"},{"data":"Loop","floor":15,"key":"SMITH"},{"data":"Darkness","floor":23,"key":"SMITH"},{"floor":32,"key":"REST"},{"data":"Double Energy","floor":40,"key":"SMITH"},{"floor":45,"key":"REST"},{"floor":49,"key":"REST"}],"neow_cost":"NONE","seed_source_timestamp":280495959322606,"circlet_count":0,"master_deck":["Strike_B","Defend_B+1","Defend_B","Zap+1","Dualcast","Loop+1","Darkness+1","BootSequence+1","Defragment","Multi-Cast","Darkness+1","Turbo","Conserve Battery","Conserve Battery","Loop+1","Turbo+1","Double Energy+1","Hologram+1","Seek","Turbo+1"],"relics":["Empty Cage","War Paint","Potion Belt","Smiling Mask","Runic Pyramid","Ancient Tea Set","Oddly Smooth Stone","Symbiotic Virus","Singing Bowl","Black Star","Du-Vu Doll","Dream Catcher","Happy Flower","Red Mask","MawBank","Centennial Puzzle","DataDisk","Cables"],"potions_floor_usage":[7,7,16,25,30,31,41,41,48,50],"damage_taken":[{"damage":7,"enemies":"Jaw Worm","floor":1,"turns":3},{"damage":16,"enemies":"Small Slimes","floor":2,"turns":3},{"damage":11,"enemies":"2 Louse","floor":3,"turns":3},{"damage":8,"enemies":"Gremlin Nob","floor":7,"turns":3},{"damage":6,"enemies":"Looter","floor":10,"turns":3},{"damage":8,"enemies":"Lots of Slimes","floor":11,"turns":5},{"damage":0,"enemies":"Lagavulin","floor":12,"turns":5},{"damage":0,"enemies":"2 Fungi Beasts","floor":13,"turns":3},{"damage":12,"enemies":"Hexaghost","floor":16,"turns":9},{"damage":0,"enemies":"Chosen","floor":18,"turns":4},{"damage":6,"enemies":"Shell Parasite","floor":20,"turns":3},{"damage":8,"enemies":"Centurion and Healer","floor":21,"turns":4},{"damage":3,"enemies":"Sentry and Sphere","floor":22,"turns":3},{"damage":15,"enemies":"Snake Plant","floor":24,"turns":4},{"damage":2,"enemies":"Gremlin Leader","floor":25,"turns":4},{"damage":11,"enemies":"Book of Stabbing","floor":28,"turns":4},{"damage":13,"enemies":"Shelled Parasite and Fungi","floor":30,"turns":3},{"damage":0,"enemies":"3 Cultists","floor":31,"turns":3},{"damage":17,"enemies":"Collector","floor":33,"turns":4},{"damage":0,"enemies":"Orb Walker","floor":35,"turns":2},{"damage":18,"enemies":"3 Shapes","floor":39,"turns":3},{"damage":40,"enemies":"Reptomancer","floor":41,"turns":6},{"damage":4,"enemies":"3 Darklings","floor":42,"turns":2},{"damage":4,"enemies":"Giant Head","floor":46,"turns":5},{"damage":53,"enemies":"Reptomancer","floor":48,"turns":3},{"damage":45,"enemies":"Awakened One","floor":50,"turns":5}],"seed_played":"9043337429398808812","potions_obtained":[{"floor":1,"key":"GamblersBrew"},{"floor":2,"key":"Strength Potion"},{"floor":10,"key":"Fire Potion"},{"floor":13,"key":"AttackPotion"},{"floor":20,"key":"SkillPotion"},{"floor":21,"key":"Energy Potion"},{"floor":28,"key":"Explosive Potion"},{"floor":33,"key":"FairyPotion"},{"floor":39,"key":"FearPotion"},{"floor":42,"key":"Explosive Potion"},{"floor":46,"key":"Energy Potion"}],"is_trial":false,"path_per_floor":["M","M","M","?","?","R","E","R","T","M","M","E","M","?","R","B",null,"M","$","M","M","M","R","M","E","T","$","E","?","M","M","R","B",null,"M","?","?","$","M","R","E","M","T","?","R","E","?","E","R","B",null],"character_chosen":"DEFECT","items_purchased":["Turbo","Symbiotic Virus","Double Energy","EssenceOfSteel"],"campfire_rested":4,"item_purchase_floors":[19,27,38,38],"current_hp_per_floor":[68,52,41,34,34,34,26,48,48,42,34,34,34,52,52,40,75,75,75,69,61,58,58,43,41,41,41,32,32,21,21,43,28,78,80,80,76,76,60,60,22,20,20,20,46,42,73,20,41,7],"gold":117,"neow_bonus":"BOSS_RELIC","is_prod":false,"is_daily":false,"chose_seed":false,"campfire_upgraded":4,"win_rate":0,"timestamp":1544158638,"path_taken":["M","M","M","?","?","R","E","R","T","M","M","E","M","?","R","BOSS","M","$","M","M","M","R","M","E","T","$","E","?","?","M","R","BOSS","M","?","?","$","M","R","E","M","T","?","R","E","?","E","R","BOSS"],"build_version":"2018-12-06","purchased_purges":3,"victory":true,"max_hp_per_floor":[75,75,75,75,75,75,75,75,75,75,75,75,75,75,75,75,75,75,75,75,75,75,75,75,75,75,72,74,74,76,76,76,78,78,80,80,76,76,78,78,80,82,82,82,84,84,73,73,73,73],"card_choices":[{"not_picked":["Leap","Scrape"],"picked":"Loop","floor":1},{"not_picked":["Sweeping Beam","Self Repair"],"picked":"Darkness","floor":2},{"not_picked":["Steam Power","Barrage"],"picked":"BootSequence","floor":3},{"not_picked":["Hello World","Go for the Eyes"],"picked":"Defragment","floor":7},{"not_picked":["Coolheaded","Sweeping Beam","Chill"],"picked":"SKIP","floor":10},{"not_picked":["Barrage","Compile Driver"],"picked":"Cold Snap","floor":11},{"not_picked":["Sweeping Beam","Thunder Strike","Lockon"],"picked":"SKIP","floor":12},{"not_picked":["Sweeping Beam","Cold Snap","BootSequence"],"picked":"SKIP","floor":13},{"not_picked":["Echo Form","Buffer"],"picked":"Multi-Cast","floor":16},{"not_picked":["Compile Driver","Lockon"],"picked":"Darkness","floor":18},{"not_picked":["Cold Snap","Sweeping Beam+1","Force Field"],"picked":"SKIP","floor":20},{"not_picked":["Streamline","Redo","Scrape"],"picked":"SKIP","floor":21},{"not_picked":["Aggregate","Rebound"],"picked":"Conserve Battery","floor":22},{"not_picked":["Compile Driver+1","Coolheaded"],"picked":"Conserve Battery","floor":24},{"not_picked":["All For One","Chill+1","Capacitor"],"picked":"SKIP","floor":25},{"not_picked":["Melter","Ball Lightning+1","Rebound"],"picked":"Singing Bowl","floor":28},{"not_picked":["Scrape","Aggregate+1","Gash+1"],"picked":"Singing Bowl","floor":30},{"not_picked":["Glacier+1","Compile Driver"],"picked":"Turbo+1","floor":31},{"not_picked":["Core Surge","All For One","Machine Learning"],"picked":"Singing Bowl","floor":33},{"not_picked":["Compile Driver+1","Heatsinks","Cold Snap"],"picked":"Singing Bowl","floor":35},{"not_picked":["Coolheaded","Barrage+1","Compile Driver"],"picked":"Singing Bowl","floor":39},{"not_picked":["Rebound+1","Steam+1","Lockon"],"picked":"Singing Bowl","floor":41},{"not_picked":["Sweeping Beam+1","Skim+1","Cold Snap"],"picked":"Singing Bowl","floor":42},{"not_picked":["Ball Lightning+1","Leap","Coolheaded"],"picked":"Singing Bowl","floor":45},{"not_picked":["Streamline+1","Skim+1"],"picked":"Hologram+1","floor":46},{"not_picked":["Storm+1","Coolheaded"],"picked":"Seek","floor":48},{"not_picked":["Consume+1","Stack"],"picked":"Turbo+1","floor":49}],"player_experience":177177,"relics_obtained":[{"floor":7,"key":"War Paint"},{"floor":9,"key":"Potion Belt"},{"floor":12,"key":"Smiling Mask"},{"floor":25,"key":"Ancient Tea Set"},{"floor":26,"key":"Oddly Smooth Stone"},{"floor":28,"key":"Singing Bowl"},{"floor":41,"key":"Du-Vu Doll"},{"floor":41,"key":"Dream Catcher"},{"floor":43,"key":"Happy Flower"},{"floor":46,"key":"MawBank"},{"floor":46,"key":"Centennial Puzzle"},{"floor":48,"key":"DataDisk"},{"floor":48,"key":"Cables"}],"event_choices":[{"cards_removed":["Strike_B"],"damage_healed":0,"gold_gain":0,"player_choice":"Card Removal","damage_taken":7,"max_hp_gain":0,"max_hp_loss":0,"event_name":"Golden Wing","floor":4,"gold_loss":0},{"damage_healed":0,"gold_gain":0,"player_choice":"Grow","damage_taken":0,"max_hp_gain":0,"max_hp_loss":0,"event_name":"Living Wall","floor":5,"gold_loss":0,"cards_upgraded":["Darkness"]},{"damage_healed":18,"gold_gain":0,"player_choice":"Healed and dodged fight","damage_taken":0,"max_hp_gain":0,"max_hp_loss":0,"event_name":"Mushrooms","floor":14,"gold_loss":0,"cards_obtained":["Parasite"]},{"damage_healed":0,"gold_gain":0,"player_choice":"Copied","damage_taken":0,"max_hp_gain":0,"max_hp_loss":0,"event_name":"Duplicator","floor":29,"gold_loss":0,"cards_obtained":["Loop"]},{"cards_removed":["Cold Snap"],"damage_healed":0,"gold_gain":0,"player_choice":"Removed Attack","damage_taken":0,"max_hp_gain":0,"max_hp_loss":0,"event_name":"Falling","floor":36,"gold_loss":0},{"damage_healed":0,"gold_gain":0,"player_choice":"Max HP","damage_taken":0,"max_hp_gain":0,"max_hp_loss":4,"event_name":"Winding Halls","floor":37,"gold_loss":0},{"damage_healed":0,"gold_gain":0,"player_choice":"Paid","damage_taken":0,"relics_obtained":["Red Mask"],"max_hp_gain":0,"max_hp_loss":0,"event_name":"Tomb of Lord Red Mask","floor":44,"gold_loss":155},{"damage_healed":73,"gold_gain":0,"player_choice":"Heal","damage_taken":0,"max_hp_gain":0,"max_hp_loss":11,"event_name":"The Moai Head","floor":47,"gold_loss":0}],"is_beta":false,"boss_relics":[{"not_picked":["Lizard Tail","Philosopher\u0027s Stone"],"picked":"Runic Pyramid"},{"not_picked":["Sozu","Velvet Choker"],"picked":"Black Star"}],"items_purged_floors":[19,27,38],"is_endless":false,"potions_floor_spawned":[1,2,10,13,20,21,28,33,39,42,46],"ascension_level":4}