{"gold_per_floor":[117,137,33,108,124,124,157,19,19,49,49,62,62,62,62,163,163,183,207,54,68,84,110,161,161,207,239,263,275,303,328,340,450,462,485,97,97,112,132,132,167,267,267,277,303,315,315,328,328,328,328,328,32,59,59],"floor_reached":56,"playtime":9108,"items_purged":["Eviscerate"],"score":1314,"play_id":"842ee3c5-ba82-4dc1-be7e-962134354864","local_time":"20190914000450","is_ascension_mode":false,"campfire_choices":[{"floor":6,"key":"REST"},{"floor":11,"key":"REST"},{"data":"Catalyst","floor":13,"key":"SMITH"},{"floor":15,"key":"REST"},{"data":"Bouncing Flask","floor":25,"key":"SMITH"},{"floor":29,"key":"REST"},{"data":"Caltrops","floor":32,"key":"SMITH"},{"floor":40,"key":"RECALL"},{"data":"Crippling Poison","floor":49,"key":"SMITH"},{"data":"Burst","floor":52,"key":"SMITH"}],"neow_cost":"PERCENT_DAMAGE","seed_source_timestamp":760144070948893,"circlet_count":0,"master_deck":["Survivor","Neutralize","Underhanded Strike","Caltrops+1","Backflip","Bouncing Flask+1","Tools of the Trade","Catalyst+1","Footwork","Burst+1","Crippling Poison+1","Tools of the Trade","Die Die Die","Predator","Well Laid Plans","Deflect","Underhanded Strike","Skewer","Well Laid Plans","Cloak And Dagger+1","Dodge and Roll","Footwork+1","Tactician+1","Corpse Explosion","Catalyst","Noxious Fumes","PiercingWail","Noxious Fumes","Leg Sweep","Noxious Fumes","Caltrops","Bouncing Flask","PiercingWail+1"],"relics":["Ring of the Snake","Incense Burner","Mummified Hand","Singing Bowl","Snake Skull","Pandora\u0027s Box","Boot","Juzu Bracelet","MawBank","Cursed Key","Calipers","Ancient Tea Set","Gambling Chip","Lantern","Strawberry"],"potions_floor_usage":[7,10,21,28,50,55,55],"damage_taken":[{"damage":2,"enemies":"Cultist","floor":1,"turns":6},{"damage":0,"enemies":"Small Slimes","floor":2,"turns":3},{"damage":1,"enemies":"Jaw Worm","floor":5,"turns":4},{"damage":35,"enemies":"3 Sentries","floor":7,"turns":8},{"damage":4,"enemies":"Gremlin Nob","floor":10,"turns":4},{"damage":4,"enemies":"2 Fungi Beasts","floor":12,"turns":4},{"damage":0,"enemies":"Slime Boss","floor":16,"turns":11},{"damage":10,"enemies":"2 Thieves","floor":18,"turns":3},{"damage":0,"enemies":"3 Byrds","floor":21,"turns":2},{"damage":13,"enemies":"Centurion and Healer","floor":22,"turns":3},{"damage":23,"enemies":"Book of Stabbing","floor":23,"turns":5},{"damage":13,"enemies":"Shelled Parasite and Fungi","floor":27,"turns":4},{"damage":0,"enemies":"Snecko","floor":28,"turns":4},{"damage":0,"enemies":"Chosen and Byrds","floor":30,"turns":4},{"damage":0,"enemies":"Shelled Parasite and Fungi","floor":31,"turns":4},{"damage":20,"enemies":"Collector","floor":33,"turns":8},{"damage":5,"enemies":"Orb Walker","floor":35,"turns":3},{"damage":0,"enemies":"3 Darklings","floor":38,"turns":2},{"damage":2,"enemies":"Maw","floor":39,"turns":4},{"damage":4,"enemies":"Nemesis","floor":41,"turns":5},{"damage":0,"enemies":"Mind Bloom Boss Battle","floor":42,"turns":3},{"damage":19,"enemies":"4 Shapes","floor":44,"turns":2},{"damage":5,"enemies":"Reptomancer","floor":45,"turns":5},{"damage":0,"enemies":"Transient","floor":46,"turns":5},{"damage":0,"enemies":"3 Darklings","floor":48,"turns":3},{"damage":19,"enemies":"Donu and Deca","floor":50,"turns":5},{"damage":51,"enemies":"Shield and Spear","floor":54,"turns":5},{"damage":44,"enemies":"The Heart","floor":55,"turns":6}],"seed_played":"4521755893902762111","potions_obtained":[{"floor":2,"key":"SpeedPotion"},{"floor":5,"key":"LiquidBronze"},{"floor":7,"key":"Block Potion"},{"floor":23,"key":"Weak Potion"},{"floor":27,"key":"Fruit Juice"},{"floor":33,"key":"EssenceOfSteel"},{"floor":39,"key":"GhostInAJar"}],"is_trial":false,"path_per_floor":["M","M","$","?","M","R","E","$","T","E","R","M","R","?","R","B",null,"M","T","$","M","M","E","T","R","T","M","M","R","M","M","R","B",null,"M","$","?","M","M","R","E","?","T","M","E","M","?","M","R","B",null,"R","$","E","B",null],"character_chosen":"THE_SILENT","items_purchased":["Caltrops","Backflip","Tools of the Trade","Dodge and Roll","FairyPotion","Noxious Fumes","PiercingWail","Calipers","Ancient Potion","Caltrops","Bouncing Flask"],"campfire_rested":4,"item_purchase_floors":[3,3,8,20,20,36,36,36,53,53,53],"current_hp_per_floor":[47,47,47,36,35,56,21,21,21,17,38,36,36,36,57,57,72,62,62,62,64,53,32,32,32,32,19,26,51,51,53,53,33,87,82,82,82,82,82,82,78,80,80,63,58,60,60,62,62,43,97,97,97,53,9],"gold":59,"neow_bonus":"ONE_RARE_RELIC","is_prod":false,"is_daily":false,"chose_seed":false,"campfire_upgraded":5,"win_rate":0,"timestamp":1568433890,"path_taken":["M","M","$","?","M","R","E","$","T","E","R","M","R","?","R","BOSS","M","?","$","M","M","E","?","R","T","M","M","R","M","M","R","BOSS","M","$","?","M","M","R","E","?","T","M","E","M","?","M","R","BOSS","R","$","E","BOSS"],"build_version":"2019-07-17","purchased_purges":1,"victory":true,"max_hp_per_floor":[70,70,70,70,70,70,70,70,70,70,70,72,72,72,72,72,72,72,72,72,74,76,78,78,78,78,78,85,85,85,87,87,87,87,87,87,87,87,89,89,89,91,91,93,93,95,95,97,97,97,97,97,97,104,104],"card_choices":[{"not_picked":["Outmaneuver","Distraction"],"picked":"Underhanded Strike","floor":1},{"not_picked":["Dash","Deadly Poison"],"picked":"Flying Knee","floor":2},{"not_picked":["Skewer","Quick Slash"],"picked":"Bouncing Flask","floor":5},{"not_picked":["Slice","Sucker Punch","Expertise"],"picked":"SKIP","floor":7},{"not_picked":["Deflect","Deadly Poison"],"picked":"Catalyst","floor":10},{"not_picked":["Outmaneuver","Bane","Doppelganger"],"picked":"Singing Bowl","floor":12},{"not_picked":["Tools of the Trade","Storm of Steel"],"picked":"Burst","floor":16},{"not_picked":["Slice","Terror+1"],"picked":"Cloak And Dagger+1","floor":18},{"not_picked":["Quick Slash","Blade Dance+1","Flying Knee"],"picked":"Singing Bowl","floor":21},{"not_picked":["Prepared","All Out Attack","Accuracy"],"picked":"Singing Bowl","floor":22},{"not_picked":["Dagger Spray","Backstab","Blade Dance+1"],"picked":"Singing Bowl","floor":23},{"not_picked":["Backflip","Cloak And Dagger"],"picked":"Footwork+1","floor":27},{"not_picked":["Setup+1","Dagger Spray+1","Blade Dance"],"picked":"Singing Bowl","floor":28},{"not_picked":["Dagger Throw","Expertise"],"picked":"Tactician+1","floor":30},{"not_picked":["Reflex+1","Underhanded Strike","Dagger Throw"],"picked":"Singing Bowl","floor":31},{"not_picked":["Tools of the Trade","Wraith Form v2"],"picked":"Corpse Explosion","floor":33},{"not_picked":["Sucker Punch+1","Poisoned Stab+1"],"picked":"Catalyst","floor":35},{"not_picked":["Slice+1","Poisoned Stab"],"picked":"Noxious Fumes","floor":38},{"not_picked":["Underhanded Strike+1","Deadly Poison","Slice"],"picked":"Singing Bowl","floor":39},{"not_picked":["Backflip+1","Venomology"],"picked":"Leg Sweep","floor":41},{"not_picked":["Dagger Spray+1","Sucker Punch+1","Dagger Throw"],"picked":"Singing Bowl","floor":42},{"not_picked":["Accuracy+1","Setup+1","Blade Dance"],"picked":"Singing Bowl","floor":44},{"not_picked":["Phantasmal Killer","Deadly Poison"],"picked":"Noxious Fumes","floor":45},{"not_picked":["Deadly Poison+1","Concentrate+1","Accuracy"],"picked":"Singing Bowl","floor":46},{"not_picked":["Cloak And Dagger+1","Flechettes","Slice"],"picked":"Singing Bowl","floor":48},{"not_picked":["Outmaneuver","Distraction+1"],"picked":"PiercingWail+1","floor":54}],"player_experience":290315,"relics_obtained":[{"floor":7,"key":"Mummified Hand"},{"floor":9,"key":"Singing Bowl"},{"floor":10,"key":"Snake Skull"},{"floor":19,"key":"Boot"},{"floor":23,"key":"Juzu Bracelet"},{"floor":26,"key":"MawBank"},{"floor":41,"key":"Ancient Tea Set"},{"floor":42,"key":"Gambling Chip"},{"floor":45,"key":"Lantern"},{"floor":54,"key":"Strawberry"}],"event_choices":[{"damage_healed":0,"gold_gain":75,"player_choice":"Gather Gold","damage_taken":11,"max_hp_gain":0,"max_hp_loss":0,"event_name":"World of Goop","floor":4,"gold_loss":0},{"damage_healed":0,"gold_gain":0,"cards_transformed":["Strike_G"],"player_choice":"Transformed","damage_taken":0,"max_hp_gain":0,"max_hp_loss":0,"event_name":"Transmorgrifier","floor":14,"gold_loss":0,"cards_obtained":["Footwork"]},{"damage_healed":0,"gold_gain":0,"player_choice":"Bought 0 Potions","damage_taken":0,"max_hp_gain":0,"max_hp_loss":0,"event_name":"The Woman in Blue","floor":37,"gold_loss":0},{"damage_healed":0,"gold_gain":0,"player_choice":"Fight","damage_taken":0,"max_hp_gain":0,"max_hp_loss":0,"event_name":"MindBloom","floor":42,"gold_loss":0},{"damage_healed":0,"gold_gain":0,"cards_transformed":["Flying Knee"],"player_choice":"Transformed","damage_taken":0,"max_hp_gain":0,"max_hp_loss":0,"event_name":"Transmorgrifier","floor":47,"gold_loss":0,"cards_obtained":["Eviscerate"]}],"is_beta":false,"boss_relics":[{"not_picked":["Astrolabe","Ectoplasm"],"picked":"Pandora\u0027s Box"},{"not_picked":["Black Star","Lizard Tail"],"picked":"Cursed Key"}],"items_purged_floors":[53],"is_endless":false,"potions_floor_spawned":[2,5,7,23,27,33,38,39,42],"ascension_level":0}