{"gold_per_floor":[116,116,133,150,167,195,195,45,45,45,71,71,91,109,109,212,212,222,222,232,251,350,350],"floor_reached":23,"playtime":1547,"items_purged":[],"score":254,"play_id":"7964f5ec-c0cb-463d-bdcb-6b2e77d4d566","local_time":"20181208222330","is_ascension_mode":true,"campfire_choices":[{"data":"Darkness","floor":7,"key":"SMITH"},{"floor":10,"key":"REST"},{"data":"Seek","floor":12,"key":"SMITH"},{"floor":15,"key":"REST"}],"neow_cost":"PERCENT_DAMAGE","seed_source_timestamp":0,"circlet_count":0,"master_deck":["Strike_B","Strike_B","Strike_B","Defend_B","Defend_B","Zap","Dualcast","Reinforced Body","Recycle","Conserve Battery","Leap","Darkness+1","Seek+1","Turbo","Loop+1"],"special_seed":0,"relics":["Cracked Core","Shuriken","Oddly Smooth Stone","Letter Opener","Vajra","White Beast Statue"],"potions_floor_usage":[6,11,16,23,23],"damage_taken":[{"damage":2,"enemies":"Jaw Worm","floor":1,"turns":3},{"damage":1,"enemies":"Cultist","floor":3,"turns":3},{"damage":1,"enemies":"2 Louse","floor":4,"turns":3},{"damage":1,"enemies":"Blue Slaver","floor":5,"turns":4},{"damage":19,"enemies":"Gremlin Nob","floor":6,"turns":4},{"damage":30,"enemies":"3 Sentries","floor":11,"turns":6},{"damage":0,"enemies":"2 Fungi Beasts","floor":13,"turns":3},{"damage":0,"enemies":"3 Louse","floor":14,"turns":2},{"damage":8,"enemies":"Hexaghost","floor":16,"turns":8},{"damage":8,"enemies":"Spheric Guardian","floor":18,"turns":4},{"damage":4,"enemies":"Chosen","floor":20,"turns":4},{"damage":13,"enemies":"Snake Plant","floor":21,"turns":3},{"damage":40,"enemies":"Slavers","floor":23,"turns":3}],"seed_played":"5795566909480220271","potions_obtained":[{"floor":4,"key":"Explosive Potion"},{"floor":5,"key":"SkillPotion"},{"floor":11,"key":"Dexterity Potion"},{"floor":16,"key":"FocusPotion"},{"floor":18,"key":"Ancient Potion"},{"floor":20,"key":"Dexterity Potion"}],"is_trial":false,"path_per_floor":["M","?","M","M","M","E","R","$","T","R","E","R","M","M","R","B",null,"M","?","M","M","?","E"],"character_chosen":"DEFECT","items_purchased":["Oddly Smooth Stone"],"campfire_rested":2,"item_purchase_floors":[8],"current_hp_per_floor":[52,52,51,50,49,30,30,30,30,52,22,22,22,22,44,36,65,57,57,53,40,40,0],"gold":350,"neow_bonus":"TRANSFORM_TWO_CARDS","is_prod":false,"is_daily":false,"chose_seed":false,"campfire_upgraded":2,"win_rate":0,"timestamp":1544336610,"path_taken":["M","?","M","M","M","E","R","$","T","R","E","R","M","?","R","BOSS","M","?","M","M","?","E"],"build_version":"2018-12-06","purchased_purges":0,"victory":false,"max_hp_per_floor":[75,75,75,75,75,75,75,75,75,75,75,75,75,75,75,75,75,75,75,75,75,75,75],"card_choices":[{"not_picked":["Steam","White Noise"],"picked":"Conserve Battery","floor":1},{"not_picked":["Go for the Eyes","Chill","Static Discharge"],"picked":"SKIP","floor":3},{"not_picked":["Aggregate","Storm"],"picked":"Leap","floor":4},{"not_picked":["Hologram","Double Energy"],"picked":"Darkness","floor":5},{"not_picked":["Biased Cognition","Barrage","Stack"],"picked":"SKIP","floor":6},{"not_picked":["Chaos","Self Repair"],"picked":"Seek","floor":11},{"not_picked":["Redo","Gash","Compile Driver"],"picked":"SKIP","floor":13},{"not_picked":["Ball Lightning","Compile Driver","Self Repair"],"picked":"SKIP","floor":14},{"not_picked":["Leap","Static Discharge+1"],"picked":"Turbo","floor":18},{"not_picked":["Stack","Self Repair","Redo"],"picked":"SKIP","floor":20},{"not_picked":["Steam","Chaos"],"picked":"Loop+1","floor":21}],"player_experience":180555,"relics_obtained":[{"floor":6,"key":"Shuriken"},{"floor":9,"key":"Letter Opener"},{"floor":11,"key":"Vajra"}],"event_choices":[{"cards_removed":["Defend_B"],"damage_healed":0,"gold_gain":0,"player_choice":"Purged","damage_taken":0,"max_hp_gain":0,"max_hp_loss":0,"event_name":"Purifier","floor":2,"gold_loss":0},{"damage_healed":0,"gold_gain":0,"player_choice":"Ignored","damage_taken":0,"max_hp_gain":0,"max_hp_loss":0,"event_name":"Ghosts","floor":19,"gold_loss":0},{"damage_healed":0,"gold_gain":99,"player_choice":"Stole From Cult","damage_taken":0,"max_hp_gain":0,"max_hp_loss":0,"event_name":"Nest","floor":22,"gold_loss":0}],"is_beta":false,"boss_relics":[{"not_picked":["Fusion Hammer","FrozenCore"],"picked":"White Beast Statue"}],"items_purged_floors":[],"is_endless":false,"potions_floor_spawned":[4,5,11,16,18,20,21],"killed_by":"Slavers","ascension_level":5}