{"gold_per_floor":[118,131,281,281,82,82,92,92,92,126,126,152,162,162,162,234,234,234,174,174,174,174,174,174,174,174,174,174,7,7,7],"floor_reached":31,"playtime":2045,"items_purged":["Strike_B"],"score":505,"play_id":"f8645a87-d720-4f73-9294-62edd8643d13","local_time":"20190406202913","is_ascension_mode":true,"campfire_choices":[{"data":"Defragment","floor":6,"key":"SMITH"},{"data":"Chaos","floor":8,"key":"SMITH"},{"data":"Coolheaded","floor":11,"key":"SMITH"},{"data":"Sunder","floor":15,"key":"SMITH"},{"data":"Doom and Gloom","floor":23,"key":"SMITH"},{"data":"Genetic Algorithm","floor":27,"key":"SMITH"}],"neow_cost":"TEN_PERCENT_HP_LOSS","seed_source_timestamp":339284358858885,"circlet_count":0,"master_deck":["AscendersBane","Strike_B","Strike_B","Defend_B","Defend_B","Defend_B","Zap","Dualcast","Ball Lightning","Coolheaded+1","Doom and Gloom+1","Defragment+1","Sunder+1","Auto Shields","Chaos+1","Conserve Battery","Undo","Leap","Multi-Cast","Self Repair","Genetic Algorithm+1","Necronomicurse","White Noise","Amplify","Sunder+1","Streamline","Gash"],"relics":["Cracked Core","Prayer Wheel","Lantern","Smiling Mask","Ornamental Fan","Mercury Hourglass","Ectoplasm","StoneCalendar","Necronomicon","Pear","The Courier","DollysMirror"],"potions_floor_usage":[16,16,18,19,28],"damage_taken":[{"damage":4,"enemies":"Jaw Worm","floor":1,"turns":4},{"damage":0,"enemies":"Small Slimes","floor":2,"turns":2},{"damage":0,"enemies":"2 Louse","floor":7,"turns":3},{"damage":8,"enemies":"Gremlin Nob","floor":10,"turns":3},{"damage":9,"enemies":"Lagavulin","floor":12,"turns":5},{"damage":10,"enemies":"Exordium Thugs","floor":13,"turns":2},{"damage":3,"enemies":"The Guardian","floor":16,"turns":8},{"damage":9,"enemies":"Shell Parasite","floor":18,"turns":5},{"damage":4,"enemies":"2 Thieves","floor":19,"turns":3},{"damage":6,"enemies":"Snake Plant","floor":25,"turns":2},{"damage":31,"enemies":"Book of Stabbing","floor":28,"turns":5},{"damage":12,"enemies":"Sentry and Sphere","floor":31,"turns":3}],"seed_played":"-6660308403342193247","potions_obtained":[{"floor":10,"key":"LiquidBronze"},{"floor":13,"key":"Regen Potion"},{"floor":16,"key":"SpeedPotion"},{"floor":19,"key":"Fruit Juice"},{"floor":25,"key":"AttackPotion"}],"is_trial":false,"path_per_floor":["M","M","?","?","$","R","M","R","T","E","R","E","M","T","R","B",null,"M","M","?","T","?","R","$","M","T","R","E","$","?","M"],"character_chosen":"DEFECT","items_purchased":["Sunder","Auto Shields","DollysMirror"],"campfire_rested":0,"item_purchase_floors":[5,5,29],"current_hp_per_floor":[60,60,60,53,53,53,53,53,53,45,45,36,26,26,26,38,58,49,57,57,57,36,36,36,30,40,40,9,9,9,0],"gold":7,"neow_bonus":"ONE_RARE_RELIC","is_prod":false,"is_daily":false,"chose_seed":false,"campfire_upgraded":6,"win_rate":0,"timestamp":1554596953,"path_taken":["M","M","?","?","$","R","M","R","T","E","R","E","M","?","R","BOSS","M","M","?","?","?","R","$","M","T","R","E","$","?","M"],"build_version":"2019-01-23","purchased_purges":1,"victory":false,"max_hp_per_floor":[64,64,64,64,64,64,64,64,64,64,64,64,64,64,64,64,64,64,69,69,69,69,69,69,69,79,79,79,79,79,79],"card_choices":[{"not_picked":["Rebound","Coolheaded"],"picked":"Ball Lightning","floor":1},{"not_picked":["Ball Lightning","Cold Snap"],"picked":"Coolheaded","floor":1},{"not_picked":["Chill","Ball Lightning"],"picked":"Doom and Gloom","floor":2},{"not_picked":["Lockon","BootSequence"],"picked":"Defragment","floor":2},{"not_picked":["Melter","Recycle"],"picked":"Chaos","floor":7},{"not_picked":["Redo","Storm"],"picked":"Conserve Battery","floor":7},{"not_picked":["Redo","Hologram","Reprogram"],"picked":"SKIP","floor":10},{"not_picked":["Fission","Hello World"],"picked":"Undo","floor":12},{"not_picked":["Static Discharge","Sweeping Beam"],"picked":"Leap","floor":13},{"not_picked":["Streamline","Capacitor","Barrage"],"picked":"SKIP","floor":13},{"not_picked":["Fission","Seek"],"picked":"Multi-Cast","floor":16},{"not_picked":["Genetic Algorithm","Darkness"],"picked":"Self Repair","floor":18},{"not_picked":["Compile Driver","Scrape","Redo"],"picked":"SKIP","floor":18},{"not_picked":["Tempest","Chill"],"picked":"Genetic Algorithm","floor":19},{"not_picked":["Ball Lightning+1","Chill","Recycle"],"picked":"SKIP","floor":19},{"not_picked":["Leap","Hello World"],"picked":"White Noise","floor":25},{"not_picked":["Reprogram","Leap","Sweeping Beam+1"],"picked":"SKIP","floor":25},{"not_picked":["Sweeping Beam","Conserve Battery+1"],"picked":"Amplify","floor":28}],"player_experience":830926,"relics_obtained":[{"floor":9,"key":"Lantern"},{"floor":10,"key":"Smiling Mask"},{"floor":12,"key":"Ornamental Fan"},{"floor":14,"key":"Mercury Hourglass"},{"floor":21,"key":"StoneCalendar"},{"floor":22,"key":"Necronomicon"},{"floor":26,"key":"Pear"},{"floor":28,"key":"The Courier"}],"event_choices":[{"damage_healed":0,"gold_gain":150,"player_choice":"AGREE","damage_taken":0,"max_hp_gain":0,"max_hp_loss":0,"event_name":"Liars Game","floor":3,"gold_loss":0,"cards_obtained":["Doubt"]},{"cards_removed":["Doubt"],"damage_healed":0,"gold_gain":0,"player_choice":"Card Removal","damage_taken":7,"max_hp_gain":0,"max_hp_loss":0,"event_name":"Golden Wing","floor":4,"gold_loss":0},{"damage_healed":0,"gold_gain":0,"player_choice":"Ignored","damage_taken":0,"max_hp_gain":0,"max_hp_loss":0,"event_name":"Ghosts","floor":20,"gold_loss":0},{"damage_healed":0,"gold_gain":0,"player_choice":"Obtained Book","damage_taken":21,"max_hp_gain":0,"max_hp_loss":0,"event_name":"Cursed Tome","floor":22,"gold_loss":0},{"damage_healed":0,"gold_gain":0,"cards_transformed":["Defend_B","Strike_B"],"player_choice":"Became Test Subject","damage_taken":0,"max_hp_gain":0,"max_hp_loss":0,"event_name":"Drug Dealer","floor":30,"gold_loss":0,"cards_obtained":["Streamline","Gash"]}],"is_beta":false,"boss_relics":[{"not_picked":["Black Star","Orrery"],"picked":"Ectoplasm"}],"items_purged_floors":[5],"is_endless":false,"potions_floor_spawned":[10,13,16,19,25],"killed_by":"Sentry and Sphere","ascension_level":19}