{"gold_per_floor":[110,35,45,45,61,89,89,39,62,62,13,13,93,113,113,216,216,190,190,210,225,244,244,262,262,286,286,314,45,71,71,71,172,172,191,191,204,89,189,220,220,220,220,234,253,253,179,189,189,189],"floor_reached":51,"playtime":6058,"items_purged":["Defend_B"],"score":782,"play_id":"b349611e-f9b3-45b2-91bf-7578fdf01574","local_time":"20190817230925","is_ascension_mode":true,"campfire_choices":[{"floor":7,"key":"REST"},{"data":"Transmutation","floor":10,"key":"SMITH"},{"data":"Fusion","floor":15,"key":"SMITH"},{"floor":23,"key":"REST"},{"floor":25,"key":"REST"},{"floor":32,"key":"REST"},{"floor":41,"key":"REST"},{"floor":46,"key":"REST"},{"data":"Defragment","floor":49,"key":"SMITH"}],"neow_cost":"TEN_PERCENT_HP_LOSS","seed_source_timestamp":93380995396147,"circlet_count":0,"master_deck":["Defend_B","Zap","Dualcast","Transmutation+1","Secret Technique","BootSequence","Cold Snap","Tempest","Stack","Melter","Fusion+1","Core Surge","Redo","Static Discharge+1","Conserve Battery","Self Repair","Self Repair","RitualDagger","Lockon","Defragment+1","Sunder","Bite","Bite","Bite","Bite","Bite","Core Surge","Sweeping Beam+1","Panache","Panacea","Streamline","Blizzard","Capacitor+1","Loop+1","Leap+1","Turbo+1"],"relics":["FrozenCore","Ancient Tea Set","DataDisk","Centennial Puzzle","Lizard Tail","Bag of Preparation","Pantograph","Runic Capacitor","PreservedInsect","Mango","Strawberry","Pear"],"potions_floor_usage":[6,13,16,22,28,28,30,33,40,50],"damage_taken":[{"damage":2,"enemies":"Cultist","floor":1,"turns":5},{"damage":3,"enemies":"Jaw Worm","floor":3,"turns":4},{"damage":2,"enemies":"2 Louse","floor":5,"turns":3},{"damage":13,"enemies":"Lagavulin","floor":6,"turns":8},{"damage":6,"enemies":"3 Sentries","floor":13,"turns":4},{"damage":0,"enemies":"Large Slime","floor":14,"turns":3},{"damage":41,"enemies":"Hexaghost","floor":16,"turns":13},{"damage":16,"enemies":"2 Thieves","floor":18,"turns":5},{"damage":0,"enemies":"Chosen","floor":20,"turns":4},{"damage":33,"enemies":"Centurion and Healer","floor":21,"turns":10},{"damage":5,"enemies":"Sentry and Sphere","floor":22,"turns":4},{"damage":1,"enemies":"Snake Plant","floor":24,"turns":3},{"damage":41,"enemies":"Slavers","floor":28,"turns":5},{"damage":24,"enemies":"Book of Stabbing","floor":30,"turns":5},{"damage":98,"enemies":"Collector","floor":33,"turns":10},{"damage":3,"enemies":"Orb Walker","floor":35,"turns":5},{"damage":14,"enemies":"3 Shapes","floor":37,"turns":4},{"damage":16,"enemies":"Mind Bloom Boss Battle","floor":39,"turns":9},{"damage":67,"enemies":"Nemesis","floor":40,"turns":9},{"damage":28,"enemies":"Transient","floor":44,"turns":5},{"damage":14,"enemies":"3 Darklings","floor":45,"turns":6},{"damage":3,"enemies":"Maw","floor":48,"turns":10},{"damage":107,"enemies":"Awakened One","floor":50,"turns":9}],"seed_played":"-4413864809168218390","potions_obtained":[{"floor":3,"key":"AttackPotion"},{"floor":5,"key":"Dexterity Potion"},{"floor":14,"key":"Strength Potion"},{"floor":16,"key":"Swift Potion"},{"floor":20,"key":"Poison Potion"},{"floor":22,"key":"Regen Potion"},{"floor":24,"key":"LiquidBronze"},{"floor":28,"key":"LiquidBronze"},{"floor":37,"key":"GamblersBrew"},{"floor":40,"key":"SpeedPotion"},{"floor":44,"key":"Explosive Potion"}],"is_trial":false,"path_per_floor":["M","$","M","?","M","E","R","?","T","R","$","?","E","M","R","B",null,"M","?","M","M","M","R","M","R","T","?","E","$","E","?","R","B",null,"M","?","M","$","?","E","R","?","T","M","M","R","$","M","R","B",null],"character_chosen":"DEFECT","items_purchased":["BootSequence","Block Potion","Runic Capacitor","Defragment","Blizzard","LiquidBronze"],"campfire_rested":6,"item_purchase_floors":[2,11,29,29,38,47],"current_hp_per_floor":[66,66,63,63,61,48,68,68,68,68,68,61,57,59,59,20,68,52,52,54,23,20,40,48,68,68,62,46,46,31,31,51,18,68,68,63,65,65,82,48,74,74,84,58,66,95,95,99,99,8],"gold":189,"neow_bonus":"RANDOM_COLORLESS_2","is_prod":false,"is_daily":false,"chose_seed":false,"campfire_upgraded":3,"win_rate":0,"timestamp":1566097765,"path_taken":["M","?","M","?","?","E","R","?","T","R","$","?","E","M","R","BOSS","M","?","?","M","M","R","M","R","T","?","E","$","E","?","R","BOSS","M","?","M","$","?","E","R","?","T","M","M","R","$","?","R","BOSS"],"build_version":"2019-07-17","purchased_purges":1,"victory":true,"max_hp_per_floor":[68,68,68,68,68,68,68,68,68,68,68,68,68,68,68,68,68,68,68,68,68,68,68,68,68,68,68,68,68,68,68,68,68,68,68,68,68,68,82,89,89,89,99,99,99,99,99,99,99,99],"card_choices":[{"not_picked":["Auto Shields","Streamline"],"picked":"Storm","floor":1},{"not_picked":["Leap","Barrage"],"picked":"Cold Snap","floor":3},{"not_picked":["Redo","Consume"],"picked":"Tempest","floor":5},{"not_picked":["Barrage","Hologram"],"picked":"Stack","floor":6},{"not_picked":["Capacitor","Rebound"],"picked":"Melter","floor":13},{"not_picked":["Rebound","Redo"],"picked":"Fusion","floor":14},{"not_picked":["All For One","Amplify"],"picked":"Core Surge","floor":16},{"not_picked":["Coolheaded","Hologram"],"picked":"Redo","floor":18},{"not_picked":["Undo","Blizzard"],"picked":"Static Discharge+1","floor":20},{"not_picked":["Rebound","Compile Driver"],"picked":"Conserve Battery","floor":21},{"not_picked":["Thunder Strike","Auto Shields+1"],"picked":"Self Repair","floor":22},{"not_picked":["Compile Driver","White Noise"],"picked":"Self Repair","floor":24},{"not_picked":["Auto Shields+1","Ball Lightning"],"picked":"Lockon","floor":28},{"not_picked":["Leap","Compile Driver"],"picked":"Sunder","floor":30},{"not_picked":["Machine Learning","All For One"],"picked":"Core Surge","floor":33},{"not_picked":["Genetic Algorithm","Ball Lightning"],"picked":"Sweeping Beam+1","floor":35},{"not_picked":["Dramatic Entrance","Mind Blast"],"picked":"Panache","floor":36},{"not_picked":["Impatience","Purity"],"picked":"Panacea","floor":36},{"not_picked":["Hello World+1","Cold Snap"],"picked":"Streamline","floor":37},{"not_picked":["FTL","Seek"],"picked":"Capacitor+1","floor":40},{"not_picked":["Doom and Gloom+1","Ball Lightning"],"picked":"Loop+1","floor":44},{"not_picked":["Barrage","Capacitor"],"picked":"Leap+1","floor":45},{"not_picked":["Aggregate","Conserve Battery"],"picked":"Turbo+1","floor":48}],"player_experience":207693,"relics_obtained":[{"floor":6,"key":"Ancient Tea Set"},{"floor":9,"key":"Blood Vial"},{"floor":13,"key":"Centennial Puzzle"},{"floor":26,"key":"Bag of Preparation"},{"floor":28,"key":"Pantograph"},{"floor":30,"key":"PreservedInsect"},{"floor":39,"key":"Mango"},{"floor":40,"key":"Strawberry"},{"floor":43,"key":"Pear"}],"event_choices":[{"cards_removed":["Strike_B"],"damage_healed":0,"gold_gain":0,"player_choice":"Purged","damage_taken":0,"max_hp_gain":0,"max_hp_loss":0,"event_name":"Purifier","floor":4,"gold_loss":0},{"cards_removed":["Storm"],"damage_healed":0,"gold_gain":0,"player_choice":"Card Removal","damage_taken":0,"max_hp_gain":0,"max_hp_loss":0,"event_name":"The Cleric","floor":8,"gold_loss":50},{"damage_healed":0,"gold_gain":0,"player_choice":"Success","damage_taken":7,"relics_obtained":["DataDisk"],"max_hp_gain":0,"max_hp_loss":0,"event_name":"Scrap Ooze","floor":12,"gold_loss":0},{"cards_removed":["Defend_B"],"damage_healed":0,"gold_gain":0,"player_choice":"Card Removal","damage_taken":0,"max_hp_gain":0,"max_hp_loss":0,"event_name":"Wheel of Change","floor":19,"gold_loss":0},{"damage_healed":0,"gold_gain":0,"player_choice":"Joined the Cult","damage_taken":6,"max_hp_gain":0,"max_hp_loss":0,"event_name":"Nest","floor":27,"gold_loss":0,"cards_obtained":["RitualDagger"]},{"damage_healed":0,"gold_gain":0,"player_choice":"Became a vampire (Vial)","damage_taken":0,"max_hp_gain":0,"max_hp_loss":0,"event_name":"Vampires","floor":31,"relics_lost":["Blood Vial"],"gold_loss":0,"cards_obtained":["Bite","Bite","Bite","Bite","Bite"]},{"damage_healed":0,"gold_gain":0,"player_choice":"Memory 2","damage_taken":5,"max_hp_gain":0,"max_hp_loss":0,"event_name":"SensoryStone","floor":36,"gold_loss":0},{"damage_healed":0,"gold_gain":0,"player_choice":"Fight","damage_taken":0,"max_hp_gain":0,"max_hp_loss":0,"event_name":"MindBloom","floor":39,"gold_loss":0},{"cards_removed":["Defend_B"],"damage_healed":0,"gold_gain":0,"player_choice":"Removed Skill","damage_taken":0,"max_hp_gain":0,"max_hp_loss":0,"event_name":"Falling","floor":42,"gold_loss":0}],"is_beta":false,"boss_relics":[{"not_picked":["Runic Pyramid","Tiny House"],"picked":"Lizard Tail"},{"not_picked":["Pandora\u0027s Box","Nuclear Battery"],"picked":"FrozenCore"}],"items_purged_floors":[38],"is_endless":false,"potions_floor_spawned":[3,5,14,16,20,22,24,28,37,40,44],"ascension_level":1}