{"gold_per_floor":[109,184,194,194,194,194,208,239,239,275,14,14,14],"floor_reached":13,"playtime":703,"items_purged":[],"score":182,"play_id":"35b486ac-c622-47e7-8b9e-300e4ce96d90","local_time":"20190609203642","is_ascension_mode":true,"campfire_choices":[{"data":"Feed","floor":6,"key":"SMITH"},{"data":"Whirlwind","floor":12,"key":"SMITH"}],"neow_cost":"TEN_PERCENT_HP_LOSS","seed_source_timestamp":622365140155489,"circlet_count":0,"master_deck":["AscendersBane","Strike_R","Strike_R","Strike_R","Strike_R","Strike_R","Defend_R","Defend_R","Defend_R","Defend_R","Bash","Feed+1","Pommel Strike","Shrug It Off","Pummel","Whirlwind+1","Iron Wave"],"relics":["Burning Blood","Singing Bowl","Golden Idol","The Courier","Meat on the Bone","Gambling Chip"],"potions_floor_usage":[10],"damage_taken":[{"damage":6,"enemies":"Cultist","floor":1,"turns":3},{"damage":4,"enemies":"Jaw Worm","floor":3,"turns":3},{"damage":10,"enemies":"2 Louse","floor":7,"turns":4},{"damage":33,"enemies":"Gremlin Nob","floor":8,"turns":4},{"damage":27,"enemies":"3 Sentries","floor":10,"turns":6},{"damage":19,"enemies":"Exordium Thugs","floor":13,"turns":4}],"seed_played":"-1305993562719754184","potions_obtained":[{"floor":7,"key":"Explosive Potion"}],"is_trial":false,"path_per_floor":["M","?","M","T","?","R","M","E","T","E","$","R","M"],"character_chosen":"IRONCLAD","items_purchased":["Gambling Chip"],"campfire_rested":0,"item_purchase_floors":[11],"current_hp_per_floor":[68,57,62,62,62,62,62,35,35,18,18,18,0],"gold":14,"neow_bonus":"THREE_RARE_CARDS","is_prod":false,"is_daily":false,"chose_seed":false,"campfire_upgraded":2,"win_rate":0,"timestamp":1560137802,"path_taken":["M","?","M","?","?","R","?","E","T","E","$","R","M"],"build_version":"2019-01-23","purchased_purges":0,"victory":false,"max_hp_per_floor":[68,68,71,71,64,64,68,68,68,72,72,72,72],"card_choices":[{"not_picked":["Demon Form","Berserk"],"picked":"Feed","floor":0},{"not_picked":["Wild Strike","Warcry"],"picked":"Pommel Strike","floor":1},{"not_picked":["Clash","Iron Wave"],"picked":"Shrug It Off","floor":3},{"not_picked":["Dropkick","Corruption"],"picked":"Pummel","floor":7},{"not_picked":["Cleave","Corruption"],"picked":"Whirlwind","floor":8},{"not_picked":["Rupture","Rage"],"picked":"Iron Wave","floor":10}],"player_experience":999928,"relics_obtained":[{"floor":4,"key":"Singing Bowl"},{"floor":8,"key":"The Courier"},{"floor":10,"key":"Meat on the Bone"}],"event_choices":[{"damage_healed":0,"gold_gain":75,"player_choice":"Gather Gold","damage_taken":11,"max_hp_gain":0,"max_hp_loss":0,"event_name":"World of Goop","floor":2,"gold_loss":0},{"damage_healed":0,"gold_gain":0,"player_choice":"Lose Max HP","damage_taken":0,"relics_obtained":["Golden Idol"],"max_hp_gain":0,"max_hp_loss":7,"event_name":"Golden Idol","floor":5,"gold_loss":0}],"is_beta":false,"boss_relics":[],"items_purged_floors":[],"is_endless":false,"potions_floor_spawned":[7],"killed_by":"Exordium Thugs","ascension_level":20}