{"gold_per_floor":[14,27,102,118,193,219,238,256,279,279,279],"floor_reached":11,"playtime":996,"items_purged":[],"score":86,"play_id":"8f1a3948-e918-4a0c-ad42-25bba32239ca","local_time":"20181205170522","is_ascension_mode":true,"campfire_choices":[{"data":"Barricade","floor":10,"key":"SMITH"}],"neow_cost":"NO_GOLD","seed_source_timestamp":227171826883275,"circlet_count":0,"master_deck":["Strike_R","Strike_R","Strike_R","Strike_R","Strike_R","Defend_R","Defend_R","Defend_R","Defend_R","Bash","Double Tap","Iron Wave","Shrug It Off","Shrug It Off","Barricade+1","Body Slam"],"relics":["Burning Blood","Lantern","Blood Vial"],"potions_floor_usage":[6,11,11],"damage_taken":[{"damage":6,"enemies":"Cultist","floor":1,"turns":4},{"damage":5,"enemies":"Small Slimes","floor":2,"turns":3},{"damage":1,"enemies":"2 Louse","floor":4,"turns":3},{"damage":26,"enemies":"3 Sentries","floor":6,"turns":11},{"damage":0,"enemies":"Large Slime","floor":7,"turns":4},{"damage":14,"enemies":"Gremlin Gang","floor":8,"turns":8},{"damage":47,"enemies":"Lagavulin","floor":11,"turns":9}],"seed_played":"-841126709025325397","potions_obtained":[{"floor":2,"key":"GamblersBrew"},{"floor":4,"key":"FearPotion"},{"floor":6,"key":"Weak Potion"}],"is_trial":false,"path_per_floor":["M","M","?","M","?","E","M","M","T","R","E"],"character_chosen":"IRONCLAD","items_purchased":[],"campfire_rested":0,"item_purchase_floors":[],"current_hp_per_floor":[80,80,69,74,66,46,52,44,44,44,0],"gold":279,"neow_bonus":"THREE_RARE_CARDS","is_prod":false,"is_daily":false,"chose_seed":false,"campfire_upgraded":1,"win_rate":0,"timestamp":1544058322,"path_taken":["M","M","?","M","?","E","M","?","T","R","E"],"build_version":"2018-11-15","purchased_purges":0,"victory":false,"max_hp_per_floor":[80,80,80,80,80,80,80,80,80,80,80],"card_choices":[{"not_picked":["Bludgeon","Berserk"],"picked":"Double Tap","floor":0},{"not_picked":["Pommel Strike","Burning Pact"],"picked":"Iron Wave","floor":1},{"not_picked":["Iron Wave","Twin Strike"],"picked":"Shrug It Off","floor":2},{"not_picked":["Carnage","Burning Pact","Perfected Strike"],"picked":"SKIP","floor":4},{"not_picked":["Shockwave","Corruption"],"picked":"Shrug It Off","floor":6},{"not_picked":["Twin Strike","Armaments"],"picked":"Barricade","floor":7},{"not_picked":["Twin Strike","Clothesline"],"picked":"Body Slam","floor":8}],"player_experience":160989,"relics_obtained":[{"floor":6,"key":"Lantern"},{"floor":9,"key":"Blood Vial"}],"event_choices":[{"damage_healed":0,"gold_gain":75,"player_choice":"Gather Gold","damage_taken":11,"max_hp_gain":0,"max_hp_loss":0,"event_name":"World of Goop","floor":3,"gold_loss":0},{"damage_healed":0,"gold_gain":75,"player_choice":"Touch","damage_taken":8,"max_hp_gain":0,"max_hp_loss":0,"event_name":"FaceTrader","floor":5,"gold_loss":0}],"is_beta":false,"boss_relics":[],"items_purged_floors":[],"is_endless":false,"potions_floor_spawned":[2,4,6],"killed_by":"Lagavulin","ascension_level":3}