{"gold_per_floor":[12,25,25,25,41,41,70,70,70,80,80,91,105,118,118,216,216,231,231,231,242,65,91,91,71,94,106,129,141,168,198,210,318,330,357,369,393,420,432,474,486,526,563,9,20,55,55,75,75,75],"floor_reached":51,"playtime":5506,"items_purged":["Strike_R","Defend_R"],"score":1089,"play_id":"7316e978-22de-4448-b236-c57d976f7780","local_time":"20190106211246","is_ascension_mode":true,"campfire_choices":[{"data":"Flame Barrier","floor":6.0,"key":"SMITH"},{"data":"Flex","floor":8.0,"key":"SMITH"},{"data":"Flame Barrier","floor":15.0,"key":"SMITH"},{"data":"Flex","floor":27,"key":"SMITH"},{"data":"Metallicize","floor":29,"key":"SMITH"},{"data":"Seeing Red","floor":32,"key":"SMITH"},{"data":"Demon Form","floor":41,"key":"SMITH"},{"data":"Limit Break","floor":47,"key":"SMITH"},{"data":"Spot Weakness","floor":49,"key":"SMITH"}],"neow_cost":"NO_GOLD","seed_source_timestamp":0,"circlet_count":0,"master_deck":["Strike_R","Strike_R","Strike_R","Strike_R","Defend_R","Defend_R","Defend_R","Bash","Discovery+1","Finesse","Flex+1","Flame Barrier+1","Sword Boomerang","Ghostly Armor","Carnage+1","Flame Barrier+1","Thunderclap+1","Iron Wave+1","Reaper+1","Headbutt+1","Sword Boomerang+1","Armaments+1","Flex+1","Twin Strike+1","Metallicize+1","Spot Weakness+1","Seeing Red+1","Demon Form+1","Sword Boomerang+1","Armaments+1","Reaper+1","Flame Barrier+1","Inflame","Limit Break+1","Bloodletting+1"],"special_seed":0,"relics":["Burning Blood","Molten Egg 2","Dodecahedron","Runic Pyramid","Self Forming Clay","Nilry\u0027s Codex","MawBank","Busted Crown","Bag of Marbles","Oddly Smooth Stone","Ancient Tea Set","Mercury Hourglass","Regal Pillow"],"potions_floor_usage":[23,23,23,33,33,33,35,46,50,50,50],"damage_taken":[{"damage":0.0,"enemies":"Small Slimes","floor":1.0,"turns":3.0},{"damage":0.0,"enemies":"Cultist","floor":2.0,"turns":2.0},{"damage":0.0,"enemies":"Jaw Worm","floor":5.0,"turns":3.0},{"damage":13.0,"enemies":"Gremlin Nob","floor":7.0,"turns":3.0},{"damage":16.0,"enemies":"Gremlin Gang","floor":10.0,"turns":4.0},{"damage":0.0,"enemies":"2 Fungi Beasts","floor":12.0,"turns":3.0},{"damage":0.0,"enemies":"Exordium Wildlife","floor":13.0,"turns":3.0},{"damage":14.0,"enemies":"3 Louse","floor":14.0,"turns":3.0},{"damage":34.0,"enemies":"The Guardian","floor":16.0,"turns":13.0},{"damage":21.0,"enemies":"Shell Parasite","floor":18.0,"turns":11.0},{"damage":9,"enemies":"Spheric Guardian","floor":21,"turns":4},{"damage":22,"enemies":"Gremlin Leader","floor":23,"turns":5},{"damage":23,"enemies":"Shelled Parasite and Fungi","floor":28,"turns":6},{"damage":9,"enemies":"Chosen and Byrds","floor":30,"turns":3},{"damage":10,"enemies":"Snake Plant","floor":31,"turns":5},{"damage":58,"enemies":"Collector","floor":33,"turns":11},{"damage":13,"enemies":"3 Darklings","floor":35,"turns":5},{"damage":17,"enemies":"Orb Walker","floor":37,"turns":4},{"damage":22,"enemies":"Writhing Mass","floor":38,"turns":5},{"damage":17,"enemies":"Nemesis","floor":40,"turns":7},{"damage":0,"enemies":"Giant Head","floor":42,"turns":6},{"damage":30,"enemies":"Jaw Worm Horde","floor":45,"turns":4},{"damage":32,"enemies":"Reptomancer","floor":46,"turns":5},{"damage":12,"enemies":"Sphere and 2 Shapes","floor":48,"turns":4},{"damage":39,"enemies":"Donu and Deca","floor":50,"turns":7}],"seed_played":"8277912700433549586","potions_obtained":[{"floor":1.0,"key":"Weak Potion"},{"floor":2.0,"key":"PowerPotion"},{"floor":14.0,"key":"Ancient Potion"},{"floor":16.0,"key":"SpeedPotion"},{"floor":23,"key":"Explosive Potion"},{"floor":25,"key":"EssenceOfSteel"},{"floor":30,"key":"Explosive Potion"},{"floor":33,"key":"Swift Potion"},{"floor":35,"key":"Explosive Potion"},{"floor":42,"key":"SteroidPotion"},{"floor":45,"key":"PowerPotion"},{"floor":48,"key":"Block Potion"}],"is_trial":false,"path_per_floor":["M","M","?","$","M","R","E","R","T","M","?","M","M","M","R","B",null,"M","?","?","M","$","E","?","?","T","R","M","R","M","M","R","B",null,"M","?","M","M","?","E","R","E","T","$","M","E","R","M","R","B",null],"character_chosen":"IRONCLAD","items_purchased":["Flex","Strength Potion","Inflame","Limit Break","Mercury Hourglass"],"campfire_rested":0,"item_purchase_floors":[22,22,44,44,44],"current_hp_per_floor":[78,80,80,80,80,80,73,73,73,63,55,61,67,59,59,31,68,62,62,62,59,59,80,64,64,64,64,60,60,57,60,60,47,72,80,80,80,73,73,76,76,80,80,80,80,80,80,74,74,80],"gold":75,"neow_bonus":"RANDOM_COLORLESS_2","is_prod":false,"is_daily":false,"chose_seed":false,"campfire_upgraded":9,"win_rate":0,"timestamp":1546837966,"path_taken":["M","M","?","?","M","R","E","R","T","M","?","M","?","M","R","BOSS","M","?","?","M","$","E","?","?","T","R","M","R","?","M","R","BOSS","M","?","M","M","?","E","R","E","T","$","M","E","R","M","R","BOSS"],"build_version":"2019-01-03v4","purchased_purges":2,"victory":true,"max_hp_per_floor":[80,80,80,80,80,80,80,80,80,80,80,80,80,80,80,80,80,80,80,80,80,80,80,80,80,80,80,80,80,80,80,80,80,80,80,80,80,80,80,80,80,80,80,80,80,80,80,80,80,80],"card_choices":[{"not_picked":["Combust","Entrench"],"picked":"Flex","floor":1.0},{"not_picked":["Ghostly Armor","Twin Strike"],"picked":"Flame Barrier","floor":2.0},{"not_picked":["Sever Soul","Cleave"],"picked":"Sword Boomerang","floor":5.0},{"not_picked":["Feel No Pain","Sentinel"],"picked":"Ghostly Armor","floor":7.0},{"not_picked":["Wild Strike+1","Havoc"],"picked":"Carnage+1","floor":10.0},{"not_picked":["True Grit","Rage"],"picked":"Flame Barrier","floor":12.0},{"not_picked":["Warcry","Infernal Blade"],"picked":"Thunderclap+1","floor":13.0},{"not_picked":["Cleave+1","Body Slam+1"],"picked":"Iron Wave+1","floor":14.0},{"not_picked":["Barricade","Offering"],"picked":"Reaper+1","floor":16.0},{"not_picked":["Havoc+1","Hemokinesis+1"],"picked":"Headbutt+1","floor":18},{"not_picked":["Havoc","Blood for Blood+1"],"picked":"Armaments+1","floor":21},{"not_picked":["Clash+1","Rupture"],"picked":"Twin Strike+1","floor":23},{"not_picked":["Second Wind","Evolve+1"],"picked":"Metallicize","floor":28},{"not_picked":["Body Slam+1","Armaments"],"picked":"Spot Weakness","floor":30},{"not_picked":["Thunderclap+1","Clothesline+1"],"picked":"Seeing Red","floor":31},{"not_picked":["Feed+1","Immolate+1"],"picked":"Demon Form","floor":33},{"not_picked":[],"picked":"Sword Boomerang+1","floor":35},{"not_picked":[],"picked":"Armaments+1","floor":37},{"not_picked":["Entrench+1"],"picked":"SKIP","floor":38},{"not_picked":[],"picked":"Flame Barrier+1","floor":40},{"not_picked":["Body Slam+1"],"picked":"SKIP","floor":42},{"not_picked":["Rupture"],"picked":"SKIP","floor":45},{"not_picked":[],"picked":"Bloodletting+1","floor":46},{"not_picked":["Headbutt+1"],"picked":"SKIP","floor":48}],"player_experience":372559,"relics_obtained":[{"floor":7.0,"key":"Molten Egg 2"},{"floor":9.0,"key":"Dodecahedron"},{"floor":23,"key":"Self Forming Clay"},{"floor":24,"key":"Nilry\u0027s Codex"},{"floor":26,"key":"MawBank"},{"floor":40,"key":"Bag of Marbles"},{"floor":42,"key":"Oddly Smooth Stone"},{"floor":43,"key":"Ancient Tea Set"},{"floor":46,"key":"Regal Pillow"}],"event_choices":[{"damage_healed":0.0,"max_hp_gain":0.0,"max_hp_loss":0.0,"gold_gain":0.0,"event_name":"Accursed Blacksmith","player_choice":"Forge","floor":3.0,"gold_loss":0.0,"damage_taken":0.0,"cards_upgraded":["Discovery"]},{"damage_healed":0.0,"max_hp_gain":0.0,"max_hp_loss":0.0,"gold_gain":0.0,"event_name":"Wheel of Change","player_choice":"Damaged","floor":11.0,"gold_loss":0.0,"damage_taken":8.0},{"damage_healed":0,"gold_gain":0,"player_choice":"Read","damage_taken":0,"max_hp_gain":0,"max_hp_loss":0,"event_name":"The Library","floor":19,"gold_loss":0,"cards_obtained":["Sword Boomerang"]},{"damage_healed":0,"gold_gain":0,"player_choice":"Ignored","damage_taken":0,"max_hp_gain":0,"max_hp_loss":0,"event_name":"Ghosts","floor":20,"gold_loss":0},{"damage_healed":0,"gold_gain":0,"player_choice":"Obtained Book","damage_taken":16,"max_hp_gain":0,"max_hp_loss":0,"event_name":"Cursed Tome","floor":24,"gold_loss":0},{"damage_healed":0,"gold_gain":0,"player_choice":"Bought 1 Potion","damage_taken":0,"max_hp_gain":0,"max_hp_loss":0,"event_name":"The Woman in Blue","floor":25,"gold_loss":0},{"damage_healed":0,"gold_gain":0,"player_choice":"Ignored","damage_taken":0,"max_hp_gain":0,"max_hp_loss":0,"event_name":"Tomb of Lord Red Mask","floor":36,"gold_loss":0},{"damage_healed":0,"gold_gain":0,"player_choice":"Copied","damage_taken":0,"max_hp_gain":0,"max_hp_loss":0,"event_name":"Duplicator","floor":39,"gold_loss":0,"cards_obtained":["Reaper"]}],"is_beta":false,"boss_relics":[{"not_picked":["Velvet Choker","Runic Dome"],"picked":"Runic Pyramid"},{"not_picked":["Astrolabe","Snecko Eye"],"picked":"Busted Crown"}],"items_purged_floors":[22,44],"is_endless":false,"potions_floor_spawned":[1,2,14,16,23,30,33,35,42,45,48],"ascension_level":9}