{"gold_per_floor":[114,114,114,66,241,241,273,273,273,290,51,82,43,43,43,148,148,158,171,171,171],"floor_reached":21,"playtime":1052,"items_purged":[],"score":250,"play_id":"bb2194e4-917a-442f-945c-9cc9bde5e904","local_time":"20190910202049","is_ascension_mode":true,"campfire_choices":[{"data":"Zap","floor":6,"key":"SMITH"},{"data":"Redo","floor":8,"key":"SMITH"},{"floor":15,"key":"REST"}],"neow_cost":"NONE","seed_source_timestamp":1193532154433,"circlet_count":0,"master_deck":["Strike_B","Strike_B","Strike_B","Defend_B","Defend_B","Defend_B","Defend_B","Zap+1","Dualcast","Ball Lightning","Doubt","Redo+1","Sunder","Buffer+1","Leap","Beam Cell","Consume","Chill","Conserve Battery","Double Energy+1","Capacitor+1"],"relics":["Cracked Core","NeowsBlessing","Shuriken","Bird Faced Urn","Pantograph","Frozen Egg 2","Gremlin Horn","Orrery"],"potions_floor_usage":[19],"damage_taken":[{"damage":0,"enemies":"2 Louse","floor":1,"turns":1},{"damage":0,"enemies":"3 Sentries","floor":7,"turns":1},{"damage":0,"enemies":"Jaw Worm","floor":10,"turns":1},{"damage":34,"enemies":"Gremlin Nob","floor":12,"turns":4},{"damage":63,"enemies":"Slime Boss","floor":16,"turns":10},{"damage":0,"enemies":"Chosen","floor":18,"turns":6},{"damage":58,"enemies":"3 Byrds","floor":19,"turns":6},{"damage":0,"enemies":"Snake Plant","floor":21,"turns":1}],"seed_played":"3150795809545563958","potions_obtained":[{"floor":7,"key":"Ancient Potion"},{"floor":12,"key":"SkillPotion"}],"is_trial":false,"path_per_floor":["M","?","?","?","?","R","E","R","T","M","$","E","$","?","R","B",null,"M","M","?","M"],"character_chosen":"DEFECT","items_purchased":["Frozen Egg 2","Sunder"],"campfire_rested":1,"item_purchase_floors":[11,13],"current_hp_per_floor":[75,63,56,56,56,56,56,56,56,56,56,22,22,22,44,6,75,75,17,3,3],"gold":171,"neow_bonus":"THREE_ENEMY_KILL","is_prod":false,"is_daily":false,"chose_seed":false,"campfire_upgraded":2,"win_rate":0,"timestamp":1568161249,"path_taken":["M","?","?","?","?","R","E","R","T","M","$","E","?","?","R","BOSS","M","M","?","M"],"build_version":"2019-07-17","purchased_purges":0,"victory":false,"max_hp_per_floor":[75,75,75,75,75,75,75,75,75,75,75,75,75,75,75,75,75,75,75,80,80],"card_choices":[{"not_picked":["Rebound","Coolheaded"],"picked":"Ball Lightning","floor":1},{"not_picked":["Ball Lightning","Lockon"],"picked":"Redo","floor":7},{"not_picked":["Rebound","Compile Driver","Amplify"],"picked":"SKIP","floor":10},{"not_picked":["Rebound","Gash","Skim"],"picked":"SKIP","floor":12},{"not_picked":["Amplify","Biased Cognition+1"],"picked":"Buffer+1","floor":16},{"not_picked":["Turbo","Hologram"],"picked":"Leap","floor":17},{"not_picked":["Conserve Battery","Auto Shields"],"picked":"Beam Cell","floor":17},{"not_picked":["Rebound","Redo"],"picked":"Consume","floor":17},{"not_picked":["Conserve Battery","Turbo"],"picked":"Chill","floor":17},{"not_picked":["Go for the Eyes","Gash"],"picked":"Conserve Battery","floor":17},{"not_picked":["Chill","Capacitor+1"],"picked":"Double Energy+1","floor":18},{"not_picked":["Compile Driver","Stack"],"picked":"Capacitor+1","floor":19}],"player_experience":323005,"relics_obtained":[{"floor":7,"key":"Bird Faced Urn"},{"floor":9,"key":"Pantograph"},{"floor":12,"key":"Gremlin Horn"}],"event_choices":[{"damage_healed":0,"gold_gain":0,"player_choice":"Success","damage_taken":12,"relics_obtained":["Shuriken"],"max_hp_gain":0,"max_hp_loss":0,"event_name":"Scrap Ooze","floor":2,"gold_loss":0},{"cards_removed":["Strike_B"],"damage_healed":0,"gold_gain":0,"player_choice":"Card Removal","damage_taken":7,"max_hp_gain":0,"max_hp_loss":0,"event_name":"Golden Wing","floor":3,"gold_loss":0},{"damage_healed":0,"gold_gain":0,"player_choice":"Left Gold","damage_taken":0,"max_hp_gain":0,"max_hp_loss":0,"event_name":"World of Goop","floor":4,"gold_loss":48},{"damage_healed":0,"gold_gain":175,"player_choice":"AGREE","damage_taken":0,"max_hp_gain":0,"max_hp_loss":0,"event_name":"Liars Game","floor":5,"gold_loss":0,"cards_obtained":["Doubt"]},{"damage_healed":0,"gold_gain":0,"player_choice":"Ignored","damage_taken":0,"max_hp_gain":0,"max_hp_loss":0,"event_name":"Shining Light","floor":14,"gold_loss":0},{"damage_healed":0,"gold_gain":0,"player_choice":"Shed Blood","damage_taken":19,"max_hp_gain":5,"max_hp_loss":0,"event_name":"Forgotten Altar","floor":20,"gold_loss":0}],"is_beta":false,"boss_relics":[{"not_picked":["Nuclear Battery","Pandora\u0027s Box"],"picked":"Orrery"}],"items_purged_floors":[],"is_endless":false,"potions_floor_spawned":[7,12],"killed_by":"Snake Plant","ascension_level":4}