{"gold_per_floor":[216,7,25,25,25,53,82,82,106,122,178,35,51,28,28,99,99,112,137,60,80,80,91,101,127,127,127,127,127,140,169,169,169],"floor_reached":33,"playtime":3849,"items_purged":[],"score":483,"play_id":"af3f1e09-0f06-4570-8ea7-5697903f0ae6","local_time":"20190114130326","is_ascension_mode":true,"campfire_choices":[{"data":"Havoc","floor":8,"key":"SMITH"},{"floor":15,"key":"REST"},{"floor":27,"key":"REST"},{"floor":29,"key":"REST"},{"floor":32,"key":"REST"}],"neow_cost":"NONE","seed_source_timestamp":569758131214171,"circlet_count":0,"master_deck":["AscendersBane","Strike_R","Strike_R","Strike_R","Strike_R","Defend_R","Defend_R","Defend_R","Defend_R","Bash","Battle Trance","Shrug It Off","Feel No Pain","True Grit","Whirlwind","Entrench","Havoc+1","Ghostly Armor","Headbutt","Armaments","Feel No Pain","Immolate","Flame Barrier","Clothesline","Fiend Fire","Body Slam","Impervious","Metallicize","Armaments+1","Flame Barrier"],"relics":["Burning Blood","Bottled Lightning","Odd Mushroom","Oddly Smooth Stone","Tiny Chest","Sozu","Red Mask","Charon\u0027s Ashes","Paper Frog","Toxic Egg 2"],"potions_floor_usage":[6,7,16],"damage_taken":[{"damage":4,"enemies":"2 Louse","floor":1,"turns":4},{"damage":0,"enemies":"Jaw Worm","floor":3,"turns":3},{"damage":50,"enemies":"Gremlin Nob","floor":6,"turns":6},{"damage":9,"enemies":"The Mushroom Lair","floor":7,"turns":2},{"damage":0,"enemies":"Cultist","floor":10,"turns":3},{"damage":16,"enemies":"Lagavulin","floor":11,"turns":9},{"damage":0,"enemies":"Exordium Thugs","floor":13,"turns":4},{"damage":54,"enemies":"Hexaghost","floor":16,"turns":16},{"damage":0,"enemies":"Chosen","floor":18,"turns":8},{"damage":12,"enemies":"Masked Bandits","floor":19,"turns":6},{"damage":0,"enemies":"Shell Parasite","floor":21,"turns":6},{"damage":0,"enemies":"Snake Plant","floor":23,"turns":4},{"damage":17,"enemies":"3 Cultists","floor":24,"turns":5},{"damage":60,"enemies":"Gremlin Leader","floor":25,"turns":8},{"damage":6,"enemies":"Colosseum Slavers","floor":28,"turns":6},{"damage":0,"enemies":"Centurion and Healer","floor":30,"turns":7},{"damage":28,"enemies":"Slavers","floor":31,"turns":6},{"damage":71,"enemies":"Collector","floor":33,"turns":6}],"seed_played":"2373450036463300630","potions_obtained":[{"floor":1,"key":"Block Potion"},{"floor":6,"key":"Explosive Potion"},{"floor":11,"key":"Poison Potion"}],"is_trial":false,"path_per_floor":["M","$","M","?","?","E","?","R","T","M","E","$","M","$","R","B",null,"M","?","$","M","?","M","M","E","T","R","?","R","M","E","R","B"],"character_chosen":"IRONCLAD","items_purchased":["Shrug It Off","Feel No Pain","True Grit","Whirlwind","Immolate","Clothesline","Metallicize"],"campfire_rested":4,"item_purchase_floors":[2,2,2,2,12,14,20],"current_hp_per_floor":[74,74,80,80,80,36,33,33,33,39,29,29,35,35,59,11,63,69,63,63,69,69,75,64,10,10,34,34,58,64,42,66,0],"gold":169,"neow_bonus":"HUNDRED_GOLD","is_prod":false,"is_daily":false,"chose_seed":false,"campfire_upgraded":1,"win_rate":0,"timestamp":1547499806,"path_taken":["M","$","M","?","?","E","?","R","T","M","E","$","?","?","R","BOSS","M","?","$","M","?","M","M","E","T","R","?","R","?","E","R","BOSS"],"build_version":"2019-01-10","purchased_purges":0,"victory":false,"max_hp_per_floor":[80,80,80,80,80,80,80,80,80,80,80,80,80,80,80,80,80,80,80,80,80,80,80,80,80,80,80,80,80,80,80,80,80],"card_choices":[{"not_picked":["Fire Breathing","Corruption"],"picked":"Battle Trance","floor":1},{"not_picked":["Thunderclap","Perfected Strike"],"picked":"Entrench","floor":3},{"not_picked":["Twin Strike","Cleave"],"picked":"Ghostly Armor","floor":6},{"not_picked":["Whirlwind","Searing Blow"],"picked":"Headbutt","floor":7},{"not_picked":["Havoc","Clothesline"],"picked":"Armaments","floor":10},{"not_picked":["Perfected Strike","Pommel Strike"],"picked":"Feel No Pain","floor":11},{"not_picked":["Armaments","Flex"],"picked":"Flame Barrier","floor":13},{"not_picked":["Immolate","Reaper"],"picked":"Fiend Fire","floor":16},{"not_picked":["Armaments","Cleave"],"picked":"Body Slam","floor":18},{"not_picked":["Ghostly Armor+1","Clash"],"picked":"Impervious","floor":19},{"not_picked":["Uppercut+1","Searing Blow"],"picked":"Armaments+1","floor":21},{"not_picked":["Clothesline","Perfected Strike+1","Sever Soul+1"],"picked":"SKIP","floor":23},{"not_picked":["Headbutt","Inflame+1","Cleave"],"picked":"SKIP","floor":24},{"not_picked":["Perfected Strike","Flex","Inflame"],"picked":"SKIP","floor":25},{"not_picked":["Iron Wave","Heavy Blade"],"picked":"Flame Barrier","floor":30},{"not_picked":["Cleave","Battle Trance","Heavy Blade"],"picked":"SKIP","floor":31}],"player_experience":437346,"relics_obtained":[{"floor":6,"key":"Bottled Lightning"},{"floor":7,"key":"Odd Mushroom"},{"floor":9,"key":"Oddly Smooth Stone"},{"floor":11,"key":"Tiny Chest"},{"floor":19,"key":"Red Mask"},{"floor":25,"key":"Charon\u0027s Ashes"},{"floor":26,"key":"Paper Frog"},{"floor":31,"key":"Toxic Egg 2"}],"event_choices":[{"damage_healed":0,"gold_gain":0,"player_choice":"Leave","damage_taken":0,"max_hp_gain":0,"max_hp_loss":0,"event_name":"The Cleric","floor":4,"gold_loss":0},{"damage_healed":0,"gold_gain":0,"cards_transformed":["Strike_R"],"player_choice":"Change","damage_taken":0,"max_hp_gain":0,"max_hp_loss":0,"event_name":"Living Wall","floor":5,"gold_loss":0,"cards_obtained":["Havoc"]},{"damage_healed":0,"gold_gain":0,"player_choice":"Fought Mushrooms","damage_taken":0,"max_hp_gain":0,"max_hp_loss":0,"event_name":"Mushrooms","floor":7,"gold_loss":0},{"damage_healed":0,"gold_gain":0,"player_choice":"Fought Bandits","damage_taken":0,"max_hp_gain":0,"max_hp_loss":0,"event_name":"Masked Bandits","floor":19,"gold_loss":0},{"damage_healed":0,"gold_gain":0,"player_choice":"Ignored","damage_taken":0,"max_hp_gain":0,"max_hp_loss":0,"event_name":"Ghosts","floor":22,"gold_loss":0},{"damage_healed":0,"gold_gain":0,"player_choice":"Fight","damage_taken":0,"max_hp_gain":0,"max_hp_loss":0,"event_name":"Colosseum","floor":28,"gold_loss":0},{"damage_healed":0,"gold_gain":0,"player_choice":"Fled From Nobs","damage_taken":0,"max_hp_gain":0,"max_hp_loss":0,"event_name":"Colosseum","floor":28,"gold_loss":0}],"is_beta":false,"boss_relics":[{"not_picked":["White Beast Statue","Black Blood"],"picked":"Sozu"}],"items_purged_floors":[],"is_endless":false,"potions_floor_spawned":[1,6,11,19,24,25,30,31],"killed_by":"Collector","ascension_level":13}