{"gold_per_floor":[117,42,62,137,147,147,166,182,209,244,260,309,326,326,326,403,403,420,420,420,438,449,449,474,474,474,474,484,504,504,504,504,578,578,597,697,318,318,107,142,142,158,158,192,206,240,240,17,17,17],"floor_reached":51,"playtime":4209,"items_purged":["Writhe","Defend_R"],"score":1384,"play_id":"459731b9-c54e-4d3c-95d0-cfa91c3173b8","local_time":"20190126174935","is_ascension_mode":true,"campfire_choices":[{"data":"True Grit","floor":6.0,"key":"SMITH"},{"data":"Bludgeon","floor":15.0,"key":"SMITH"},{"data":"Shockwave","floor":23.0,"key":"SMITH"},{"data":"Clothesline","floor":27.0,"key":"SMITH"},{"data":"Carnage","floor":30.0,"key":"SMITH"},{"data":"Bash","floor":32.0,"key":"SMITH"},{"data":"Impervious","floor":41.0,"key":"SMITH"},{"data":"Impervious","floor":49,"key":"SMITH"}],"neow_cost":"CURSE","seed_source_timestamp":0,"circlet_count":0,"master_deck":["AscendersBane","Defend_R","Defend_R","Defend_R+1","Bash+1","Bludgeon+1","Rage","Clothesline+1","True Grit+1","Shrug It Off","Reaper","Reaper","Sword Boomerang","Brutality","Shockwave+1","Bite","Bite","Bite","Bite","Bite","Dual Wield+1","Reaper","Carnage+1","Shrug It Off","Impervious+1","Flame Barrier+1","The Bomb","Impervious+1"],"special_seed":0,"relics":["Burning Blood","Happy Flower","Bronze Scales","Snecko Eye","War Paint","Matryoshka","Runic Dome","FossilizedHelix","Kunai","Turnip","Bag of Marbles","Pantograph","Bag of Preparation","Letter Opener","Pen Nib"],"potions_floor_usage":[46,46,50,50],"damage_taken":[{"damage":0.0,"enemies":"2 Louse","floor":1.0,"turns":3.0},{"damage":7.0,"enemies":"Jaw Worm","floor":3.0,"turns":2.0},{"damage":4.0,"enemies":"Cultist","floor":5.0,"turns":3.0},{"damage":2.0,"enemies":"Exordium Wildlife","floor":7.0,"turns":3.0},{"damage":1.0,"enemies":"3 Louse","floor":8.0,"turns":5.0},{"damage":27.0,"enemies":"3 Sentries","floor":10.0,"turns":8.0},{"damage":0.0,"enemies":"Blue Slaver","floor":11.0,"turns":2.0},{"damage":0.0,"enemies":"2 Fungi Beasts","floor":13.0,"turns":4.0},{"damage":27.0,"enemies":"The Guardian","floor":16.0,"turns":10.0},{"damage":26.0,"enemies":"3 Byrds","floor":18.0,"turns":3.0},{"damage":42.0,"enemies":"2 Thieves","floor":21.0,"turns":4.0},{"damage":21.0,"enemies":"Cultist and Chosen","floor":22.0,"turns":5.0},{"damage":11.0,"enemies":"Slavers","floor":24.0,"turns":3.0},{"damage":0.0,"enemies":"Snake Plant","floor":28.0,"turns":2.0},{"damage":18.0,"enemies":"Shelled Parasite and Fungi","floor":29.0,"turns":3.0},{"damage":87.0,"enemies":"Champ","floor":33.0,"turns":9.0},{"damage":15.0,"enemies":"3 Darklings","floor":35.0,"turns":4.0},{"damage":11.0,"enemies":"Mind Bloom Boss Battle","floor":36.0,"turns":6.0},{"damage":11.0,"enemies":"Giant Head","floor":40.0,"turns":7.0},{"damage":0.0,"enemies":"Orb Walker","floor":42.0,"turns":2.0},{"damage":2.0,"enemies":"Reptomancer","floor":44.0,"turns":5.0},{"damage":47,"enemies":"Jaw Worm Horde","floor":45,"turns":5},{"damage":22,"enemies":"Nemesis","floor":46,"turns":5},{"damage":34,"enemies":"Time Eater","floor":50,"turns":11}],"seed_played":"7830463306053433913","potions_obtained":[{"floor":1.0,"key":"Swift Potion"},{"floor":3.0,"key":"SpeedPotion"},{"floor":16.0,"key":"Strength Potion"},{"floor":22.0,"key":"AttackPotion"},{"floor":29.0,"key":"AttackPotion"},{"floor":33.0,"key":"Regen Potion"},{"floor":35.0,"key":"EssenceOfSteel"},{"floor":42.0,"key":"Swift Potion"},{"floor":45,"key":"SneckoOil"},{"floor":46,"key":"Fruit Juice"}],"is_trial":false,"path_per_floor":["M","$","M","?","M","R","M","M","T","E","M","T","M","?","R","B",null,"M","?","?","M","M","R","E","?","T","R","M","M","R","?","R","B",null,"M","?","$","?","$","E","R","M","T","E","M","E","?","$","R","B",null],"character_chosen":"IRONCLAD","items_purchased":["Kunai","The Bomb","Pen Nib","Dexterity Potion"],"campfire_rested":0,"item_purchase_floors":[37,39,48,48],"current_hp_per_floor":[74,74,73,62,64,64,68,73,73,52,58,58,70,70,70,54,70,59,59,59,45,56,56,75,75,75,75,75,71,71,71,71,19,61,75,75,75,75,75,75,75,75,75,75,62,78,76,76,76,52],"gold":17,"neow_bonus":"THREE_RARE_CARDS","is_prod":false,"is_daily":false,"chose_seed":false,"campfire_upgraded":8,"win_rate":0,"timestamp":1548553775,"path_taken":["M","$","M","?","M","R","M","M","T","E","M","?","?","?","R","BOSS","M","?","?","M","M","R","E","?","T","R","M","M","R","?","R","BOSS","M","?","$","?","?","E","R","M","T","E","M","E","?","?","R","BOSS"],"build_version":"2019-01-17v2","purchased_purges":2,"victory":true,"max_hp_per_floor":[75,75,75,75,75,75,75,75,75,75,75,75,75,75,75,75,75,75,75,75,75,75,75,75,75,75,75,75,75,75,75,75,75,75,75,75,75,75,75,75,75,75,75,75,75,80,76,76,76,76],"card_choices":[{"not_picked":["Berserk","Exhume"],"picked":"Bludgeon","floor":0.0},{"not_picked":["Anger","Intimidate"],"picked":"Rage","floor":1.0},{"not_picked":["Clash","Flex"],"picked":"Clothesline","floor":3.0},{"not_picked":["Thunderclap","Clothesline"],"picked":"True Grit","floor":5.0},{"not_picked":["Power Through","Bloodletting"],"picked":"Shrug It Off","floor":7.0},{"not_picked":["Reckless Charge","Dropkick","Wild Strike"],"picked":"SKIP","floor":8.0},{"not_picked":["Uppercut","Pommel Strike"],"picked":"Reaper","floor":10.0},{"not_picked":["Body Slam","Twin Strike"],"picked":"Reaper","floor":11.0},{"not_picked":["Twin Strike","Clothesline"],"picked":"Sword Boomerang","floor":13.0},{"not_picked":["Barricade","Berserk"],"picked":"Brutality","floor":16.0},{"not_picked":["Armaments","Cleave"],"picked":"Shockwave","floor":18.0},{"not_picked":["Wild Strike","Havoc+1"],"picked":"Dual Wield","floor":21.0},{"not_picked":["Pommel Strike","Twin Strike","Feel No Pain"],"picked":"SKIP","floor":22.0},{"not_picked":["Feel No Pain+1","Perfected Strike"],"picked":"Reaper","floor":24.0},{"not_picked":["Warcry","Pommel Strike","Havoc"],"picked":"SKIP","floor":28.0},{"not_picked":["Havoc+1","Fire Breathing"],"picked":"Shrug It Off","floor":29.0},{"not_picked":["Double Tap","Brutality"],"picked":"Impervious","floor":33.0},{"not_picked":["Iron Wave","Twin Strike"],"picked":"Flame Barrier+1","floor":35.0},{"not_picked":["Evolve","Whirlwind","Havoc"],"picked":"SKIP","floor":40.0},{"not_picked":["Thunderclap","Heavy Blade","Fiend Fire"],"picked":"SKIP","floor":42.0},{"not_picked":["Havoc","Flex","Infernal Blade"],"picked":"SKIP","floor":44},{"not_picked":["Sword Boomerang","Twin Strike+1","Flex"],"picked":"SKIP","floor":45},{"not_picked":["Combust","Twin Strike"],"picked":"Impervious","floor":46}],"player_experience":524705,"relics_obtained":[{"floor":9.0,"key":"Happy Flower"},{"floor":10.0,"key":"Bronze Scales"},{"floor":12.0,"key":"Blood Vial"},{"floor":24.0,"key":"War Paint"},{"floor":26.0,"key":"Matryoshka"},{"floor":36.0,"key":"FossilizedHelix"},{"floor":40.0,"key":"Turnip"},{"floor":43.0,"key":"Bag of Marbles"},{"floor":43.0,"key":"Pantograph"},{"floor":44,"key":"Bag of Preparation"},{"floor":46,"key":"Letter Opener"}],"event_choices":[{"damage_healed":0.0,"max_hp_gain":0.0,"max_hp_loss":0.0,"gold_gain":75.0,"event_name":"World of Goop","player_choice":"Gather Gold","floor":4.0,"gold_loss":0.0,"damage_taken":11.0},{"damage_healed":0.0,"max_hp_gain":0.0,"max_hp_loss":0.0,"gold_gain":0.0,"event_name":"Liars Game","player_choice":"Ignored","floor":14.0,"gold_loss":0.0,"damage_taken":0.0},{"damage_healed":0.0,"max_hp_gain":0.0,"max_hp_loss":0.0,"gold_gain":0.0,"event_name":"The Mausoleum","player_choice":"Ignored","floor":19.0,"gold_loss":0.0,"damage_taken":0.0},{"damage_healed":0.0,"max_hp_gain":0.0,"max_hp_loss":0.0,"gold_gain":0.0,"event_name":"Vampires","player_choice":"Became a vampire (Vial)","floor":20.0,"relics_lost":["Blood Vial"],"gold_loss":0.0,"damage_taken":0.0,"cards_obtained":["Bite","Bite","Bite","Bite","Bite"]},{"damage_healed":0.0,"max_hp_gain":0.0,"max_hp_loss":0.0,"gold_gain":0.0,"event_name":"The Library","player_choice":"Read","floor":25.0,"gold_loss":0.0,"damage_taken":0.0,"cards_obtained":["Carnage"]},{"damage_healed":0.0,"max_hp_gain":0.0,"max_hp_loss":0.0,"gold_gain":0.0,"event_name":"Ghosts","player_choice":"Ignored","floor":31.0,"gold_loss":0.0,"damage_taken":0.0},{"damage_healed":0.0,"max_hp_gain":0.0,"max_hp_loss":0.0,"gold_gain":0.0,"event_name":"MindBloom","player_choice":"Fight","floor":36.0,"gold_loss":0.0,"damage_taken":0.0},{"damage_healed":0.0,"max_hp_gain":0.0,"max_hp_loss":0.0,"gold_gain":0.0,"event_name":"Tomb of Lord Red Mask","player_choice":"Ignored","floor":38.0,"gold_loss":0.0,"damage_taken":0.0},{"damage_healed":0,"gold_gain":0,"player_choice":"Max HP","damage_taken":0,"max_hp_gain":0,"max_hp_loss":4,"event_name":"Winding Halls","floor":47,"gold_loss":0}],"is_beta":false,"boss_relics":[{"not_picked":["Cursed Key","Sozu"],"picked":"Snecko Eye"},{"not_picked":["Fusion Hammer","Tiny House"],"picked":"Runic Dome"}],"items_purged_floors":[2,37],"is_endless":false,"potions_floor_spawned":[1,3,16,22,29,33,35,42,45,46],"ascension_level":16}