{"gold_per_floor":[112,132,182,198,16,16,51,63,63,75,40,40,369,297,297,375,375,390,404,36,52,52,81,81,107,132,145,145,13,23,37,37,37],"floor_reached":33,"playtime":3210,"items_purged":["Strike_B+1"],"score":526,"play_id":"5ec11ec8-2a03-4c2b-9b99-0b6efc6742a7","local_time":"20190404154418","is_ascension_mode":true,"campfire_choices":[{"data":"Rip and Tear","floor":6,"key":"SMITH"},{"data":"Coolheaded","floor":12,"key":"SMITH"},{"data":"Steam","floor":15,"key":"SMITH"},{"data":"1","floor":24,"key":"LIFT"},{"floor":28,"key":"REST"},{"data":"2","floor":32,"key":"LIFT"}],"neow_cost":"NONE","seed_source_timestamp":325971810672925,"circlet_count":0,"master_deck":["AscendersBane","Strike_B+1","Strike_B+1","Strike_B+1","Defend_B+1","Defend_B+1","Zap","Dualcast","Leap","Genetic Algorithm","Coolheaded+1","Rip and Tear+1","Sweeping Beam","Cold Snap","Steam+1","Beam Cell","Coolheaded","Go for the Eyes","Beam Cell","Go for the Eyes","Hologram+1"],"relics":["Busted Crown","Kunai","Meat on the Bone","Old Coin","Empty Cage","Pear","Girya","Regal Pillow","Art of War"],"potions_floor_usage":[7,13,16,19,23,23,30,33],"damage_taken":[{"damage":4,"enemies":"2 Louse","floor":1,"turns":2},{"damage":0,"enemies":"Cultist","floor":2,"turns":3},{"damage":3,"enemies":"Jaw Worm","floor":4,"turns":4},{"damage":32,"enemies":"3 Sentries","floor":7,"turns":8},{"damage":1,"enemies":"Exordium Wildlife","floor":8,"turns":4},{"damage":0,"enemies":"3 Louse","floor":10,"turns":4},{"damage":2,"enemies":"Lagavulin","floor":13,"turns":5},{"damage":5,"enemies":"The Guardian","floor":16,"turns":15},{"damage":0,"enemies":"Shell Parasite","floor":18,"turns":7},{"damage":6,"enemies":"2 Thieves","floor":19,"turns":4},{"damage":8,"enemies":"3 Cultists","floor":21,"turns":6},{"damage":44,"enemies":"Book of Stabbing","floor":23,"turns":7},{"damage":21,"enemies":"Snecko","floor":27,"turns":10},{"damage":22,"enemies":"Cultist and Chosen","floor":30,"turns":6},{"damage":14,"enemies":"Centurion and Healer","floor":31,"turns":8},{"damage":54,"enemies":"Collector","floor":33,"turns":15}],"seed_played":"-7258719219405149086","potions_obtained":[{"floor":4,"key":"SkillPotion"},{"floor":10,"key":"FearPotion"},{"floor":13,"key":"SpeedPotion"},{"floor":16,"key":"Strength Potion"},{"floor":18,"key":"AttackPotion"},{"floor":23,"key":"Fruit Juice"},{"floor":27,"key":"FearPotion"}],"is_trial":false,"path_per_floor":["M","M","?","M","$","R","E","M","T","M","?","R","E","?","R","B",null,"M","M","$","M","?","E","R","T","T","M","R","$","M","M","R","B"],"character_chosen":"DEFECT","items_purchased":["Coolheaded","Rip and Tear","Sweeping Beam","Beam Cell","Pear","Coolheaded","AttackPotion"],"campfire_rested":1,"item_purchase_floors":[5,5,5,20,20,20,29],"current_hp_per_floor":[60,60,60,57,57,57,25,24,24,36,53,53,51,51,51,46,65,65,59,69,61,61,34,34,34,34,25,65,65,55,53,53,0],"gold":37,"neow_bonus":"BOSS_RELIC","is_prod":false,"is_daily":false,"chose_seed":false,"campfire_upgraded":3,"win_rate":0,"timestamp":1554407058,"path_taken":["M","M","?","?","?","R","E","M","T","?","?","R","E","?","R","BOSS","M","M","$","M","?","E","R","?","T","M","R","$","M","M","R","BOSS"],"build_version":"2019-01-23","purchased_purges":1,"victory":false,"max_hp_per_floor":[71,71,71,71,71,71,71,71,71,71,71,71,71,71,71,71,71,71,71,81,81,81,86,86,86,86,86,86,86,86,86,86,86],"card_choices":[{"not_picked":[],"picked":"Leap","floor":1},{"not_picked":[],"picked":"Genetic Algorithm","floor":2},{"not_picked":["Stack"],"picked":"SKIP","floor":4},{"not_picked":[],"picked":"Cold Snap","floor":7},{"not_picked":[],"picked":"Steam","floor":8},{"not_picked":["Auto Shields"],"picked":"SKIP","floor":10},{"not_picked":["Rebound"],"picked":"SKIP","floor":13},{"not_picked":["Skim"],"picked":"SKIP","floor":18},{"not_picked":["Skim"],"picked":"SKIP","floor":19},{"not_picked":[],"picked":"Go for the Eyes","floor":21},{"not_picked":[],"picked":"Beam Cell","floor":23},{"not_picked":[],"picked":"Go for the Eyes","floor":27},{"not_picked":["Beam Cell"],"picked":"SKIP","floor":30},{"not_picked":[],"picked":"Hologram+1","floor":31}],"player_experience":823076,"relics_obtained":[{"floor":7,"key":"Kunai"},{"floor":9,"key":"Meat on the Bone"},{"floor":13,"key":"Old Coin"},{"floor":23,"key":"Girya"},{"floor":25,"key":"Regal Pillow"},{"floor":26,"key":"Art of War"}],"event_choices":[{"damage_healed":0,"gold_gain":50,"player_choice":"Pray","damage_taken":0,"max_hp_gain":0,"max_hp_loss":0,"event_name":"Golden Shrine","floor":3,"gold_loss":0},{"damage_healed":17,"gold_gain":0,"player_choice":"Healed","damage_taken":0,"max_hp_gain":0,"max_hp_loss":0,"event_name":"The Cleric","floor":11,"gold_loss":35},{"damage_healed":0,"gold_gain":0,"player_choice":"Left Gold","damage_taken":0,"max_hp_gain":0,"max_hp_loss":0,"event_name":"World of Goop","floor":14,"gold_loss":72},{"damage_healed":0,"gold_gain":0,"player_choice":"Simplicity","damage_taken":0,"max_hp_gain":0,"max_hp_loss":0,"event_name":"Back to Basics","floor":22,"gold_loss":0,"cards_upgraded":["Strike_B","Strike_B","Strike_B","Strike_B","Defend_B","Defend_B"]}],"is_beta":false,"boss_relics":[{"not_picked":["Philosopher\u0027s Stone","Fusion Hammer"],"picked":"Empty Cage"}],"items_purged_floors":[29],"is_endless":false,"potions_floor_spawned":[4,10,13,16,18,23,27],"killed_by":"Collector","ascension_level":18}