{"gold_per_floor":[115,128,53,67,81,81,81,81,81,81,94,126,140,154,154,230,230,244,244],"floor_reached":19,"playtime":1941,"items_purged":[],"score":325,"play_id":"335d38ff-abbc-4531-a67b-33410f247625","local_time":"20190329175212","is_ascension_mode":true,"campfire_choices":[{"data":"Buffer","floor":6,"key":"SMITH"},{"data":"Coolheaded","floor":8,"key":"SMITH"},{"data":"Double Energy","floor":10,"key":"SMITH"},{"data":"Reinforced Body","floor":15,"key":"SMITH"}],"neow_cost":"TEN_PERCENT_HP_LOSS","seed_source_timestamp":270249469460026,"circlet_count":0,"master_deck":["AscendersBane","Strike_B","Strike_B","Defend_B","Defend_B","Defend_B","Zap","Dualcast","Buffer+1","Double Energy+1","Coolheaded+1","Cold Snap","Leap","Turbo","Core Surge","Cold Snap","Tempest","Reinforced Body+1","Fission","Defragment+1"],"relics":["Cracked Core","Calipers","Gambling Chip","Black Star"],"potions_floor_usage":[12,12,18,19],"damage_taken":[{"damage":0,"enemies":"Small Slimes","floor":1,"turns":3},{"damage":0,"enemies":"Cultist","floor":2,"turns":5},{"damage":0,"enemies":"Jaw Worm","floor":4,"turns":3},{"damage":0,"enemies":"Exordium Wildlife","floor":5,"turns":5},{"damage":0,"enemies":"2 Fungi Beasts","floor":11,"turns":5},{"damage":8,"enemies":"Gremlin Nob","floor":12,"turns":5},{"damage":0,"enemies":"Red Slaver","floor":13,"turns":3},{"damage":7,"enemies":"3 Louse","floor":14,"turns":2},{"damage":33,"enemies":"Slime Boss","floor":16,"turns":21},{"damage":6,"enemies":"3 Byrds","floor":18,"turns":4},{"damage":55,"enemies":"Masked Bandits","floor":19,"turns":7}],"seed_played":"5811137311620952637","potions_obtained":[{"floor":1,"key":"AttackPotion"},{"floor":11,"key":"Swift Potion"},{"floor":12,"key":"Ancient Potion"},{"floor":13,"key":"LiquidBronze"}],"is_trial":false,"path_per_floor":["M","M","?","M","M","R","?","R","T","R","M","E","M","M","R","B",null,"M","?"],"character_chosen":"DEFECT","items_purchased":[],"campfire_rested":0,"item_purchase_floors":[],"current_hp_per_floor":[64,64,64,64,64,64,64,64,64,64,64,56,56,49,49,16,52,46,0],"gold":244,"neow_bonus":"TRANSFORM_TWO_CARDS","is_prod":false,"is_daily":false,"chose_seed":false,"campfire_upgraded":4,"win_rate":0,"timestamp":1553907132,"path_taken":["M","M","?","M","M","R","?","R","T","R","M","E","M","M","R","BOSS","M","?"],"build_version":"2019-01-23","purchased_purges":0,"victory":false,"max_hp_per_floor":[64,64,64,64,64,64,64,64,64,64,64,64,64,64,64,64,64,64,64],"card_choices":[{"not_picked":["Hologram","Scrape"],"picked":"Coolheaded","floor":1},{"not_picked":["Aggregate","Go for the Eyes"],"picked":"Cold Snap","floor":2},{"not_picked":["Double Energy","Streamline"],"picked":"Leap","floor":4},{"not_picked":["Stack","Reprogram"],"picked":"Turbo","floor":5},{"not_picked":["Coolheaded","Lockon"],"picked":"Core Surge","floor":11},{"not_picked":["Ball Lightning","Auto Shields"],"picked":"Cold Snap","floor":12},{"not_picked":["Stack","Coolheaded"],"picked":"Tempest","floor":13},{"not_picked":["Undo","Stack"],"picked":"Reinforced Body","floor":14},{"not_picked":["Echo Form","Reboot"],"picked":"Fission","floor":16},{"not_picked":["Storm","Reinforced Body"],"picked":"Defragment+1","floor":18}],"player_experience":809652,"relics_obtained":[{"floor":9,"key":"Calipers"},{"floor":12,"key":"Gambling Chip"}],"event_choices":[{"cards_removed":["Defend_B"],"damage_healed":0,"gold_gain":0,"player_choice":"Card Removal","damage_taken":0,"max_hp_gain":0,"max_hp_loss":0,"event_name":"The Cleric","floor":3,"gold_loss":75},{"damage_healed":0,"gold_gain":0,"player_choice":"Full Heal","damage_taken":0,"max_hp_gain":0,"max_hp_loss":0,"event_name":"Wheel of Change","floor":7,"gold_loss":0},{"damage_healed":0,"gold_gain":0,"player_choice":"Fought Bandits","damage_taken":0,"max_hp_gain":0,"max_hp_loss":0,"event_name":"Masked Bandits","floor":19,"gold_loss":0}],"is_beta":false,"boss_relics":[{"not_picked":["Snecko Eye","Eternal Feather"],"picked":"Black Star"}],"items_purged_floors":[],"is_endless":false,"potions_floor_spawned":[1,11,12,13],"killed_by":"Masked Bandits","ascension_level":18}