{"gold_per_floor":[118,118,293,312,67,67,93,112,112,125,135,135,135,161,161,238,238,223,322,336,40,60,90,90,125,177,194,194,227,227,49,49,126,126,136,136],"floor_reached":36,"playtime":3932,"items_purged":["Doubt","Injury"],"score":751,"play_id":"e6756515-ee27-4775-9404-322815fdce6b","local_time":"20190110230931","is_ascension_mode":true,"campfire_choices":[{"data":"True Grit","floor":6,"key":"SMITH"},{"floor":13,"key":"REST"},{"data":"Armaments","floor":15,"key":"SMITH"},{"data":"Barricade","floor":24,"key":"SMITH"},{"data":"Uppercut","floor":28,"key":"SMITH"},{"data":"Perfected Strike","floor":30,"key":"SMITH"},{"floor":32,"key":"REST"}],"neow_cost":"TEN_PERCENT_HP_LOSS","seed_source_timestamp":486405085752551,"circlet_count":0,"master_deck":["AscendersBane","Strike_R","Strike_R","Strike_R","Strike_R+1","Strike_R","Defend_R","Defend_R","Defend_R","Defend_R+1","Bash","PanicButton","Forethought","Perfected Strike+1","Twin Strike+1","True Grit+1","Sword Boomerang","Double Tap","Flame Barrier","Armaments+1","Barricade+1","Uppercut+1","Flame Barrier","Reaper","Pommel Strike+1","Pommel Strike+1","Perfected Strike+1","Twin Strike+1","Disarm","Exhume","Shrug It Off","Entrench","Impervious","Corruption"],"relics":["Burning Blood","Blue Candle","Question Card","Potion Belt","Letter Opener","Cursed Key","Whetstone","PreservedInsect","Bag of Preparation","Oddly Smooth Stone","Smiling Mask","Bottled Flame","Runic Dome"],"potions_floor_usage":[11,14,23,25,29,29],"damage_taken":[{"damage":10,"enemies":"Small Slimes","floor":1,"turns":4},{"damage":5,"enemies":"Jaw Worm","floor":4,"turns":4},{"damage":48,"enemies":"3 Sentries","floor":7,"turns":11},{"damage":0,"enemies":"Cultist","floor":8,"turns":3},{"damage":6,"enemies":"2 Fungi Beasts","floor":10,"turns":4},{"damage":6,"enemies":"Exordium Wildlife","floor":11,"turns":3},{"damage":13,"enemies":"Gremlin Nob","floor":14,"turns":3},{"damage":4,"enemies":"The Guardian","floor":16,"turns":14},{"damage":12,"enemies":"2 Thieves","floor":18,"turns":4},{"damage":1,"enemies":"3 Byrds","floor":20,"turns":3},{"damage":4,"enemies":"Cultist and Chosen","floor":22,"turns":6},{"damage":31,"enemies":"Slavers","floor":23,"turns":5},{"damage":0,"enemies":"Gremlin Leader","floor":25,"turns":4},{"damage":1,"enemies":"Chosen and Byrds","floor":27,"turns":4},{"damage":46,"enemies":"Slavers","floor":29,"turns":6},{"damage":44,"enemies":"Automaton","floor":33,"turns":15},{"damage":0,"enemies":"3 Shapes","floor":35,"turns":9},{"damage":111,"enemies":"2 Orb Walkers","floor":36,"turns":4}],"seed_played":"-7481561837814625339","potions_obtained":[{"floor":7,"key":"SteroidPotion"},{"floor":8,"key":"PowerPotion"},{"floor":16,"key":"GamblersBrew"},{"floor":20,"key":"Poison Potion"},{"floor":23,"key":"Strength Potion"},{"floor":25,"key":"Poison Potion"},{"floor":27,"key":"FairyPotion"}],"is_trial":false,"path_per_floor":["M","?","?","M","$","R","E","M","T","M","M","T","R","E","R","B",null,"M","?","M","$","M","E","R","E","T","M","R","E","R","$","R","B",null,"M","?"],"character_chosen":"IRONCLAD","items_purchased":["True Grit","Sword Boomerang","Double Tap","Whetstone","PreservedInsect","Shrug It Off","Entrench"],"campfire_rested":2,"item_purchase_floors":[5,5,5,21,21,31,31],"current_hp_per_floor":[68,54,54,55,55,55,13,19,19,19,19,19,40,33,33,35,63,57,57,71,71,72,47,47,71,71,72,72,38,38,38,59,25,60,72,0],"gold":136,"neow_bonus":"RANDOM_COLORLESS_2","is_prod":false,"is_daily":false,"chose_seed":false,"campfire_upgraded":5,"win_rate":0,"timestamp":1547190571,"path_taken":["M","?","?","M","$","R","E","M","T","M","?","?","R","E","R","BOSS","M","?","M","$","M","E","R","E","T","M","R","E","R","$","R","BOSS","M","?"],"build_version":"2019-01-10","purchased_purges":2,"victory":false,"max_hp_per_floor":[72,72,72,72,72,72,72,72,72,72,72,72,72,72,72,72,72,72,72,72,72,72,72,72,72,72,72,72,72,72,72,72,72,72,72,72],"card_choices":[{"not_picked":["Pommel Strike","Headbutt"],"picked":"Perfected Strike","floor":1},{"not_picked":["Clothesline","Blood for Blood"],"picked":"Twin Strike","floor":4},{"not_picked":["Ghostly Armor","Seeing Red"],"picked":"Flame Barrier","floor":7},{"not_picked":["Fiend Fire","Warcry"],"picked":"Armaments","floor":8},{"not_picked":["Iron Wave","Combust","Body Slam"],"picked":"Barricade","floor":10},{"not_picked":["Warcry","Havoc","Intimidate"],"picked":"Uppercut","floor":11},{"not_picked":["Carnage","Battle Trance","Sever Soul"],"picked":"Flame Barrier","floor":14},{"not_picked":["Berserk","Fiend Fire","Double Tap"],"picked":"Reaper","floor":16},{"not_picked":["Flex","Clothesline+1","Headbutt"],"picked":"Pommel Strike+1","floor":18},{"not_picked":["Intimidate","Sword Boomerang+1","Thunderclap"],"picked":"Pommel Strike","floor":20},{"not_picked":["Sever Soul","Clothesline","Burning Pact+1","Dropkick"],"picked":"SKIP","floor":22},{"not_picked":["Pummel","Burning Pact","Havoc"],"picked":"Perfected Strike+1","floor":23},{"not_picked":["Headbutt","Sentinel","Whirlwind"],"picked":"Twin Strike+1","floor":25},{"not_picked":["Uppercut","True Grit","Clothesline"],"picked":"Disarm","floor":27},{"not_picked":["Armaments","Berserk","Flex"],"picked":"Exhume","floor":29},{"not_picked":["Barricade","Exhume","Immolate"],"picked":"Impervious","floor":33},{"not_picked":["Searing Blow","Wild Strike","Entrench"],"picked":"Corruption","floor":35}],"player_experience":423741,"relics_obtained":[{"floor":7,"key":"Blue Candle"},{"floor":9,"key":"Question Card"},{"floor":12,"key":"Potion Belt"},{"floor":14,"key":"Letter Opener"},{"floor":23,"key":"Bag of Preparation"},{"floor":25,"key":"Oddly Smooth Stone"},{"floor":26,"key":"Smiling Mask"},{"floor":29,"key":"Bottled Flame"}],"event_choices":[{"damage_healed":0,"gold_gain":0,"player_choice":"Entered Light","damage_taken":14,"max_hp_gain":0,"max_hp_loss":0,"event_name":"Shining Light","floor":2,"gold_loss":0,"cards_upgraded":["Defend_R","Strike_R"]},{"damage_healed":0,"gold_gain":175,"player_choice":"AGREE","damage_taken":0,"max_hp_gain":0,"max_hp_loss":0,"event_name":"Liars Game","floor":3,"gold_loss":0,"cards_obtained":["Doubt"]},{"damage_healed":0,"gold_gain":99,"player_choice":"Stole From Cult","damage_taken":0,"max_hp_gain":0,"max_hp_loss":0,"event_name":"Nest","floor":19,"gold_loss":0},{"damage_healed":0,"gold_gain":0,"player_choice":"Fight","damage_taken":0,"max_hp_gain":0,"max_hp_loss":0,"event_name":"Mysterious Sphere","floor":36,"gold_loss":0}],"is_beta":false,"boss_relics":[{"not_picked":["Orrery","Runic Pyramid"],"picked":"Cursed Key"},{"not_picked":["Coffee Dripper","Astrolabe"],"picked":"Runic Dome"}],"items_purged_floors":[5,31],"is_endless":false,"potions_floor_spawned":[7,8,10,16,20,23,25,27],"killed_by":"2 Orb Walkers","ascension_level":13}