{"gold_per_floor":[115,65,140,2,2,34,34,9,79,79,95,95,108,127,127,224,224,244,278,278,291,216,216,230,230],"floor_reached":25,"playtime":1434,"items_purged":[],"score":229,"play_id":"d05b831b-05d1-46e0-9124-dcd21ba3b141","local_time":"20190831204105","is_ascension_mode":true,"campfire_choices":[{"floor":7,"key":"REST"},{"floor":10,"key":"REST"},{"floor":12,"key":"REST"},{"data":"Searing Blow","floor":15,"key":"SMITH"},{"data":"Immolate","floor":23,"key":"SMITH"}],"neow_cost":"NONE","seed_source_timestamp":91611441191999,"circlet_count":0,"master_deck":["Strike_R","Strike_R","Strike_R","Defend_R","Defend_R","Defend_R","Bash","Cleave","Fire Breathing","Ghostly Armor","Clash","Clash","Shrug It Off","Searing Blow+1","Immolate+1","Seeing Red","Flex","Thunderclap+1"],"relics":["Burning Blood","Pen Nib","Oddly Smooth Stone","Letter Opener","Cursed Key","Red Mask","Gambling Chip"],"potions_floor_usage":[16,18,24,25],"damage_taken":[{"damage":6,"enemies":"2 Louse","floor":1,"turns":3},{"damage":63,"enemies":"Lagavulin","floor":6,"turns":9},{"damage":0,"enemies":"Small Slimes","floor":11,"turns":3},{"damage":0,"enemies":"Cultist","floor":13,"turns":2},{"damage":5,"enemies":"Exordium Thugs","floor":14,"turns":3},{"damage":16,"enemies":"The Guardian","floor":16,"turns":11},{"damage":18,"enemies":"3 Byrds","floor":18,"turns":3},{"damage":13,"enemies":"Masked Bandits","floor":19,"turns":4},{"damage":2,"enemies":"Chosen","floor":21,"turns":3},{"damage":19,"enemies":"Centurion and Healer","floor":24,"turns":4},{"damage":55,"enemies":"Book of Stabbing","floor":25,"turns":5}],"seed_played":"1326619371192673094","potions_obtained":[{"floor":11,"key":"PowerPotion"},{"floor":16,"key":"SkillPotion"},{"floor":19,"key":"EssenceOfSteel"},{"floor":21,"key":"GamblersBrew"}],"is_trial":false,"path_per_floor":["M","?","?","$","?","E","R","$","T","R","M","R","M","M","R","B",null,"M","?","?","M","?","R","M","E"],"character_chosen":"IRONCLAD","items_purchased":["Fire Breathing","Ghostly Armor","Clash"],"campfire_rested":3,"item_purchase_floors":[4,4,8],"current_hp_per_floor":[80,80,69,69,69,12,36,36,36,60,66,80,80,80,80,70,80,68,61,61,65,65,65,52,0],"gold":230,"neow_bonus":"RANDOM_COMMON_RELIC","is_prod":false,"is_daily":false,"chose_seed":false,"campfire_upgraded":2,"win_rate":0,"timestamp":1567298465,"path_taken":["M","?","?","$","?","E","R","$","T","R","M","R","?","M","R","BOSS","M","?","?","M","?","R","M","E"],"build_version":"2019-07-17","purchased_purges":0,"victory":false,"max_hp_per_floor":[80,80,80,80,80,80,80,80,80,80,80,80,80,80,80,80,80,80,80,80,80,80,80,80,80],"card_choices":[{"not_picked":["Flex","Pommel Strike"],"picked":"Cleave","floor":1},{"not_picked":["Havoc","Dual Wield"],"picked":"Clash","floor":6},{"not_picked":["Twin Strike","Clash"],"picked":"Shrug It Off","floor":11},{"not_picked":["Infernal Blade","Disarm"],"picked":"Searing Blow","floor":13},{"not_picked":["Pommel Strike","Iron Wave","Reaper"],"picked":"SKIP","floor":14},{"not_picked":["Brutality","Juggernaut"],"picked":"Immolate","floor":16},{"not_picked":["Cleave","Twin Strike"],"picked":"Seeing Red","floor":18},{"not_picked":["Perfected Strike","Fire Breathing"],"picked":"Flex","floor":19},{"not_picked":["Twin Strike","Sword Boomerang"],"picked":"Thunderclap+1","floor":21},{"not_picked":["Rage+1","Sword Boomerang","Shrug It Off"],"picked":"SKIP","floor":24}],"player_experience":280730,"relics_obtained":[{"floor":6,"key":"Oddly Smooth Stone"},{"floor":9,"key":"Letter Opener"},{"floor":19,"key":"Red Mask"}],"event_choices":[{"cards_removed":["Strike_R"],"damage_healed":0,"gold_gain":0,"player_choice":"Card Removal","damage_taken":0,"max_hp_gain":0,"max_hp_loss":0,"event_name":"The Cleric","floor":2,"gold_loss":50},{"damage_healed":0,"gold_gain":75,"player_choice":"Gather Gold","damage_taken":11,"max_hp_gain":0,"max_hp_loss":0,"event_name":"World of Goop","floor":3,"gold_loss":0},{"cards_removed":["Defend_R"],"damage_healed":0,"gold_gain":0,"player_choice":"Purged","damage_taken":0,"max_hp_gain":0,"max_hp_loss":0,"event_name":"Purifier","floor":5,"gold_loss":0},{"damage_healed":0,"gold_gain":0,"player_choice":"Fought Bandits","damage_taken":0,"max_hp_gain":0,"max_hp_loss":0,"event_name":"Masked Bandits","floor":19,"gold_loss":0},{"damage_healed":0,"gold_gain":0,"player_choice":"Opened","damage_taken":0,"relics_obtained":["Gambling Chip"],"max_hp_gain":0,"max_hp_loss":0,"event_name":"The Mausoleum","floor":20,"gold_loss":0},{"cards_removed":["Strike_R"],"damage_healed":0,"gold_gain":0,"player_choice":"Gave Gold","damage_taken":0,"max_hp_gain":0,"max_hp_loss":0,"event_name":"Beggar","floor":22,"gold_loss":75}],"is_beta":false,"boss_relics":[{"not_picked":["Snecko Eye","Runic Pyramid"],"picked":"Cursed Key"}],"items_purged_floors":[],"is_endless":false,"potions_floor_spawned":[11,16,19,21],"killed_by":"Book of Stabbing","ascension_level":3}