{"gold_per_floor":[109,109,126,4,17,46,46,60,86,36,36,70,89,114,114,212,212,223,8,8,19,19,19,19,44,344,344,48,48,48,83,83,186,186,205,215,215,215,235,235,255,255],"floor_reached":42,"playtime":4156,"items_purged":["Strike_G","Strike_G"],"score":500,"play_id":"449fbfec-2247-4b0a-9636-749a5c6da0f3","local_time":"20190817151545","is_ascension_mode":true,"campfire_choices":[{"data":"Neutralize","floor":7,"key":"SMITH"},{"data":"Bane","floor":11,"key":"SMITH"},{"floor":15,"key":"REST"},{"data":"Noxious Fumes","floor":23,"key":"SMITH"},{"floor":27,"key":"REST"},{"floor":30,"key":"REST"},{"floor":32,"key":"REST"},{"floor":40,"key":"REST"}],"neow_cost":"NONE","seed_source_timestamp":88598380420921,"circlet_count":0,"master_deck":["Defend_G+1","Defend_G+1","Defend_G+1","Defend_G+1","Defend_G+1","Neutralize+1","Deadly Poison","All Out Attack","Bane+1","Footwork","Prepared","Terror","Poisoned Stab","Night Terror","Bane","Sucker Punch","Malaise+1","Deadly Poison+1","Noxious Fumes+1","Bite","Bite","Bite","Bite","Bite","Bullet Time+1","Noxious Fumes","Underhanded Strike+1","A Thousand Cuts","Deadly Poison+1","Heel Hook+1","Impatience+1","Mind Blast","Bouncing Flask+1","PiercingWail+1"],"relics":["Ring of the Snake","Smiling Mask","Pen Nib","Toxic Egg 2","Black Star","Bag of Preparation","Lantern","Old Coin","Strawberry","Bottled Flame","Boot","White Beast Statue"],"potions_floor_usage":[6,14,16,16,25,25,25,31,31,39,41,41,42],"damage_taken":[{"damage":2,"enemies":"Small Slimes","floor":1,"turns":4},{"damage":2,"enemies":"Jaw Worm","floor":3,"turns":3},{"damage":0,"enemies":"Cultist","floor":5,"turns":3},{"damage":4,"enemies":"Gremlin Nob","floor":6,"turns":4},{"damage":7,"enemies":"3 Louse","floor":8,"turns":3},{"damage":23,"enemies":"3 Sentries","floor":12,"turns":5},{"damage":0,"enemies":"Blue Slaver","floor":13,"turns":3},{"damage":6,"enemies":"Lagavulin","floor":14,"turns":5},{"damage":12,"enemies":"Slime Boss","floor":16,"turns":9},{"damage":13,"enemies":"Spheric Guardian","floor":18,"turns":5},{"damage":3,"enemies":"Chosen","floor":21,"turns":4},{"damage":56,"enemies":"Slavers","floor":25,"turns":6},{"damage":42,"enemies":"Gremlin Leader","floor":31,"turns":6},{"damage":74,"enemies":"Champ","floor":33,"turns":11},{"damage":34,"enemies":"Orb Walker","floor":35,"turns":4},{"damage":6,"enemies":"3 Shapes","floor":36,"turns":4},{"damage":22,"enemies":"Maw","floor":39,"turns":8},{"damage":45,"enemies":"3 Darklings","floor":41,"turns":7},{"damage":57,"enemies":"Giant Head","floor":42,"turns":6}],"seed_played":"-3587870042072860170","potions_obtained":[{"floor":3,"key":"Weak Potion"},{"floor":12,"key":"LiquidBronze"},{"floor":13,"key":"LiquidBronze"},{"floor":14,"key":"FearPotion"},{"floor":31,"key":"Explosive Potion"},{"floor":35,"key":"SteroidPotion"},{"floor":36,"key":"LiquidBronze"},{"floor":39,"key":"EssenceOfSteel"},{"floor":41,"key":"SkillPotion"}],"is_trial":false,"path_per_floor":["M","?","M","$","M","E","R","M","T","$","R","E","M","E","R","B",null,"M","$","?","M","?","R","$","E","T","R","$","?","R","E","R","B",null,"M","M","?","?","M","R","M","E"],"character_chosen":"THE_SILENT","items_purchased":["Footwork","Block Potion","Noxious Fumes","FearPotion","Weak Potion","Noxious Fumes","Strawberry","Block Potion","Strength Potion"],"campfire_rested":5,"item_purchase_floors":[4,4,19,19,19,28,28,28,28],"current_hp_per_floor":[75,75,73,73,73,69,69,62,62,62,62,41,43,39,62,52,77,64,64,64,67,67,67,67,15,15,38,45,45,70,36,61,5,84,52,50,50,45,31,56,23,0],"gold":255,"neow_bonus":"TEN_PERCENT_HP_BONUS","is_prod":false,"is_daily":false,"chose_seed":false,"campfire_upgraded":3,"win_rate":0,"timestamp":1566069345,"path_taken":["M","?","M","?","M","E","R","?","T","$","R","E","M","E","R","BOSS","M","$","?","M","?","R","$","E","T","R","$","?","R","E","R","BOSS","M","M","?","?","M","R","?","E"],"build_version":"2019-07-17","purchased_purges":2,"victory":false,"max_hp_per_floor":[77,77,77,77,77,77,77,77,77,77,77,77,77,77,77,77,77,77,77,77,77,77,77,77,77,77,77,84,84,84,84,84,84,84,84,84,84,84,84,84,84,84],"card_choices":[{"not_picked":["Quick Slash","Deflect"],"picked":"Deadly Poison","floor":1},{"not_picked":["Well Laid Plans","Poisoned Stab"],"picked":"Bane","floor":3},{"not_picked":["Dagger Throw","Distraction"],"picked":"Prepared","floor":5},{"not_picked":["Endless Agony","Acrobatics"],"picked":"Terror","floor":6},{"not_picked":["Deflect","Dash"],"picked":"Poisoned Stab","floor":8},{"not_picked":["Eviscerate","Expertise"],"picked":"Night Terror","floor":12},{"not_picked":["Predator","Dagger Spray"],"picked":"Bane","floor":13},{"not_picked":["Choke","Underhanded Strike"],"picked":"Sucker Punch","floor":14},{"not_picked":["Venomology+1","After Image"],"picked":"Malaise+1","floor":16},{"not_picked":["Flechettes+1","Backflip+1"],"picked":"Deadly Poison+1","floor":18},{"not_picked":["Masterful Stab+1","Flechettes","Heel Hook"],"picked":"SKIP","floor":21},{"not_picked":["Sucker Punch+1","Bane"],"picked":"Bullet Time+1","floor":25},{"not_picked":["Dagger Spray","Acrobatics+1"],"picked":"Underhanded Strike+1","floor":31},{"not_picked":["Glass Knife","Phantasmal Killer+1"],"picked":"A Thousand Cuts","floor":33},{"not_picked":["Calculated Gamble+1","Choke"],"picked":"Deadly Poison+1","floor":35},{"not_picked":["Underhanded Strike","Acrobatics+1"],"picked":"Heel Hook+1","floor":36},{"not_picked":["Purity+1","Finesse+1"],"picked":"Impatience+1","floor":38},{"not_picked":["Metamorphosis+1","Impatience+1"],"picked":"Mind Blast","floor":38},{"not_picked":["Poisoned Stab+1","Dash+1"],"picked":"Bouncing Flask+1","floor":39},{"not_picked":["Cloak And Dagger+1","Acrobatics+1"],"picked":"PiercingWail+1","floor":41}],"player_experience":203537,"relics_obtained":[{"floor":6,"key":"Smiling Mask"},{"floor":9,"key":"Blood Vial"},{"floor":12,"key":"Pen Nib"},{"floor":14,"key":"Toxic Egg 2"},{"floor":25,"key":"Bag of Preparation"},{"floor":25,"key":"Lantern"},{"floor":26,"key":"Old Coin"},{"floor":31,"key":"Bottled Flame"},{"floor":31,"key":"Boot"}],"event_choices":[{"damage_healed":0,"gold_gain":0,"cards_transformed":["Strike_G"],"player_choice":"Change","damage_taken":0,"max_hp_gain":0,"max_hp_loss":0,"event_name":"Living Wall","floor":2,"gold_loss":0,"cards_obtained":["All Out Attack"]},{"damage_healed":0,"gold_gain":0,"player_choice":"Became a vampire (Vial)","damage_taken":0,"max_hp_gain":0,"max_hp_loss":0,"event_name":"Vampires","floor":20,"relics_lost":["Blood Vial"],"gold_loss":0,"cards_obtained":["Bite","Bite","Bite","Bite","Bite"]},{"damage_healed":0,"gold_gain":0,"player_choice":"Simplicity","damage_taken":0,"max_hp_gain":0,"max_hp_loss":0,"event_name":"Back to Basics","floor":22,"gold_loss":0,"cards_upgraded":["Defend_G","Defend_G","Defend_G","Defend_G","Defend_G"]},{"cards_removed":["Survivor"],"damage_healed":0,"gold_gain":0,"player_choice":"Removed Skill","damage_taken":0,"max_hp_gain":0,"max_hp_loss":0,"event_name":"Falling","floor":37,"gold_loss":0},{"damage_healed":0,"gold_gain":0,"player_choice":"Memory 2","damage_taken":5,"max_hp_gain":0,"max_hp_loss":0,"event_name":"SensoryStone","floor":38,"gold_loss":0}],"is_beta":false,"boss_relics":[{"not_picked":["Ring of the Serpent","Calling Bell"],"picked":"Black Star"},{"not_picked":["Runic Dome","Lizard Tail"],"picked":"White Beast Statue"}],"items_purged_floors":[10,19],"is_endless":false,"potions_floor_spawned":[3,12,13,14,31,35,36,39,41],"killed_by":"Giant Head","ascension_level":1}