{"gold_per_floor":[117,117,117,170,245,272,272,298,298,298,314,314,185,201,201,298,298,310,119,137,137,137,137,148,148,251,251,101,134,148,163,163,163],"floor_reached":33,"playtime":2753,"items_purged":["Defend_R","Strike_R"],"score":458,"play_id":"fb5da6e8-478b-4b51-a4b7-df6cc30a5fb9","local_time":"20190102212432","is_ascension_mode":true,"campfire_choices":[{"data":"Armaments","floor":7,"key":"SMITH"},{"data":"Strike_R","floor":15,"key":"PURGE"},{"data":"Defend_R","floor":23,"key":"PURGE"},{"data":"Defend_R","floor":25,"key":"PURGE"},{"data":"Defend_R","floor":27,"key":"PURGE"},{"data":"Strike_R+1","floor":32,"key":"PURGE"}],"neow_cost":"NONE","seed_source_timestamp":284786050866355,"circlet_count":0,"master_deck":["Bash+1","Armaments+1","Warcry","Fire Breathing","Pommel Strike","Fiend Fire","Fire Breathing","Bandage Up","Ghostly","Ghostly","Ghostly","Ghostly","Ghostly","Dark Shackles","Intimidate","Sentinel"],"relics":["Burning Blood","NeowsBlessing","Whetstone","Kunai","Peace Pipe","Charon\u0027s Ashes","Matryoshka","Mark of Pain","Tiny Chest","Singing Bowl","Pantograph"],"potions_floor_usage":[16,29,29,33],"damage_taken":[{"damage":0,"enemies":"Jaw Worm","floor":1,"turns":1},{"damage":0,"enemies":"Lagavulin","floor":6,"turns":1},{"damage":0,"enemies":"3 Sentries","floor":8,"turns":2},{"damage":3,"enemies":"Small Slimes","floor":11,"turns":5},{"damage":1,"enemies":"Cultist","floor":14,"turns":3},{"damage":66,"enemies":"Slime Boss","floor":16,"turns":12},{"damage":45,"enemies":"3 Byrds","floor":18,"turns":8},{"damage":2,"enemies":"Chosen","floor":20,"turns":4},{"damage":3,"enemies":"Snake Plant","floor":24,"turns":5},{"damage":11,"enemies":"Slavers","floor":29,"turns":4},{"damage":3,"enemies":"Snecko","floor":30,"turns":5},{"damage":9,"enemies":"Chosen and Byrds","floor":31,"turns":5},{"damage":54,"enemies":"Automaton","floor":33,"turns":14}],"seed_played":"-1967902447566262487","potions_obtained":[{"floor":8,"key":"SkillPotion"},{"floor":20,"key":"Weak Potion"},{"floor":22,"key":"AttackPotion"},{"floor":22,"key":"Explosive Potion"},{"floor":30,"key":"Fire Potion"}],"is_trial":false,"path_per_floor":["M","?","?","T","?","E","R","E","T","?","M","T","$","M","R","B",null,"M","$","M","?","?","R","M","R","T","R","$","E","M","M","R","B"],"character_chosen":"IRONCLAD","items_purchased":["Pommel Strike","Bandage Up","Dark Shackles","Intimidate"],"campfire_rested":0,"item_purchase_floors":[13,19,28,28],"current_hp_per_floor":[78,71,71,71,60,66,66,72,72,72,75,75,75,80,80,20,65,26,26,34,34,34,34,40,40,40,40,40,37,44,44,44,0],"gold":163,"neow_bonus":"THREE_ENEMY_KILL","is_prod":false,"is_daily":false,"chose_seed":false,"campfire_upgraded":1,"win_rate":0,"timestamp":1546493072,"path_taken":["M","?","?","?","?","E","R","E","T","?","?","?","$","M","R","BOSS","M","$","M","?","?","R","M","R","T","R","$","E","?","M","R","BOSS"],"build_version":"2018-12-20","purchased_purges":2,"victory":false,"max_hp_per_floor":[80,80,80,80,80,80,80,80,80,80,80,80,80,80,80,80,80,80,80,80,40,40,40,40,40,40,40,40,42,44,44,44,44],"card_choices":[{"not_picked":["Infernal Blade","Blood for Blood"],"picked":"Armaments","floor":1},{"not_picked":["Flex","Perfected Strike"],"picked":"Warcry","floor":6},{"not_picked":["Clash","Ghostly Armor"],"picked":"Fire Breathing","floor":8},{"not_picked":["Sword Boomerang","Heavy Blade","Flex"],"picked":"SKIP","floor":11},{"not_picked":["Sword Boomerang","Pummel","Perfected Strike"],"picked":"SKIP","floor":14},{"not_picked":["Berserk","Feed"],"picked":"Fiend Fire","floor":16},{"not_picked":["Twin Strike+1","Clothesline"],"picked":"Fire Breathing","floor":18},{"not_picked":["Havoc","Brutality","Warcry"],"picked":"SKIP","floor":20},{"not_picked":["Clothesline","Heavy Blade","Havoc"],"picked":"SKIP","floor":24},{"not_picked":["Clothesline","Havoc+1","Headbutt"],"picked":"Singing Bowl","floor":29},{"not_picked":["Heavy Blade","Uppercut","Flex+1"],"picked":"Singing Bowl","floor":30},{"not_picked":["True Grit","Bloodletting"],"picked":"Sentinel","floor":31}],"player_experience":329203,"relics_obtained":[{"floor":4,"key":"Whetstone"},{"floor":6,"key":"Kunai"},{"floor":8,"key":"Peace Pipe"},{"floor":9,"key":"Charon\u0027s Ashes"},{"floor":12,"key":"Matryoshka"},{"floor":26,"key":"Tiny Chest"},{"floor":26,"key":"Singing Bowl"},{"floor":29,"key":"Pantograph"}],"event_choices":[{"cards_removed":["Strike_R"],"damage_healed":0,"gold_gain":0,"player_choice":"Card Removal","damage_taken":7,"max_hp_gain":0,"max_hp_loss":0,"event_name":"Golden Wing","floor":2,"gold_loss":0},{"damage_healed":0,"gold_gain":0,"player_choice":"Ignored","damage_taken":0,"max_hp_gain":0,"max_hp_loss":0,"event_name":"Liars Game","floor":3,"gold_loss":0},{"damage_healed":0,"gold_gain":75,"player_choice":"Gather Gold","damage_taken":11,"max_hp_gain":0,"max_hp_loss":0,"event_name":"World of Goop","floor":5,"gold_loss":0},{"cards_removed":["Strike_R"],"damage_healed":0,"gold_gain":0,"player_choice":"Offered Basic","damage_taken":0,"max_hp_gain":0,"max_hp_loss":0,"event_name":"Bonfire Elementals","floor":10,"gold_loss":0},{"damage_healed":0,"gold_gain":0,"player_choice":"Became a Ghost","damage_taken":0,"max_hp_gain":0,"max_hp_loss":40,"event_name":"Ghosts","floor":21,"gold_loss":0,"cards_obtained":["Ghostly","Ghostly","Ghostly","Ghostly","Ghostly"]},{"damage_healed":0,"gold_gain":0,"player_choice":"Got Potions","damage_taken":0,"max_hp_gain":0,"max_hp_loss":0,"event_name":"Lab","floor":22,"gold_loss":0}],"is_beta":false,"boss_relics":[{"not_picked":["Coffee Dripper","Fusion Hammer"],"picked":"Mark of Pain"}],"items_purged_floors":[13,19],"is_endless":false,"potions_floor_spawned":[8,20,30],"killed_by":"Automaton","ascension_level":7}