{"gold_per_floor":[365,136,101,112,139,168,187,200,223,223,223,263,263,276,276,404,404,418,418,418,441,441,441],"floor_reached":23,"playtime":1482,"items_purged":[],"score":199,"play_id":"14c5ced4-bbb0-4664-81d4-fc4038530ad5","local_time":"20190912000837","is_ascension_mode":false,"campfire_choices":[{"floor":11.0,"key":"REST"},{"data":"Noxious Fumes","floor":13.0,"key":"SMITH"},{"floor":15.0,"key":"REST"}],"neow_cost":"PERCENT_DAMAGE","seed_source_timestamp":0,"circlet_count":0,"master_deck":["Strike_G+1","Strike_G+1","Strike_G+1","Strike_G+1","Strike_G+1","Defend_G+1","Defend_G+1","Defend_G+1","Defend_G+1","Defend_G+1","Survivor","Neutralize","Dagger Throw","Noxious Fumes+1","Heel Hook","Crippling Poison","Prepared","Tactician","Heel Hook","Poisoned Stab","Corpse Explosion","Backstab"],"special_seed":0,"relics":["Ring of the Snake","Bronze Scales","InkBottle","Centennial Puzzle","Smiling Mask","Golden Idol","Shuriken","SlaversCollar","Toxic Egg 2","Nilry\u0027s Codex"],"potions_floor_usage":[23],"damage_taken":[{"damage":2.0,"enemies":"Cultist","floor":1.0,"turns":6.0},{"damage":6.0,"enemies":"Jaw Worm","floor":4.0,"turns":4.0},{"damage":15.0,"enemies":"Gremlin Nob","floor":6.0,"turns":5.0},{"damage":5.0,"enemies":"Small Slimes","floor":7.0,"turns":3.0},{"damage":0.0,"enemies":"Looter","floor":8.0,"turns":4.0},{"damage":18.0,"enemies":"3 Sentries","floor":12.0,"turns":5.0},{"damage":6.0,"enemies":"2 Fungi Beasts","floor":14.0,"turns":3.0},{"damage":40.0,"enemies":"The Guardian","floor":16.0,"turns":9.0},{"damage":23.0,"enemies":"2 Thieves","floor":18.0,"turns":3.0},{"damage":19.0,"enemies":"Spheric Guardian","floor":21.0,"turns":5.0},{"damage":7,"enemies":"Slavers","floor":23,"turns":1}],"seed_played":"-2343791628357263870","potions_obtained":[{"floor":1.0,"key":"LiquidBronze"},{"floor":6.0,"key":"Swift Potion"},{"floor":8.0,"key":"Strength Potion"},{"floor":12.0,"key":"GamblersBrew"}],"is_trial":false,"path_per_floor":["M","$","?","M","T","E","M","M","T","?","R","E","R","M","R","B",null,"M","?","?","M","?","E"],"character_chosen":"THE_SILENT","items_purchased":["Noxious Fumes","Bronze Scales"],"campfire_rested":2,"item_purchase_floors":[2,2],"current_hp_per_floor":[47,47,64,58,58,43,38,38,38,38,57,39,39,33,52,12,65,42,42,42,23,7,0],"gold":441,"neow_bonus":"TWO_FIFTY_GOLD","is_prod":false,"is_daily":false,"chose_seed":false,"campfire_upgraded":1,"win_rate":0,"timestamp":1568261317,"path_taken":["M","$","?","M","?","E","M","M","T","?","R","E","R","M","R","BOSS","M","?","?","M","?","E"],"build_version":"2019-09-10","purchased_purges":0,"victory":false,"max_hp_per_floor":[70,70,70,70,70,70,70,70,70,65,65,65,65,65,65,65,65,65,65,65,65,65,65],"card_choices":[{"not_picked":["Calculated Gamble","Slice"],"picked":"Dagger Throw","floor":1.0},{"not_picked":["PiercingWail","Blade Dance"],"picked":"Heel Hook","floor":4.0},{"not_picked":["PiercingWail","Dagger Throw"],"picked":"Crippling Poison","floor":6.0},{"not_picked":["Outmaneuver","Cloak And Dagger"],"picked":"Prepared","floor":7.0},{"not_picked":["Finisher","Concentrate"],"picked":"Tactician","floor":8.0},{"not_picked":["Underhanded Strike","Acrobatics"],"picked":"Heel Hook","floor":12.0},{"not_picked":["Well Laid Plans","Backflip"],"picked":"Poisoned Stab","floor":14.0},{"not_picked":["Unload","Envenom"],"picked":"Corpse Explosion","floor":16.0},{"not_picked":["Outmaneuver","Slice","Dagger Spray"],"picked":"SKIP","floor":18.0},{"not_picked":["Deflect+1","Flechettes"],"picked":"Backstab","floor":21.0}],"player_experience":174944,"relics_obtained":[{"floor":5.0,"key":"InkBottle"},{"floor":6.0,"key":"Centennial Puzzle"},{"floor":9.0,"key":"Smiling Mask"},{"floor":12.0,"key":"Shuriken"},{"floor":22.0,"key":"Nilry\u0027s Codex"}],"event_choices":[{"damage_healed":17.0,"max_hp_gain":0.0,"max_hp_loss":0.0,"gold_gain":0.0,"event_name":"The Cleric","player_choice":"Healed","floor":3.0,"gold_loss":35.0,"damage_taken":0.0},{"damage_healed":0.0,"max_hp_gain":0.0,"max_hp_loss":5.0,"gold_gain":0.0,"event_name":"Golden Idol","player_choice":"Lose Max HP","floor":10.0,"gold_loss":0.0,"damage_taken":0.0,"relics_obtained":["Golden Idol"]},{"damage_healed":0.0,"max_hp_gain":0.0,"max_hp_loss":0.0,"gold_gain":0.0,"event_name":"Back to Basics","player_choice":"Simplicity","floor":19.0,"gold_loss":0.0,"damage_taken":0.0,"cards_upgraded":["Strike_G","Strike_G","Strike_G","Strike_G","Strike_G","Defend_G","Defend_G","Defend_G","Defend_G","Defend_G"]},{"damage_healed":0.0,"max_hp_gain":0.0,"max_hp_loss":0.0,"gold_gain":0.0,"event_name":"The Mausoleum","player_choice":"Opened","floor":20.0,"gold_loss":0.0,"damage_taken":0.0,"relics_obtained":["Toxic Egg 2"]},{"damage_healed":0.0,"max_hp_gain":0.0,"max_hp_loss":0.0,"gold_gain":0.0,"event_name":"Cursed Tome","player_choice":"Obtained Book","floor":22.0,"gold_loss":0.0,"damage_taken":16.0}],"is_beta":true,"boss_relics":[{"not_picked":["WristBlade","Calling Bell"],"picked":"SlaversCollar"}],"items_purged_floors":[],"is_endless":false,"potions_floor_spawned":[1,6,8,12],"killed_by":"Slavers","ascension_level":0}