{"gold_per_floor":[113,83,99,99,113,147,147,147,147,170,198,229,241,271,283,394,406,407,430,442,466,497,509,536,548,633,645,657,669,681],"floor_reached":30,"playtime":3836,"items_purged":[],"score":269,"play_id":"2e0496d4-4e90-4140-82c4-47cac30f2418","local_time":"20181117031312","is_ascension_mode":false,"campfire_choices":[{"data":"Anger","floor":7,"key":"SMITH"},{"data":"Hemokinesis","floor":15,"key":"SMITH"},{"floor":23,"key":"REST"},{"floor":25,"key":"REST"},{"floor":28,"key":"REST"}],"neow_cost":"","seed_source_timestamp":474572601531229,"circlet_count":0,"master_deck":["Defend_R","Defend_R","Defend_R","Bash","Disarm","Twin Strike","Metallicize","Anger+1","Hemokinesis+1","Sever Soul","Anger","Metallicize","Juggernaut","Shame","Entrench+1","Impervious+1","Iron Wave","Anger+1","Bite","Bite","Bite","Bite","Bite","Fire Breathing+1","Bloodletting+1","Armaments","Rampage"],"relics":["Burning Blood","Bronze Scales","MawBank","Astrolabe","Frozen Egg 2"],"potions_floor_usage":[6,6,8,14,16,16,19],"damage_taken":[{"damage":18,"enemies":"Jaw Worm","floor":1,"turns":5},{"damage":5,"enemies":"Cultist","floor":3,"turns":5},{"damage":9,"enemies":"2 Louse","floor":5,"turns":5},{"damage":12,"enemies":"Gremlin Nob","floor":6,"turns":5},{"damage":15,"enemies":"Lagavulin","floor":8,"turns":3},{"damage":11,"enemies":"Red Slaver","floor":10,"turns":3},{"damage":12,"enemies":"Looter","floor":11,"turns":3},{"damage":9,"enemies":"Blue Slaver","floor":12,"turns":4},{"damage":0,"enemies":"Exordium Wildlife","floor":14,"turns":4},{"damage":48,"enemies":"The Guardian","floor":16,"turns":10},{"damage":27,"enemies":"2 Thieves","floor":18,"turns":4},{"damage":23,"enemies":"Spheric Guardian","floor":19,"turns":5},{"damage":42,"enemies":"3 Cultists","floor":21,"turns":7},{"damage":20,"enemies":"Cultist and Chosen","floor":22,"turns":7},{"damage":32,"enemies":"Snake Plant","floor":24,"turns":6},{"damage":48,"enemies":"Shelled Parasite and Fungi","floor":30,"turns":3}],"seed_played":"-5758019690967690774","potions_obtained":[{"floor":2,"key":"SkillPotion"},{"floor":2,"key":"SmokeBomb"},{"floor":5,"key":"Block Potion"},{"floor":6,"key":"Strength Potion"},{"floor":11,"key":"SneckoOil"},{"floor":12,"key":"EssenceOfSteel"},{"floor":18,"key":"SkillPotion"}],"is_trial":false,"path_per_floor":["M","?","M","?","M","E","R","E","T","M","M","M","?","M","R","B",null,"M","M","?","M","M","R","M","R","T","?","R","?","M"],"character_chosen":"IRONCLAD","items_purchased":[],"campfire_rested":3,"item_purchase_floors":[],"current_hp_per_floor":[68,68,69,69,66,60,60,51,51,46,40,37,57,63,63,21,77,56,39,39,17,15,30,12,27,27,27,42,42,0],"gold":681,"neow_bonus":"","is_prod":false,"is_daily":false,"chose_seed":false,"campfire_upgraded":2,"win_rate":0.0,"timestamp":1542453192,"path_taken":["M","?","?","?","M","E","R","E","T","M","?","M","?","M","R","BOSS","M","M","?","M","M","R","M","R","T","?","R","?","M"],"build_version":"2018-11-15","purchased_purges":0,"victory":false,"max_hp_per_floor":[80,80,80,80,80,80,80,80,80,80,80,80,80,80,80,80,77,77,77,53,53,53,53,53,53,53,53,53,53,53],"card_choices":[{"not_picked":["Thunderclap","Clothesline"],"picked":"Disarm","floor":1},{"not_picked":["Perfected Strike","Headbutt"],"picked":"Twin Strike","floor":3},{"not_picked":["Flex","Inflame"],"picked":"Metallicize","floor":5},{"not_picked":["Burning Pact","Flex"],"picked":"Anger","floor":6},{"not_picked":["Warcry","Sword Boomerang"],"picked":"Hemokinesis","floor":10},{"not_picked":["Power Through","Clash"],"picked":"Sever Soul","floor":11},{"not_picked":["True Grit","Body Slam"],"picked":"Anger","floor":12},{"not_picked":["Thunderclap","Flex"],"picked":"Metallicize","floor":14},{"not_picked":["Bludgeon","Barricade"],"picked":"Juggernaut","floor":16},{"not_picked":["Reckless Charge","Headbutt"],"picked":"Iron Wave","floor":18},{"not_picked":["Warcry+1","Burning Pact"],"picked":"Anger+1","floor":19},{"not_picked":["Body Slam","Perfected Strike"],"picked":"Fire Breathing+1","floor":21},{"not_picked":["Clothesline+1","Warcry"],"picked":"Bloodletting+1","floor":22},{"not_picked":["Power Through","Bloodletting"],"picked":"Armaments","floor":24}],"player_experience":0,"relics_obtained":[{"floor":6,"key":"Bronze Scales"},{"floor":9,"key":"MawBank"},{"floor":26,"key":"Frozen Egg 2"}],"event_choices":[{"damage_healed":0,"gold_gain":0,"player_choice":"Bought 2 Potions","damage_taken":0,"max_hp_gain":0,"max_hp_loss":0,"event_name":"The Woman in Blue","floor":2,"gold_loss":0},{"cards_removed":["Strike_R"],"damage_healed":0,"gold_gain":0,"player_choice":"Purged","damage_taken":0,"max_hp_gain":0,"max_hp_loss":0,"event_name":"Purifier","floor":4,"gold_loss":0},{"damage_healed":20,"gold_gain":0,"player_choice":"Healed and dodged fight","damage_taken":0,"max_hp_gain":0,"max_hp_loss":0,"event_name":"Mushrooms","floor":13,"gold_loss":0,"cards_obtained":["Parasite"]},{"damage_healed":0,"gold_gain":0,"player_choice":"Became a vampire","damage_taken":0,"max_hp_gain":0,"max_hp_loss":24,"event_name":"Vampires","floor":20,"gold_loss":0,"cards_obtained":["Bite","Bite","Bite","Bite","Bite"]},{"damage_healed":0,"gold_gain":0,"player_choice":"Ignored","damage_taken":0,"max_hp_gain":0,"max_hp_loss":0,"event_name":"Ghosts","floor":27,"gold_loss":0},{"damage_healed":0,"gold_gain":0,"player_choice":"Read","damage_taken":0,"max_hp_gain":0,"max_hp_loss":0,"event_name":"The Library","floor":29,"gold_loss":0,"cards_obtained":["Rampage"]}],"is_beta":false,"boss_relics":[{"not_picked":["Lizard Tail","Calling Bell"],"picked":"Astrolabe"}],"items_purged_floors":[],"is_endless":false,"potions_floor_spawned":[5,6,11,12,18],"killed_by":"Shelled Parasite and Fungi","ascension_level":0}