{"gold_per_floor":[121,133,166,253,280,292,347,359,371,383,465,490,527,55,55,179,179,199,79,79,0,24,24,58,58,82,82,207,226,226,239,239,368,368,389,5,5,23,48,48,48],"floor_reached":41,"playtime":3439,"items_purged":["Injury"],"score":545,"play_id":"2e4d7f49-51ac-4712-bc72-aa285e995c1d","local_time":"20190829154937","is_ascension_mode":true,"campfire_choices":[{"data":"Go for the Eyes","floor":6,"key":"SMITH"},{"floor":8,"key":"REST"},{"data":"Dualcast","floor":10,"key":"SMITH"},{"floor":15,"key":"REST"},{"floor":23,"key":"REST"},{"data":"Consume","floor":25,"key":"SMITH"},{"data":"Double Energy","floor":27,"key":"SMITH"},{"floor":30,"key":"REST"},{"floor":32,"key":"REST"},{"floor":40,"key":"REST"}],"neow_cost":"NONE","seed_source_timestamp":64363805891374,"circlet_count":0,"master_deck":["Strike_B","Strike_B","Strike_B","Strike_B","Defend_B","Defend_B","Defend_B","Defend_B","Zap","Dualcast+1","Go for the Eyes+1","Doom and Gloom","Cold Snap","Conserve Battery","Sweeping Beam","Double Energy+1","Apotheosis","Melter","Seek","Fusion+1","Consume+1","Darkness","Streamline+1","Clumsy","Tempest","Beam Cell+1","All For One","Steam Power+1","BootSequence","Static Discharge+1","Loop","Amplify","Madness","Madness","Leap+1","Ball Lightning+1"],"relics":["Cracked Core","MawBank","Golden Idol","Unceasing Top","Mercury Hourglass","Sundial","DataDisk","Cursed Key","Oddly Smooth Stone","Strawberry","Mango","Shuriken","Orrery","Membership Card","Symbiotic Virus"],"potions_floor_usage":[7,7,22,28,28,29,35,39],"damage_taken":[{"damage":3,"enemies":"Small Slimes","floor":1,"turns":4},{"damage":1,"enemies":"2 Louse","floor":3,"turns":2},{"damage":0,"enemies":"Jaw Worm","floor":5,"turns":3},{"damage":19,"enemies":"3 Sentries","floor":7,"turns":7},{"damage":22,"enemies":"Lagavulin Event","floor":11,"turns":5},{"damage":2,"enemies":"Red Slaver","floor":12,"turns":3},{"damage":1,"enemies":"Looter","floor":13,"turns":3},{"damage":34,"enemies":"Hexaghost","floor":16,"turns":9},{"damage":0,"enemies":"Spheric Guardian","floor":18,"turns":2},{"damage":19,"enemies":"2 Thieves","floor":22,"turns":3},{"damage":26,"enemies":"Book of Stabbing","floor":24,"turns":5},{"damage":5,"enemies":"Colosseum Slavers","floor":28,"turns":2},{"damage":39,"enemies":"Colosseum Nobs","floor":28,"turns":4},{"damage":0,"enemies":"Chosen and Byrds","floor":29,"turns":3},{"damage":11,"enemies":"3 Cultists","floor":31,"turns":4},{"damage":55,"enemies":"Automaton","floor":33,"turns":8},{"damage":27,"enemies":"3 Darklings","floor":35,"turns":4},{"damage":22,"enemies":"3 Shapes","floor":38,"turns":4},{"damage":15,"enemies":"Spire Growth","floor":39,"turns":5},{"damage":67,"enemies":"Giant Head","floor":41,"turns":7}],"seed_played":"-812405507181815159","potions_obtained":[{"floor":3,"key":"Energy Potion"},{"floor":5,"key":"FocusPotion"},{"floor":11,"key":"Ancient Potion"},{"floor":12,"key":"SpeedPotion"},{"floor":22,"key":"Regen Potion"},{"floor":33,"key":"LiquidBronze"}],"is_trial":false,"path_per_floor":["M","?","M","?","M","R","E","R","T","R","?","M","M","$","R","B",null,"M","$","?","?","M","R","E","R","T","R","?","M","R","M","R","B",null,"M","$","?","M","M","R","E"],"character_chosen":"DEFECT","items_purchased":["DataDisk","Apotheosis","Melter","Consume","Block Potion","Membership Card","Symbiotic Virus","Weak Potion","LiquidBronze"],"campfire_rested":6,"item_purchase_floors":[14,14,14,19,19,36,36,36,36],"current_hp_per_floor":[72,72,71,60,60,60,41,63,63,63,41,39,38,38,60,26,75,75,75,75,75,56,75,49,49,56,56,35,35,63,52,80,25,96,69,69,57,35,20,48,0],"gold":48,"neow_bonus":"RANDOM_COMMON_RELIC","is_prod":false,"is_daily":false,"chose_seed":false,"campfire_upgraded":4,"win_rate":0,"timestamp":1567108177,"path_taken":["M","?","M","?","M","R","E","R","T","R","?","M","?","?","R","BOSS","M","$","?","?","?","R","E","R","T","R","?","M","R","M","R","BOSS","M","$","?","M","M","R","E"],"build_version":"2019-07-17","purchased_purges":1,"victory":false,"max_hp_per_floor":[75,75,75,75,75,75,75,75,75,75,75,75,75,75,75,75,75,75,75,75,75,75,75,75,75,82,82,96,96,96,96,96,96,96,96,96,96,96,96,96,96],"card_choices":[{"not_picked":["Hello World","Scrape"],"picked":"Go for the Eyes","floor":1},{"not_picked":["Redo","BootSequence"],"picked":"Doom and Gloom","floor":3},{"not_picked":["Barrage","Redo"],"picked":"Cold Snap","floor":5},{"not_picked":["Heatsinks","Hologram"],"picked":"Conserve Battery","floor":7},{"not_picked":["Reinforced Body","Beam Cell"],"picked":"Sweeping Beam","floor":11},{"not_picked":["Leap","Auto Shields"],"picked":"Double Energy","floor":12},{"not_picked":["Coolheaded","Heatsinks","Blizzard"],"picked":"SKIP","floor":13},{"not_picked":["Rainbow","Reboot"],"picked":"Seek","floor":16},{"not_picked":["Leap","Cold Snap"],"picked":"Fusion+1","floor":18},{"not_picked":["Coolheaded","Sweeping Beam"],"picked":"Darkness","floor":22},{"not_picked":["Go for the Eyes+1","White Noise"],"picked":"Streamline+1","floor":24},{"not_picked":["Sweeping Beam","Compile Driver+1"],"picked":"Tempest","floor":28},{"not_picked":["Scrape+1","Streamline"],"picked":"Beam Cell+1","floor":29},{"not_picked":["Steam","Hologram","Cold Snap"],"picked":"SKIP","floor":31},{"not_picked":["Seek","Reboot"],"picked":"All For One","floor":33},{"not_picked":["Sweeping Beam","Recycle"],"picked":"Steam Power+1","floor":34},{"not_picked":["Turbo+1","Compile Driver"],"picked":"BootSequence","floor":34},{"not_picked":["Redo","Cold Snap"],"picked":"Static Discharge+1","floor":34},{"not_picked":["Beam Cell+1","Go for the Eyes"],"picked":"Loop","floor":34},{"not_picked":["Capacitor","Conserve Battery+1"],"picked":"Amplify","floor":34},{"not_picked":["Chill","Double Energy","Barrage"],"picked":"SKIP","floor":35},{"not_picked":["Static Discharge+1","Hologram"],"picked":"Leap+1","floor":38},{"not_picked":["Coolheaded+1","Aggregate+1"],"picked":"Ball Lightning+1","floor":39}],"player_experience":263865,"relics_obtained":[{"floor":7,"key":"Unceasing Top"},{"floor":9,"key":"Mercury Hourglass"},{"floor":11,"key":"Sundial"},{"floor":24,"key":"Oddly Smooth Stone"},{"floor":26,"key":"Strawberry"},{"floor":28,"key":"Mango"},{"floor":28,"key":"Shuriken"}],"event_choices":[{"damage_healed":0,"gold_gain":0,"player_choice":"Take Wound","damage_taken":0,"relics_obtained":["Golden Idol"],"max_hp_gain":0,"max_hp_loss":0,"event_name":"Golden Idol","floor":2,"gold_loss":0,"cards_obtained":["Injury"]},{"damage_healed":0,"gold_gain":75,"player_choice":"Gather Gold","damage_taken":11,"max_hp_gain":0,"max_hp_loss":0,"event_name":"World of Goop","floor":4,"gold_loss":0},{"damage_healed":0,"gold_gain":0,"player_choice":"Searched \u00272\u0027 times","damage_taken":0,"max_hp_gain":0,"max_hp_loss":0,"event_name":"Dead Adventurer","floor":11,"gold_loss":0},{"damage_healed":0,"gold_gain":0,"player_choice":"Paid Fearfully","damage_taken":0,"max_hp_gain":0,"max_hp_loss":0,"event_name":"Masked Bandits","floor":21,"gold_loss":79},{"damage_healed":0,"gold_gain":0,"player_choice":"Fight","damage_taken":0,"max_hp_gain":0,"max_hp_loss":0,"event_name":"Colosseum","floor":28,"gold_loss":0},{"damage_healed":0,"gold_gain":0,"player_choice":"Fought Nobs","damage_taken":0,"max_hp_gain":0,"max_hp_loss":0,"event_name":"Colosseum","floor":28,"gold_loss":0},{"damage_healed":0,"gold_gain":0,"player_choice":"Embrace Madness","damage_taken":12,"max_hp_gain":0,"max_hp_loss":0,"event_name":"Winding Halls","floor":37,"gold_loss":0,"cards_obtained":["Madness","Madness"]}],"is_beta":false,"boss_relics":[{"not_picked":["Nuclear Battery","Philosopher\u0027s Stone"],"picked":"Cursed Key"},{"not_picked":["Runic Pyramid","Lizard Tail"],"picked":"Orrery"}],"items_purged_floors":[14],"is_endless":false,"potions_floor_spawned":[3,5,11,12,22,24,28,33],"killed_by":"Giant Head","ascension_level":3}