{"gold_per_floor":[109,124,135,148,148,148,173,173,225,242,277,277,15,28,28,128,128,139,43,43,43,61,61,91,91,91,91,123,139,152,170,170,272,272,292,302,302,48,62,62,162,197,197,197,217,251,251,276,276,276,276,276,79,110,110],"floor_reached":56,"playtime":9954,"items_purged":["Strike_G"],"score":1496,"play_id":"2f4e7867-8b53-46d4-8021-57633f51e727","local_time":"20190915225133","is_ascension_mode":true,"campfire_choices":[{"data":"Footwork","floor":6.0,"key":"SMITH"},{"data":"Wraith Form v2","floor":8.0,"key":"SMITH"},{"data":"Neutralize","floor":12.0,"key":"SMITH"},{"data":"Dash","floor":15.0,"key":"SMITH"},{"data":"RitualDagger","floor":23,"key":"SMITH"},{"data":"Dodge and Roll","floor":25,"key":"SMITH"},{"floor":27,"key":"REST"},{"data":"Dagger Spray","floor":32,"key":"SMITH"},{"data":"A Thousand Cuts","floor":40,"key":"SMITH"},{"floor":44,"key":"RECALL"},{"data":"Noxious Fumes","floor":49,"key":"SMITH"},{"data":"Survivor","floor":52,"key":"SMITH"}],"neow_cost":"NONE","seed_source_timestamp":0,"circlet_count":0,"master_deck":["Strike_G","Strike_G","Strike_G+1","Defend_G","Defend_G","Defend_G","Defend_G+1","Defend_G","Survivor+1","Neutralize+1","Backstab","Dodge and Roll+1","Footwork+1","Dash+1","PiercingWail","Wraith Form v2+1","Dagger Spray+1","Bouncing Flask+1","Corpse Explosion+1","PiercingWail+1","Bandage Up+1","RitualDagger+1","Adrenaline+1","Catalyst+1","PiercingWail+1","Backflip+1","A Thousand Cuts+1","Bane+1","Leg Sweep+1","Madness+1","Finesse+1","Blade Dance+1","Deadly Poison+1","Cloak And Dagger+1","Malaise+1","Noxious Fumes+1","Catalyst+1"],"special_seed":0,"relics":["Ring of the Snake","Ninja Scroll","Boot","Potion Belt","Toxic Egg 2","Philosopher\u0027s Stone","Darkstone Periapt","Dodecahedron","Gremlin Horn","White Beast Statue","Mercury Hourglass","Thread and Needle","Ornamental Fan","Molten Egg 2","Orichalcum","Blue Candle"],"potions_floor_usage":[28,31,33,41,41,42,46,50,50,50,50,55,55,55,55],"damage_taken":[{"damage":0.0,"enemies":"Cultist","floor":1.0,"turns":4.0},{"damage":0.0,"enemies":"Jaw Worm","floor":2.0,"turns":5.0},{"damage":0.0,"enemies":"2 Louse","floor":3.0,"turns":2.0},{"damage":0.0,"enemies":"2 Fungi Beasts","floor":4.0,"turns":4.0},{"damage":15.0,"enemies":"3 Sentries","floor":7.0,"turns":15.0},{"damage":2.0,"enemies":"Large Slime","floor":10.0,"turns":8.0},{"damage":2.0,"enemies":"Lagavulin","floor":11.0,"turns":7.0},{"damage":0.0,"enemies":"Looter","floor":14.0,"turns":2.0},{"damage":3.0,"enemies":"The Guardian","floor":16.0,"turns":13.0},{"damage":5.0,"enemies":"Chosen","floor":18.0,"turns":4.0},{"damage":10,"enemies":"Spheric Guardian","floor":22,"turns":5},{"damage":18,"enemies":"Book of Stabbing","floor":24,"turns":6},{"damage":11,"enemies":"Gremlin Leader","floor":28,"turns":6},{"damage":0,"enemies":"3 Cultists","floor":29,"turns":2},{"damage":0,"enemies":"Centurion and Healer","floor":30,"turns":3},{"damage":9,"enemies":"Sentry and Sphere","floor":31,"turns":5},{"damage":18,"enemies":"Collector","floor":33,"turns":8},{"damage":0,"enemies":"Orb Walker","floor":35,"turns":3},{"damage":0,"enemies":"3 Darklings","floor":36,"turns":1},{"damage":0,"enemies":"4 Shapes","floor":39,"turns":2},{"damage":0,"enemies":"Mind Bloom Boss Battle","floor":41,"turns":6},{"damage":0,"enemies":"Reptomancer","floor":42,"turns":4},{"damage":0,"enemies":"Transient","floor":45,"turns":5},{"damage":1,"enemies":"Giant Head","floor":46,"turns":5},{"damage":0,"enemies":"Reptomancer","floor":48,"turns":4},{"damage":0,"enemies":"Awakened One","floor":50,"turns":17},{"damage":0,"enemies":"Shield and Spear","floor":54,"turns":3},{"damage":23,"enemies":"The Heart","floor":55,"turns":11}],"seed_played":"-2372575680417740828","potions_obtained":[{"floor":1.0,"key":"Block Potion"},{"floor":7.0,"key":"Strength Potion"},{"floor":11.0,"key":"PowerPotion"},{"floor":14.0,"key":"Energy Potion"},{"floor":24,"key":"SkillPotion"},{"floor":29,"key":"Energy Potion"},{"floor":33,"key":"LiquidBronze"},{"floor":35,"key":"SkillPotion"},{"floor":36,"key":"PowerPotion"},{"floor":39,"key":"GamblersBrew"},{"floor":41,"key":"Dexterity Potion"},{"floor":42,"key":"SkillPotion"},{"floor":45,"key":"SpeedPotion"},{"floor":46,"key":"Dexterity Potion"},{"floor":48,"key":"SkillPotion"},{"floor":54,"key":"Fire Potion"}],"is_trial":false,"path_per_floor":["M","M","M","M","?","R","E","R","T","M","E","R","$","M","R","B",null,"M","$","?","?","M","R","E","R","T","R","E","M","M","M","R","B",null,"M","M","?","$","M","R","?","E","T","R","M","E","?","E","R","B",null,"R","$","E","B",null],"character_chosen":"THE_SILENT","items_purchased":["Toxic Egg 2","Bandage Up+1","Mercury Hourglass","Ancient Potion","Block Potion"],"campfire_rested":1,"item_purchase_floors":[13,19,38,53,53],"current_hp_per_floor":[70,70,70,70,56,56,41,41,41,39,37,37,37,37,37,34,70,65,65,65,59,55,55,43,43,43,64,59,59,65,61,61,49,70,70,70,65,65,65,65,70,70,70,70,70,69,69,70,70,70,70,70,70,70,53],"gold":110,"neow_bonus":"TRANSFORM_CARD","is_prod":false,"is_daily":false,"chose_seed":false,"campfire_upgraded":10,"win_rate":0,"timestamp":1568602293,"path_taken":["M","?","M","M","?","R","E","R","T","M","E","R","$","M","R","BOSS","M","$","?","?","M","R","E","R","T","R","E","M","M","M","R","BOSS","M","M","?","$","M","R","?","E","T","R","M","E","?","E","R","BOSS","R","$","E","BOSS"],"build_version":"2019-07-17","purchased_purges":1,"victory":true,"max_hp_per_floor":[70,70,70,70,70,70,70,70,70,70,70,70,70,70,70,70,70,70,70,70,70,70,70,70,70,70,70,70,70,70,70,70,70,70,70,70,70,70,70,70,70,70,70,70,70,70,70,70,70,70,70,70,70,70,70],"card_choices":[{"not_picked":["Masterful Stab","Outmaneuver"],"picked":"Dodge and Roll","floor":1.0},{"not_picked":["Dodge and Roll","Setup"],"picked":"Footwork","floor":2.0},{"not_picked":["Acrobatics","Predator"],"picked":"Dash","floor":3.0},{"not_picked":["Prepared","Heel Hook"],"picked":"PiercingWail","floor":4.0},{"not_picked":["Dodge and Roll","Eviscerate"],"picked":"Wraith Form v2","floor":7.0},{"not_picked":["Prepared","Slice","Accuracy"],"picked":"SKIP","floor":10.0},{"not_picked":["Blade Dance","Quick Slash"],"picked":"Dagger Spray","floor":11.0},{"not_picked":["Deflect+1","Predator"],"picked":"Bouncing Flask+1","floor":14.0},{"not_picked":["Night Terror+1","Storm of Steel+1"],"picked":"Corpse Explosion+1","floor":16.0},{"not_picked":["Finisher","Footwork"],"picked":"PiercingWail+1","floor":18.0},{"not_picked":["Accuracy+1","Sucker Punch+1","Eviscerate"],"picked":"SKIP","floor":22},{"not_picked":["Underhanded Strike","Backflip+1"],"picked":"Adrenaline+1","floor":24},{"not_picked":["Sucker Punch","Dagger Throw"],"picked":"Catalyst+1","floor":28},{"not_picked":["Quick Slash","Flechettes"],"picked":"PiercingWail+1","floor":29},{"not_picked":["Outmaneuver+1","Doppelganger+1"],"picked":"Backflip+1","floor":30},{"not_picked":["Flying Knee","Endless Agony","Underhanded Strike"],"picked":"SKIP","floor":31},{"not_picked":["Bullet Time+1","Corpse Explosion+1"],"picked":"A Thousand Cuts","floor":33},{"not_picked":["Sucker Punch+1","Eviscerate+1"],"picked":"Bane+1","floor":35},{"not_picked":["Bane+1","Setup+1"],"picked":"Leg Sweep+1","floor":36},{"not_picked":["Bandage Up+1","Thinking Ahead+1"],"picked":"Madness+1","floor":37},{"not_picked":["Transmutation+1","Thinking Ahead+1"],"picked":"Finesse+1","floor":37},{"not_picked":["Leg Sweep+1","Outmaneuver+1"],"picked":"Blade Dance+1","floor":39},{"not_picked":["Predator","Sucker Punch"],"picked":"Deadly Poison+1","floor":41},{"not_picked":["Predator","Sucker Punch","Choke+1"],"picked":"SKIP","floor":42},{"not_picked":["Blade Dance+1","Dagger Throw+1"],"picked":"Cloak And Dagger+1","floor":45},{"not_picked":["Poisoned Stab+1","Deadly Poison+1"],"picked":"Malaise+1","floor":46},{"not_picked":["Choke+1","Underhanded Strike+1"],"picked":"Noxious Fumes","floor":48},{"not_picked":["Underhanded Strike+1","Flechettes+1"],"picked":"Catalyst+1","floor":54}],"player_experience":315453,"relics_obtained":[{"floor":7.0,"key":"Ninja Scroll"},{"floor":9.0,"key":"Boot"},{"floor":11.0,"key":"Potion Belt"},{"floor":24,"key":"Darkstone Periapt"},{"floor":26,"key":"Dodecahedron"},{"floor":28,"key":"Gremlin Horn"},{"floor":41,"key":"Thread and Needle"},{"floor":42,"key":"Ornamental Fan"},{"floor":46,"key":"Molten Egg 2"},{"floor":48,"key":"Orichalcum"},{"floor":54,"key":"Blue Candle"}],"event_choices":[{"damage_healed":0.0,"max_hp_gain":0.0,"max_hp_loss":0.0,"gold_gain":0.0,"event_name":"Shining Light","player_choice":"Entered Light","floor":5.0,"gold_loss":0.0,"damage_taken":14.0,"cards_upgraded":["Defend_G","Strike_G"]},{"damage_healed":0.0,"max_hp_gain":0.0,"max_hp_loss":0.0,"gold_gain":0.0,"event_name":"Nest","player_choice":"Joined the Cult","floor":21.0,"gold_loss":0.0,"damage_taken":6.0,"cards_obtained":["RitualDagger"]},{"damage_healed":0,"gold_gain":0,"player_choice":"Memory 2","damage_taken":5,"max_hp_gain":0,"max_hp_loss":0,"event_name":"SensoryStone","floor":37,"gold_loss":0},{"damage_healed":0,"gold_gain":0,"player_choice":"Fight","damage_taken":0,"max_hp_gain":0,"max_hp_loss":0,"event_name":"MindBloom","floor":41,"gold_loss":0},{"damage_healed":0,"gold_gain":0,"player_choice":"Ignored","damage_taken":0,"max_hp_gain":0,"max_hp_loss":0,"event_name":"Tomb of Lord Red Mask","floor":47,"gold_loss":0}],"is_beta":false,"boss_relics":[{"not_picked":["Fusion Hammer","Velvet Choker"],"picked":"Philosopher\u0027s Stone"},{"not_picked":["Orrery","Eternal Feather"],"picked":"White Beast Statue"}],"items_purged_floors":[53],"is_endless":false,"potions_floor_spawned":[1,7,11,14,24,29,33,35,36,39,41,42,45,46,48,54],"ascension_level":2}