{"gold_per_floor":[114,389,404,422,201,201,216,216,293,293,327,327,344,371,371,470,470,490,490,490,509,303,303,318,328,328,328,82,82,110,127,127,230,230,240,28,41,55,55,55,70,84,84,84,103,123,123,138,138,138],"floor_reached":50,"playtime":4400,"items_purged":["Regret","Strike_B"],"score":815,"play_id":"db0d5326-0afa-4544-84b7-f07c357944da","local_time":"20190210214700","is_ascension_mode":true,"campfire_choices":[{"data":"Genetic Algorithm","floor":6,"key":"SMITH"},{"data":"Hyperbeam","floor":8,"key":"SMITH"},{"floor":12,"key":"REST"},{"data":"Go for the Eyes","floor":15,"key":"SMITH"},{"data":"Hologram","floor":23,"key":"SMITH"},{"data":"Echo Form","floor":27,"key":"SMITH"},{"data":"Metamorphosis","floor":29,"key":"SMITH"},{"floor":32,"key":"REST"},{"floor":40,"key":"REST"},{"floor":44,"key":"REST"},{"data":"Hologram","floor":47,"key":"SMITH"},{"floor":49,"key":"REST"}],"neow_cost":"NONE","seed_source_timestamp":0,"circlet_count":0,"master_deck":["AscendersBane","Strike_B","Strike_B","Strike_B","Defend_B+1","Defend_B+1","Defend_B","Hyperbeam+1","Gash","Genetic Algorithm+1","BootSequence","Gash","Scrape","Go for the Eyes+1","FTL","Echo Form+1","Hologram+1","Core Surge","Beam Cell","Metamorphosis+1","Gash","Hologram+1","Hologram+1","Seek","Melter+1","Self Repair","Scrape","Steam","Sweeping Beam+1","Reinforced Body+1","Go for the Eyes+1"],"special_seed":0,"relics":["Cracked Core","Bag of Marbles","Ornamental Fan","Pen Nib","Nunchaku","Philosopher\u0027s Stone","MutagenicStrength","Dodecahedron","Bottled Lightning","Anchor","Empty Cage","Orichalcum"],"potions_floor_usage":[11,16,16,25,30,33,41,42,45,50],"damage_taken":[{"damage":0.0,"enemies":"2 Louse","floor":1.0,"turns":1.0},{"damage":1.0,"enemies":"Cultist","floor":3.0,"turns":3.0},{"damage":0,"enemies":"Small Slimes","floor":4,"turns":1},{"damage":0,"enemies":"Exordium Wildlife","floor":7,"turns":1},{"damage":25,"enemies":"Lagavulin","floor":11,"turns":6},{"damage":0,"enemies":"3 Louse","floor":13,"turns":3},{"damage":0,"enemies":"3 Sentries","floor":14,"turns":2},{"damage":11,"enemies":"Hexaghost","floor":16,"turns":6},{"damage":4,"enemies":"Shell Parasite","floor":18,"turns":4},{"damage":6,"enemies":"2 Thieves","floor":21,"turns":3},{"damage":1,"enemies":"Cultist and Chosen","floor":24,"turns":5},{"damage":0,"enemies":"Snecko","floor":25,"turns":2},{"damage":31,"enemies":"Book of Stabbing","floor":30,"turns":5},{"damage":0,"enemies":"Snake Plant","floor":31,"turns":2},{"damage":2,"enemies":"Champ","floor":33,"turns":6},{"damage":33,"enemies":"3 Darklings","floor":35,"turns":4},{"damage":8,"enemies":"3 Shapes","floor":37,"turns":3},{"damage":7,"enemies":"Maw","floor":38,"turns":7},{"damage":30,"enemies":"3 Darklings","floor":41,"turns":4},{"damage":0,"enemies":"Jaw Worm Horde","floor":42,"turns":2},{"damage":16,"enemies":"4 Shapes","floor":45,"turns":9},{"damage":3,"enemies":"Maw","floor":46,"turns":7},{"damage":13,"enemies":"Jaw Worm Horde","floor":48,"turns":3},{"damage":53,"enemies":"Time Eater","floor":50,"turns":7}],"seed_played":"-5482143036124747987","potions_obtained":[{"floor":3,"key":"Dexterity Potion"},{"floor":11,"key":"Strength Potion"},{"floor":13,"key":"PowerPotion"},{"floor":24,"key":"FearPotion"},{"floor":25,"key":"FocusPotion"},{"floor":30,"key":"PowerPotion"},{"floor":38,"key":"Weak Potion"},{"floor":41,"key":"EssenceOfSteel"},{"floor":42,"key":"SpeedPotion"},{"floor":48,"key":"LiquidBronze"}],"is_trial":false,"path_per_floor":["M","?","M","M","$","R","M","R","T","?","E","R","M","E","R","B",null,"M","?","?","M","$","R","M","M","T","R","$","R","E","M","R","B",null,"M","$","M","M","?","R","M","M","T","R","M","M","R","M","R","B"],"character_chosen":"DEFECT","items_purchased":["Bag of Marbles","Beam Cell","Metamorphosis","Bottled Lightning","Self Repair","Scrape"],"campfire_rested":5,"item_purchase_floors":[5,22,22,28,36,36],"current_hp_per_floor":[68,68,67,67,67,67,67,67,67,52,27,49,49,49,49,38,66,62,62,62,56,56,56,55,55,55,55,55,55,24,24,46,44,67,34,34,26,19,19,41,18,18,18,40,31,42,42,29,51,0],"gold":138,"neow_bonus":"ONE_RANDOM_RARE_CARD","is_prod":false,"is_daily":false,"chose_seed":false,"campfire_upgraded":7,"win_rate":0,"timestamp":1549864020,"path_taken":["M","?","M","M","$","R","?","R","T","?","E","R","M","E","R","BOSS","M","?","?","M","$","R","M","?","T","R","$","R","E","M","R","BOSS","M","$","M","M","?","R","M","M","T","R","M","?","R","M","R","BOSS"],"build_version":"2019-01-23","purchased_purges":2,"victory":false,"max_hp_per_floor":[75,75,75,75,75,75,75,75,75,75,75,75,75,75,75,75,75,75,75,75,75,75,75,75,75,75,75,75,75,75,75,75,75,75,75,75,75,75,75,75,75,75,75,75,75,75,75,75,75,75],"card_choices":[{"not_picked":["Rebound","Turbo"],"picked":"Gash","floor":1.0},{"not_picked":["Sweeping Beam","Streamline"],"picked":"Genetic Algorithm","floor":3},{"not_picked":["White Noise","Barrage"],"picked":"BootSequence","floor":4},{"not_picked":["Streamline","Force Field"],"picked":"Gash","floor":7},{"not_picked":["Streamline","Beam Cell"],"picked":"Scrape","floor":11},{"not_picked":["Glacier","Capacitor"],"picked":"Go for the Eyes","floor":13},{"not_picked":["Turbo","Leap"],"picked":"FTL","floor":14},{"not_picked":["Creative AI","Amplify"],"picked":"Echo Form","floor":16},{"not_picked":["Aggregate+1","Conserve Battery","Cold Snap"],"picked":"SKIP","floor":18},{"not_picked":["Compile Driver+1","Reprogram"],"picked":"Core Surge","floor":21},{"not_picked":["Capacitor","Rip and Tear"],"picked":"Gash","floor":24},{"not_picked":["Conserve Battery","Cold Snap"],"picked":"Hologram+1","floor":25},{"not_picked":["Recycle","Consume+1","Chill"],"picked":"SKIP","floor":30},{"not_picked":["Chill","Coolheaded"],"picked":"Hologram","floor":31},{"not_picked":["Reboot","Fission"],"picked":"Seek","floor":33},{"not_picked":["Ball Lightning","Double Energy"],"picked":"Melter+1","floor":35},{"not_picked":["Redo","Compile Driver"],"picked":"Steam","floor":37},{"not_picked":["Hello World+1","BootSequence+1","Storm"],"picked":"SKIP","floor":38},{"not_picked":["Fusion","Lockon"],"picked":"Sweeping Beam+1","floor":41},{"not_picked":["Recycle+1","Glacier"],"picked":"Reinforced Body+1","floor":42},{"not_picked":["Redo","Fusion"],"picked":"Go for the Eyes+1","floor":45},{"not_picked":["Storm+1","Compile Driver+1","Leap"],"picked":"SKIP","floor":46},{"not_picked":["Rainbow","Streamline","Capacitor+1"],"picked":"SKIP","floor":48}],"player_experience":573914,"relics_obtained":[{"floor":9,"key":"Ornamental Fan"},{"floor":11,"key":"Pen Nib"},{"floor":14,"key":"Nunchaku"},{"floor":26,"key":"Dodecahedron"},{"floor":30,"key":"Anchor"},{"floor":43,"key":"Orichalcum"}],"event_choices":[{"damage_healed":0.0,"max_hp_gain":0.0,"max_hp_loss":0.0,"gold_gain":275.0,"event_name":"Golden Shrine","player_choice":"Desecrate","floor":2.0,"gold_loss":0.0,"damage_taken":0.0,"cards_obtained":["Regret"]},{"damage_healed":0,"gold_gain":0,"player_choice":"Entered Light","damage_taken":15,"max_hp_gain":0,"max_hp_loss":0,"event_name":"Shining Light","floor":10,"gold_loss":0,"cards_upgraded":["Defend_B","Defend_B"]},{"damage_healed":0,"gold_gain":0,"player_choice":"Inject Mutagens","damage_taken":0,"relics_obtained":["MutagenicStrength"],"max_hp_gain":0,"max_hp_loss":0,"event_name":"Drug Dealer","floor":19,"gold_loss":0},{"damage_healed":0,"gold_gain":0,"player_choice":"1 cards matched","damage_taken":0,"max_hp_gain":0,"max_hp_loss":0,"event_name":"Match and Keep!","floor":20,"gold_loss":0,"cards_obtained":["Hologram"]},{"damage_healed":0,"gold_gain":0,"player_choice":"1 cards matched","damage_taken":0,"max_hp_gain":0,"max_hp_loss":0,"event_name":"Match and Keep!","floor":20,"gold_loss":0,"cards_obtained":["Hologram"]},{"cards_removed":["Defend_B"],"damage_healed":0,"gold_gain":0,"player_choice":"Purged","damage_taken":0,"max_hp_gain":0,"max_hp_loss":0,"event_name":"Purifier","floor":39,"gold_loss":0}],"is_beta":false,"boss_relics":[{"not_picked":["Coffee Dripper","Tiny House"],"picked":"Philosopher\u0027s Stone"},{"not_picked":["Velvet Choker","Busted Crown"],"picked":"Empty Cage"}],"items_purged_floors":[5,36],"is_endless":false,"potions_floor_spawned":[3,11,13,14,24,25,30,38,41,42,48],"killed_by":"Time Eater","ascension_level":11}