{"gold_per_floor":[215,225,225,7,25,54,54,54,100,115,127,127,44,69,69,166,166,181,196,196,196,213,248,248,67,67,79,108,137,183,195,207,318,330,356,368,68,68,86,117,117,148,148,148,166,195,195,195,195,195],"floor_reached":51,"playtime":4741,"items_purged":["Regret"],"score":857,"play_id":"9aaa95d5-8db3-4399-9f70-476e9123e0d1","local_time":"20190825224516","is_ascension_mode":true,"campfire_choices":[{"data":"Static Discharge","floor":7,"key":"SMITH"},{"data":"Zap","floor":12,"key":"SMITH"},{"floor":15,"key":"REST"},{"data":"Loop","floor":24,"key":"SMITH"},{"data":"Storm","floor":27,"key":"SMITH"},{"data":"Rainbow","floor":32,"key":"SMITH"},{"floor":41,"key":"REST"},{"floor":44,"key":"REST"},{"floor":47,"key":"REST"},{"floor":49,"key":"REST"}],"neow_cost":"NONE","seed_source_timestamp":160021312945239,"circlet_count":0,"master_deck":["Strike_B+1","Strike_B+1","Strike_B+1","Strike_B+1","Defend_B+1","Defend_B+1","Defend_B+1","Defend_B+1","Zap+1","Dualcast","Go for the Eyes","Heatsinks","Self Repair","Static Discharge+1","Cold Snap","Rainbow+1","Loop+1","Storm+1","BootSequence","Core Surge","Beam Cell","Ball Lightning","Streamline+1","Machine Learning","White Noise","Hologram+1","Beam Cell+1","Turbo+1","Creative AI","Double Energy+1","Madness","Seek","Impatience","Ball Lightning+1","Defragment+1"],"relics":["Cracked Core","Orichalcum","DataDisk","Centennial Puzzle","Omamori","Shuriken","Sozu","Pen Nib","Anchor","PreservedInsect","MawBank","Bronze Scales","Happy Flower","Cursed Key","Bottled Lightning","Toxic Egg 2","Juzu Bracelet","Oddly Smooth Stone","Blood Vial"],"potions_floor_usage":[6,16,22,42],"damage_taken":[{"damage":0,"enemies":"Small Slimes","floor":1,"turns":3},{"damage":2,"enemies":"2 Louse","floor":2,"turns":3},{"damage":0,"enemies":"Cultist","floor":5,"turns":3},{"damage":15,"enemies":"Gremlin Nob","floor":6,"turns":5},{"damage":6,"enemies":"Exordium Wildlife","floor":10,"turns":3},{"damage":13,"enemies":"3 Louse","floor":11,"turns":3},{"damage":13,"enemies":"3 Sentries","floor":14,"turns":5},{"damage":28,"enemies":"The Guardian","floor":16,"turns":9},{"damage":0,"enemies":"Chosen","floor":18,"turns":4},{"damage":5,"enemies":"Shell Parasite","floor":19,"turns":6},{"damage":9,"enemies":"Snake Plant","floor":22,"turns":3},{"damage":8,"enemies":"Book of Stabbing","floor":23,"turns":5},{"damage":3,"enemies":"Cultist and Chosen","floor":28,"turns":4},{"damage":3,"enemies":"Chosen and Byrds","floor":29,"turns":4},{"damage":0,"enemies":"Gremlin Leader","floor":30,"turns":4},{"damage":38,"enemies":"Champ","floor":33,"turns":6},{"damage":3,"enemies":"3 Shapes","floor":35,"turns":3},{"damage":20,"enemies":"3 Darklings","floor":39,"turns":3},{"damage":4,"enemies":"Giant Head","floor":40,"turns":5},{"damage":33,"enemies":"Reptomancer","floor":42,"turns":4},{"damage":17,"enemies":"Spire Growth","floor":45,"turns":4},{"damage":26,"enemies":"Giant Head","floor":46,"turns":6},{"damage":58,"enemies":"Time Eater","floor":50,"turns":8}],"seed_played":"-4536151331949670598","potions_obtained":[{"floor":1,"key":"Weak Potion"},{"floor":5,"key":"FearPotion"},{"floor":14,"key":"SteroidPotion"},{"floor":16,"key":"LiquidBronze"}],"is_trial":false,"path_per_floor":["M","M","?","$","M","E","R","?","T","M","M","R","$","E","R","B",null,"M","M","?","?","M","E","R","$","T","R","M","M","E","?","R","B",null,"M","?","$","?","M","E","R","E","T","R","M","E","R","?","R","B",null],"character_chosen":"DEFECT","items_purchased":["DataDisk","Storm","Weak Potion","PreservedInsect","White Noise","Bottled Lightning","Seek"],"campfire_rested":5,"item_purchase_floors":[4,13,13,25,25,37,37],"current_hp_per_floor":[75,73,73,73,73,65,65,65,65,66,60,60,60,54,75,47,75,75,75,75,75,73,72,72,72,72,72,75,75,75,75,75,37,75,72,63,63,63,50,46,68,35,35,57,40,14,36,36,58,2],"gold":195,"neow_bonus":"HUNDRED_GOLD","is_prod":false,"is_daily":false,"chose_seed":false,"campfire_upgraded":5,"win_rate":0,"timestamp":1566787516,"path_taken":["M","M","?","$","M","E","R","?","T","?","M","R","$","E","R","BOSS","M","M","?","?","?","E","R","?","T","R","M","M","E","?","R","BOSS","M","?","$","?","M","E","R","E","T","R","M","E","R","?","R","BOSS"],"build_version":"2019-07-17","purchased_purges":1,"victory":true,"max_hp_per_floor":[75,75,75,75,75,75,75,75,75,75,75,75,75,75,75,75,75,75,75,75,75,75,75,75,75,75,75,75,75,75,75,75,75,75,75,75,75,75,75,75,75,75,75,75,75,75,75,75,75,75],"card_choices":[{"not_picked":["Fusion","Hologram"],"picked":"Go for the Eyes","floor":1},{"not_picked":["Go for the Eyes","FTL"],"picked":"Heatsinks","floor":2},{"not_picked":["Auto Shields","Steam Power"],"picked":"Self Repair","floor":5},{"not_picked":["Storm","Aggregate"],"picked":"Static Discharge","floor":6},{"not_picked":["FTL","Leap","Barrage"],"picked":"SKIP","floor":10},{"not_picked":["Double Energy","Reinforced Body"],"picked":"Loop","floor":11},{"not_picked":["Ball Lightning","Conserve Battery"],"picked":"BootSequence","floor":14},{"not_picked":["Hyperbeam","Meteor Strike"],"picked":"Core Surge","floor":16},{"not_picked":["Cold Snap","Barrage"],"picked":"Beam Cell","floor":18},{"not_picked":["Go for the Eyes","Coolheaded"],"picked":"Ball Lightning","floor":19},{"not_picked":["Gash","Fusion"],"picked":"Streamline+1","floor":22},{"not_picked":["Blizzard+1","Skim"],"picked":"Machine Learning","floor":23},{"not_picked":["Beam Cell","Coolheaded+1"],"picked":"Hologram+1","floor":28},{"not_picked":["Self Repair","Reprogram"],"picked":"Beam Cell+1","floor":29},{"not_picked":["Scrape","Compile Driver"],"picked":"Turbo+1","floor":30},{"not_picked":["Hyperbeam","Reboot"],"picked":"Creative AI","floor":33},{"not_picked":["Beam Cell","Redo+1"],"picked":"Double Energy+1","floor":35},{"not_picked":["White Noise+1","Rip and Tear"],"picked":"Ball Lightning+1","floor":39},{"not_picked":["Auto Shields+1","Beam Cell"],"picked":"Defragment+1","floor":40},{"not_picked":["Barrage+1","Chill+1","Cold Snap+1"],"picked":"SKIP","floor":42},{"not_picked":["Force Field+1","Defragment","Conserve Battery+1"],"picked":"SKIP","floor":45},{"not_picked":["Rip and Tear","Leap+1","Gash+1"],"picked":"SKIP","floor":46}],"player_experience":239570,"relics_obtained":[{"floor":6,"key":"Centennial Puzzle"},{"floor":9,"key":"Omamori"},{"floor":14,"key":"Shuriken"},{"floor":23,"key":"Anchor"},{"floor":26,"key":"MawBank"},{"floor":30,"key":"Bronze Scales"},{"floor":40,"key":"Toxic Egg 2"},{"floor":42,"key":"Juzu Bracelet"},{"floor":43,"key":"Oddly Smooth Stone"},{"floor":46,"key":"Blood Vial"}],"event_choices":[{"damage_healed":0,"gold_gain":0,"player_choice":"Box","damage_taken":0,"relics_obtained":["Orichalcum"],"max_hp_gain":0,"max_hp_loss":0,"event_name":"Big Fish","floor":3,"gold_loss":0,"cards_obtained":["Regret"]},{"damage_healed":0,"gold_gain":0,"player_choice":"2 cards matched","damage_taken":0,"max_hp_gain":0,"max_hp_loss":0,"event_name":"Match and Keep!","floor":8,"gold_loss":0,"cards_obtained":["Cold Snap","Rainbow"]},{"damage_healed":0,"gold_gain":0,"player_choice":"Simplicity","damage_taken":0,"max_hp_gain":0,"max_hp_loss":0,"event_name":"Back to Basics","floor":20,"gold_loss":0,"cards_upgraded":["Strike_B","Strike_B","Strike_B","Strike_B","Defend_B","Defend_B","Defend_B","Defend_B"]},{"damage_healed":0,"gold_gain":0,"player_choice":"Gave Potion","damage_taken":0,"relics_obtained":["Pen Nib"],"max_hp_gain":0,"max_hp_loss":0,"event_name":"WeMeetAgain","floor":21,"gold_loss":0},{"damage_healed":0,"gold_gain":0,"player_choice":"Opened","damage_taken":0,"relics_obtained":["Happy Flower"],"max_hp_gain":0,"max_hp_loss":0,"event_name":"The Mausoleum","floor":31,"gold_loss":0},{"damage_healed":0,"gold_gain":0,"player_choice":"Embrace Madness","damage_taken":9,"max_hp_gain":0,"max_hp_loss":0,"event_name":"Winding Halls","floor":36,"gold_loss":0,"cards_obtained":["Madness","Madness"]},{"damage_healed":0,"gold_gain":0,"player_choice":"1 cards matched","damage_taken":0,"max_hp_gain":0,"max_hp_loss":0,"event_name":"Match and Keep!","floor":38,"gold_loss":0,"cards_obtained":["Impatience"]},{"cards_removed":["Madness"],"damage_healed":0,"gold_gain":0,"player_choice":"Purged","damage_taken":0,"max_hp_gain":0,"max_hp_loss":0,"event_name":"Purifier","floor":48,"gold_loss":0}],"is_beta":false,"boss_relics":[{"not_picked":["Eternal Feather","Velvet Choker"],"picked":"Sozu"},{"not_picked":["Nuclear Battery","FrozenCore"],"picked":"Cursed Key"}],"items_purged_floors":[4],"is_endless":false,"potions_floor_spawned":[1,5,14,16,18,19,23,29,35,39],"ascension_level":2}