{"gold_per_floor":[361,379,4,4,4,4,4,4,4,4,14,40,59,59,59,183,183,199,218,231,231,252,252,585,585,585,585,585,601,58,91,91,211,211,235,253,10,33,0,0,0,0],"floor_reached":42,"playtime":3429,"items_purged":["Injury"],"score":549,"play_id":"fc22c7dd-5027-4fa9-8856-2fd721d8a930","local_time":"20190901132245","is_ascension_mode":true,"campfire_choices":[{"floor":6,"key":"REST"},{"data":"Inflame","floor":8,"key":"SMITH"},{"data":"Searing Blow","floor":10,"key":"SMITH"},{"data":"Power Through","floor":15,"key":"SMITH"},{"floor":23,"key":"REST"},{"floor":25,"key":"REST"},{"floor":27,"key":"REST"},{"floor":32,"key":"REST"},{"data":"Whirlwind","floor":40,"key":"SMITH"}],"neow_cost":"TEN_PERCENT_HP_LOSS","seed_source_timestamp":107178071049445,"circlet_count":0,"master_deck":["Strike_R","Strike_R","Strike_R","Strike_R","Strike_R","Defend_R+1","Defend_R","Defend_R+1","Defend_R","Bash","Inflame+1","Searing Blow+1","Shrug It Off","Power Through+1","Clothesline","Pommel Strike","Clash","Whirlwind+1","Limit Break","Dual Wield+1","Hemokinesis","Iron Wave+1","Cleave","Offering","Disarm","Feed","Ghostly Armor","Flex+1","Uppercut+1","Apotheosis","Rampage","Berserk","Armaments+1","Iron Wave+1","Heavy Blade+1","Apotheosis","Thinking Ahead"],"relics":["Burning Blood","Thread and Needle","War Paint","Dream Catcher","Ginger","Golden Idol","Sozu","Old Coin","Shuriken","Enchiridion","Mango","Art of War","Black Star","Mercury Hourglass","Red Mask"],"potions_floor_usage":[12,16,16],"damage_taken":[{"damage":10,"enemies":"2 Louse","floor":1,"turns":3},{"damage":4,"enemies":"Jaw Worm","floor":2,"turns":4},{"damage":0,"enemies":"Cultist","floor":11,"turns":3},{"damage":23,"enemies":"3 Sentries","floor":12,"turns":8},{"damage":0,"enemies":"3 Louse","floor":13,"turns":3},{"damage":3,"enemies":"Slime Boss","floor":16,"turns":9},{"damage":12,"enemies":"Chosen","floor":18,"turns":5},{"damage":7,"enemies":"2 Thieves","floor":19,"turns":4},{"damage":22,"enemies":"3 Cultists","floor":20,"turns":6},{"damage":20,"enemies":"Shelled Parasite and Fungi","floor":22,"turns":8},{"damage":27,"enemies":"Slavers","floor":24,"turns":5},{"damage":20,"enemies":"Sentry and Sphere","floor":29,"turns":6},{"damage":32,"enemies":"Gremlin Leader","floor":31,"turns":5},{"damage":53,"enemies":"Automaton","floor":33,"turns":10},{"damage":29,"enemies":"3 Shapes","floor":35,"turns":5},{"damage":11,"enemies":"Orb Walker","floor":36,"turns":3},{"damage":0,"enemies":"Maw","floor":38,"turns":7},{"damage":83,"enemies":"Giant Head","floor":42,"turns":9}],"seed_played":"-4825291387036228278","potions_obtained":[{"floor":2,"key":"SteroidPotion"},{"floor":12,"key":"GamblersBrew"}],"is_trial":false,"path_per_floor":["M","M","$","?","?","R","?","R","T","R","M","E","M","?","R","B",null,"M","M","M","?","M","R","E","R","T","R","?","M","$","E","R","B",null,"M","M","$","M","?","R","?","E"],"character_chosen":"IRONCLAD","items_purchased":["Thread and Needle","Shrug It Off","Fire Potion","Apotheosis","Mango","Mercury Hourglass"],"campfire_rested":5,"item_purchase_floors":[3,3,3,30,30,37],"current_hp_per_floor":[68,70,70,70,58,72,72,72,72,72,72,55,61,61,61,64,72,66,65,49,49,35,56,35,56,56,72,56,45,59,33,59,12,89,66,61,61,67,67,67,62,0],"gold":0,"neow_bonus":"TWO_FIFTY_GOLD","is_prod":false,"is_daily":false,"chose_seed":false,"campfire_upgraded":4,"win_rate":0,"timestamp":1567358565,"path_taken":["M","M","$","?","?","R","?","R","T","R","?","E","M","?","R","BOSS","M","M","M","?","M","R","E","R","T","R","?","M","$","E","R","BOSS","M","M","$","M","?","R","?","E"],"build_version":"2019-07-17","purchased_purges":1,"victory":false,"max_hp_per_floor":[72,72,72,72,72,72,72,72,72,72,72,72,72,72,72,72,72,72,72,72,72,72,72,72,72,72,72,72,75,89,89,89,89,89,89,89,89,89,89,89,89,89],"card_choices":[{"not_picked":["Thunderclap","True Grit"],"picked":"Inflame","floor":1},{"not_picked":["Rage","Iron Wave"],"picked":"Searing Blow","floor":2},{"not_picked":["Uppercut","True Grit"],"picked":"Pommel Strike","floor":11},{"not_picked":["Double Tap","Rage"],"picked":"Clash","floor":12},{"not_picked":["True Grit","Metallicize"],"picked":"Whirlwind","floor":13},{"not_picked":["Double Tap","Fiend Fire"],"picked":"Limit Break","floor":16},{"not_picked":["Headbutt","Uppercut+1"],"picked":"Dual Wield+1","floor":18},{"not_picked":["Twin Strike","Clothesline"],"picked":"Hemokinesis","floor":19},{"not_picked":["Clothesline","Carnage"],"picked":"Iron Wave+1","floor":20},{"not_picked":["Anger","Sword Boomerang+1"],"picked":"Offering","floor":22},{"not_picked":["Sentinel","Thunderclap"],"picked":"Disarm","floor":23},{"not_picked":["Sword Boomerang+1","Sentinel"],"picked":"Feed","floor":24},{"not_picked":["Power Through","Blood for Blood"],"picked":"Ghostly Armor","floor":25},{"not_picked":["Iron Wave","Combust"],"picked":"Flex+1","floor":27},{"not_picked":["Power Through+1","Havoc"],"picked":"Uppercut+1","floor":29},{"not_picked":["Combust","Iron Wave"],"picked":"Rampage","floor":31},{"not_picked":["Feed","Impervious"],"picked":"Berserk","floor":33},{"not_picked":["Pummel","Clothesline+1"],"picked":"Armaments+1","floor":35},{"not_picked":["Headbutt","Clash+1"],"picked":"Iron Wave+1","floor":36},{"not_picked":["Rupture","True Grit"],"picked":"Heavy Blade+1","floor":38},{"not_picked":["Master of Strategy","Deep Breath"],"picked":"Apotheosis","floor":41},{"not_picked":["Madness","Mayhem"],"picked":"Thinking Ahead","floor":41}],"player_experience":282164,"relics_obtained":[{"floor":9,"key":"Dream Catcher"},{"floor":12,"key":"Ginger"},{"floor":24,"key":"Old Coin"},{"floor":26,"key":"Shuriken"},{"floor":28,"key":"Enchiridion"},{"floor":31,"key":"Art of War"}],"event_choices":[{"damage_healed":0,"gold_gain":0,"player_choice":"Ignored","damage_taken":0,"max_hp_gain":0,"max_hp_loss":0,"event_name":"Liars Game","floor":4,"gold_loss":0},{"damage_healed":0,"gold_gain":0,"player_choice":"Success","damage_taken":12,"relics_obtained":["War Paint"],"max_hp_gain":0,"max_hp_loss":0,"event_name":"Scrap Ooze","floor":5,"gold_loss":0},{"damage_healed":0,"gold_gain":0,"player_choice":"2 cards matched","damage_taken":0,"max_hp_gain":0,"max_hp_loss":0,"event_name":"Match and Keep!","floor":7,"gold_loss":0,"cards_obtained":["Power Through","Clothesline"]},{"damage_healed":0,"gold_gain":0,"player_choice":"Take Wound","damage_taken":0,"relics_obtained":["Golden Idol"],"max_hp_gain":0,"max_hp_loss":0,"event_name":"Golden Idol","floor":14,"gold_loss":0,"cards_obtained":["Injury"]},{"damage_healed":0,"gold_gain":0,"player_choice":"Read","damage_taken":0,"max_hp_gain":0,"max_hp_loss":0,"event_name":"The Library","floor":21,"gold_loss":0,"cards_obtained":["Cleave"]},{"damage_healed":0,"gold_gain":0,"player_choice":"Obtained Book","damage_taken":16,"max_hp_gain":0,"max_hp_loss":0,"event_name":"Cursed Tome","floor":28,"gold_loss":0},{"damage_healed":0,"gold_gain":0,"player_choice":"Paid","damage_taken":0,"relics_obtained":["Red Mask"],"max_hp_gain":0,"max_hp_loss":0,"event_name":"Tomb of Lord Red Mask","floor":39,"gold_loss":33},{"damage_healed":0,"gold_gain":0,"player_choice":"Memory 2","damage_taken":5,"max_hp_gain":0,"max_hp_loss":0,"event_name":"SensoryStone","floor":41,"gold_loss":0}],"is_beta":false,"boss_relics":[{"not_picked":["Black Blood","Coffee Dripper"],"picked":"Sozu"},{"not_picked":["Orrery","Eternal Feather"],"picked":"Black Star"}],"items_purged_floors":[30],"is_endless":false,"potions_floor_spawned":[2,12,20,22,29,31,36],"killed_by":"Giant Head","ascension_level":3}