{"gold_per_floor":[111,128,148,108,108,108,108,108,134,154,189,189,233,308,308,398,398,422,23,23,44,44,44],"floor_reached":23,"playtime":745,"items_purged":["Strike_R"],"score":394,"play_id":"b8a71e2a-be55-4f9e-8690-aa95cdaf555c","local_time":"20190913131845","is_ascension_mode":true,"campfire_choices":[{"data":"Uppercut","floor":6.0,"key":"SMITH"},{"data":"Anger","floor":8.0,"key":"SMITH"},{"floor":12.0,"key":"REST"},{"data":"Evolve","floor":15.0,"key":"SMITH"}],"neow_cost":"NONE","seed_source_timestamp":104940977901700,"circlet_count":0,"master_deck":["AscendersBane","Strike_R","Strike_R","Strike_R","Strike_R","Defend_R","Defend_R","Defend_R","Defend_R","Bash+1","Feel No Pain","Evolve+1","Uppercut+1","Anger+1","Reckless Charge","Power Through","Feel No Pain","Limit Break","Immolate","Barricade"],"special_seed":0,"relics":["Burning Blood","Golden Idol","Lantern","Centennial Puzzle","Vajra","Potion Belt","Cursed Key","Happy Flower"],"potions_floor_usage":[16,23,23],"damage_taken":[{"damage":4.0,"enemies":"Jaw Worm","floor":1.0,"turns":4.0},{"damage":4.0,"enemies":"2 Louse","floor":2.0,"turns":3.0},{"damage":7.0,"enemies":"Small Slimes","floor":3.0,"turns":4.0},{"damage":4.0,"enemies":"Looter","floor":4.0,"turns":4.0},{"damage":16.0,"enemies":"Large Slime","floor":10.0,"turns":5.0},{"damage":12.0,"enemies":"3 Sentries","floor":11.0,"turns":6.0},{"damage":2.0,"enemies":"Gremlin Nob","floor":13.0,"turns":3.0},{"damage":26,"enemies":"The Guardian","floor":16,"turns":12},{"damage":7,"enemies":"3 Byrds","floor":18,"turns":6},{"damage":19,"enemies":"Chosen","floor":21,"turns":4},{"damage":51,"enemies":"Gremlin Leader","floor":23,"turns":4}],"seed_played":"1819621103639318124","potions_obtained":[{"floor":2.0,"key":"Weak Potion"},{"floor":3.0,"key":"Explosive Potion"},{"floor":10.0,"key":"PowerPotion"},{"floor":13.0,"key":"Energy Potion"},{"floor":21,"key":"Swift Potion"}],"is_trial":false,"path_per_floor":["M","M","M","M","?","R","?","R","T","M","E","R","E","?","R","B",null,"M","$","?","M","?","E"],"character_chosen":"IRONCLAD","items_purchased":["Immolate","Happy Flower"],"campfire_rested":1,"item_purchase_floors":[19,19],"current_hp_per_floor":[70,72,71,73,47,47,36,36,36,26,20,42,46,35,35,15,60,59,59,59,46,46,0],"gold":44,"neow_bonus":"UPGRADE_CARD","is_prod":false,"is_daily":false,"chose_seed":false,"campfire_upgraded":3,"win_rate":0,"timestamp":1568405925,"path_taken":["M","M","M","M","?","R","?","R","T","M","E","R","E","?","R","BOSS","M","$","?","M","?","E"],"build_version":"2019-07-17","purchased_purges":1,"victory":false,"max_hp_per_floor":[75,75,75,75,75,75,75,75,75,75,75,75,75,75,75,75,75,75,75,75,75,75,75],"card_choices":[{"not_picked":["Headbutt","Hemokinesis"],"picked":"Feel No Pain","floor":1.0},{"not_picked":["Clash","Iron Wave"],"picked":"Evolve","floor":2.0},{"not_picked":["Body Slam","Pommel Strike"],"picked":"Uppercut","floor":3.0},{"not_picked":["Clash","Headbutt"],"picked":"Anger","floor":4.0},{"not_picked":["Body Slam","Inflame"],"picked":"Reckless Charge","floor":10.0},{"not_picked":["Headbutt","Seeing Red"],"picked":"Power Through","floor":11.0},{"not_picked":["Sword Boomerang","Heavy Blade"],"picked":"Feel No Pain","floor":13.0},{"not_picked":["Berserk","Brutality"],"picked":"Limit Break","floor":16},{"not_picked":["Cleave","Sword Boomerang+1","Clothesline"],"picked":"SKIP","floor":18},{"not_picked":["Havoc","Searing Blow"],"picked":"Barricade","floor":21}],"player_experience":743276,"relics_obtained":[{"floor":9.0,"key":"Centennial Puzzle"},{"floor":11.0,"key":"Vajra"},{"floor":13.0,"key":"Potion Belt"}],"event_choices":[{"damage_healed":0.0,"max_hp_gain":0.0,"max_hp_loss":0.0,"gold_gain":0.0,"event_name":"Golden Idol","player_choice":"Take Damage","floor":5.0,"gold_loss":0.0,"damage_taken":26.0,"relics_obtained":["Golden Idol"]},{"damage_healed":0.0,"max_hp_gain":0.0,"max_hp_loss":0.0,"gold_gain":0.0,"event_name":"Scrap Ooze","player_choice":"Success","floor":7.0,"gold_loss":0.0,"damage_taken":11.0,"relics_obtained":["Lantern"]},{"damage_healed":0.0,"max_hp_gain":0.0,"max_hp_loss":0.0,"gold_gain":75.0,"event_name":"World of Goop","player_choice":"Gather Gold","floor":14.0,"gold_loss":0.0,"damage_taken":11.0},{"damage_healed":0,"gold_gain":0,"player_choice":"Ignored","damage_taken":0,"max_hp_gain":0,"max_hp_loss":0,"event_name":"Vampires","floor":20,"gold_loss":0},{"damage_healed":0,"gold_gain":0,"player_choice":"Ignored","damage_taken":0,"max_hp_gain":0,"max_hp_loss":0,"event_name":"Ghosts","floor":22,"gold_loss":0}],"is_beta":false,"boss_relics":[{"not_picked":["Orrery","Lizard Tail"],"picked":"Cursed Key"}],"items_purged_floors":[19],"is_endless":false,"potions_floor_spawned":[2,3,10,13,21],"killed_by":"Gremlin Leader","ascension_level":20}