{"gold_per_floor":[110,110,22,34,45,72,72,98,98,112,126,91,91,109,109,208,208,228,228,244,3,3,3,28,28,28,45,45,62,81,81,81,179,179,192,205,224,6,1005,1005],"floor_reached":40,"playtime":3408,"items_purged":[],"score":464,"play_id":"74f966b6-ed5c-48eb-b143-ab0263d6be86","local_time":"20190814215029","is_ascension_mode":true,"campfire_choices":[{"floor":7,"key":"REST"},{"floor":13,"key":"REST"},{"floor":15,"key":"REST"},{"data":"Defragment","floor":23,"key":"SMITH"},{"floor":25,"key":"REST"},{"floor":28,"key":"REST"},{"floor":32,"key":"REST"}],"neow_cost":"NONE","seed_source_timestamp":5511733733889,"circlet_count":0,"master_deck":["Strike_B","Defend_B","Defend_B","Defend_B","Defend_B","Zap+1","Dualcast","Ball Lightning","Static Discharge","Sweeping Beam","Ball Lightning","Hello World","Fission","White Noise","Defragment+1","Redo","All For One","Genetic Algorithm","Echo Form","Stack","Go for the Eyes","Gash+1","Force Field","Gash","Buffer","Coolheaded+1","Stack","Tempest","BootSequence","Normality","Normality"],"relics":["Cracked Core","Vajra","Potion Belt","Blue Candle","PreservedInsect","Philosopher\u0027s Stone","Toy Ornithopter","Smiling Mask","Singing Bowl","Cursed Key"],"potions_floor_usage":[11,16,16,18,24,27,33,33,37,40,40,40,40],"damage_taken":[{"damage":7,"enemies":"2 Louse","floor":1,"turns":3},{"damage":1,"enemies":"Cultist","floor":4,"turns":2},{"damage":10,"enemies":"Small Slimes","floor":5,"turns":3},{"damage":14,"enemies":"Gremlin Nob","floor":6,"turns":3},{"damage":21,"enemies":"3 Sentries","floor":8,"turns":4},{"damage":10,"enemies":"Looter","floor":10,"turns":3},{"damage":0,"enemies":"Large Slime","floor":11,"turns":3},{"damage":16,"enemies":"Red Slaver","floor":14,"turns":3},{"damage":52,"enemies":"Hexaghost","floor":16,"turns":7},{"damage":6,"enemies":"Spheric Guardian","floor":18,"turns":3},{"damage":48,"enemies":"3 Byrds","floor":20,"turns":4},{"damage":38,"enemies":"Gremlin Leader","floor":24,"turns":5},{"damage":26,"enemies":"Sentry and Sphere","floor":27,"turns":3},{"damage":36,"enemies":"3 Cultists","floor":29,"turns":4},{"damage":14,"enemies":"Cultist and Chosen","floor":30,"turns":5},{"damage":29,"enemies":"Champ","floor":33,"turns":7},{"damage":51,"enemies":"3 Darklings","floor":35,"turns":5},{"damage":3,"enemies":"Orb Walker","floor":36,"turns":4},{"damage":21,"enemies":"3 Darklings","floor":37,"turns":6},{"damage":47,"enemies":"Giant Head","floor":40,"turns":8}],"seed_played":"7775208224504064590","potions_obtained":[{"floor":5,"key":"SteroidPotion"},{"floor":8,"key":"Explosive Potion"},{"floor":10,"key":"SteroidPotion"},{"floor":16,"key":"Poison Potion"},{"floor":18,"key":"GamblersBrew"},{"floor":29,"key":"SpeedPotion"},{"floor":30,"key":"FocusPotion"},{"floor":35,"key":"Weak Potion"},{"floor":37,"key":"Poison Potion"}],"is_trial":false,"path_per_floor":["M","?","$","M","M","E","R","E","T","M","M","?","R","M","R","B",null,"M","?","M","$","?","R","E","R","T","M","R","M","M","?","R","B",null,"M","M","M","$","?","E"],"character_chosen":"DEFECT","items_purchased":["Static Discharge","Sweeping Beam","Toy Ornithopter","Poison Potion","Regen Potion","SpeedPotion","SpeedPotion","BootSequence"],"campfire_rested":6,"item_purchase_floors":[3,3,21,21,38,38,38,38],"current_hp_per_floor":[68,68,68,67,57,43,65,44,44,34,34,52,74,58,75,23,75,69,69,21,21,75,75,37,59,59,38,60,26,12,12,35,16,77,26,23,7,7,7,0],"gold":1005,"neow_bonus":"RANDOM_COMMON_RELIC","is_prod":false,"is_daily":false,"chose_seed":false,"campfire_upgraded":1,"win_rate":0,"timestamp":1565833829,"path_taken":["M","?","$","M","M","E","R","E","T","M","?","?","R","M","R","BOSS","M","?","M","$","?","R","E","R","T","M","R","M","?","?","R","BOSS","M","?","M","$","?","E"],"build_version":"2019-07-17","purchased_purges":0,"victory":false,"max_hp_per_floor":[75,75,75,75,75,75,75,75,75,75,75,75,75,75,75,75,75,75,75,75,75,75,75,75,75,75,75,75,77,77,77,77,77,77,77,77,77,77,77,77],"card_choices":[{"not_picked":["Turbo","Lockon"],"picked":"Ball Lightning","floor":1},{"not_picked":["Turbo","Reinforced Body"],"picked":"Ball Lightning","floor":4},{"not_picked":["Gash","Beam Cell"],"picked":"Hello World","floor":5},{"not_picked":["Barrage","Storm"],"picked":"Fission","floor":6},{"not_picked":["Hello World","Sweeping Beam"],"picked":"White Noise","floor":8},{"not_picked":["Hologram","FTL"],"picked":"Defragment","floor":10},{"not_picked":["Reinforced Body","Storm","Barrage"],"picked":"SKIP","floor":11},{"not_picked":["Reprogram","Glacier"],"picked":"Redo","floor":14},{"not_picked":["Hyperbeam","Fission"],"picked":"All For One","floor":16},{"not_picked":["Gash","Coolheaded"],"picked":"Genetic Algorithm","floor":18},{"not_picked":["Undo","Beam Cell"],"picked":"Stack","floor":20},{"not_picked":["Barrage","Rip and Tear+1"],"picked":"Go for the Eyes","floor":24},{"not_picked":["Redo","Sweeping Beam"],"picked":"Gash+1","floor":27},{"not_picked":["Hologram+1","Rainbow","Static Discharge+1"],"picked":"Singing Bowl","floor":29},{"not_picked":["Compile Driver+1","Doom and Gloom+1"],"picked":"Force Field","floor":30},{"not_picked":["All For One","Core Surge"],"picked":"Buffer","floor":33},{"not_picked":["Redo+1","Hologram+1"],"picked":"Coolheaded+1","floor":35},{"not_picked":["Storm","Streamline"],"picked":"Stack","floor":36},{"not_picked":["Skim","Compile Driver"],"picked":"Tempest","floor":37}],"player_experience":186336,"relics_obtained":[{"floor":6,"key":"Potion Belt"},{"floor":8,"key":"Blue Candle"},{"floor":9,"key":"PreservedInsect"},{"floor":24,"key":"Smiling Mask"},{"floor":26,"key":"Singing Bowl"}],"event_choices":[{"damage_healed":0,"gold_gain":0,"player_choice":"Upgraded","damage_taken":0,"max_hp_gain":0,"max_hp_loss":0,"event_name":"Upgrade Shrine","floor":2,"gold_loss":0,"cards_upgraded":["Zap"]},{"damage_healed":18,"gold_gain":0,"player_choice":"Healed","damage_taken":0,"max_hp_gain":0,"max_hp_loss":0,"event_name":"The Cleric","floor":12,"gold_loss":35},{"damage_healed":0,"gold_gain":0,"cards_transformed":["Strike_B","Strike_B"],"player_choice":"Became Test Subject","damage_taken":0,"max_hp_gain":0,"max_hp_loss":0,"event_name":"Drug Dealer","floor":19,"gold_loss":0,"cards_obtained":["Blizzard","Echo Form"]},{"cards_removed":["Blizzard"],"damage_healed":54,"gold_gain":0,"player_choice":"Offered Uncommon","damage_taken":0,"max_hp_gain":0,"max_hp_loss":0,"event_name":"Bonfire Elementals","floor":22,"gold_loss":0},{"damage_healed":0,"gold_gain":0,"cards_transformed":["Strike_B"],"player_choice":"Transformed","damage_taken":0,"max_hp_gain":0,"max_hp_loss":0,"event_name":"Transmorgrifier","floor":31,"gold_loss":0,"cards_obtained":["Gash"]},{"damage_healed":0,"gold_gain":999,"player_choice":"Gold","damage_taken":0,"max_hp_gain":0,"max_hp_loss":0,"event_name":"MindBloom","floor":39,"gold_loss":0,"cards_obtained":["Normality","Normality"]}],"is_beta":false,"boss_relics":[{"not_picked":["Coffee Dripper","Lizard Tail"],"picked":"Philosopher\u0027s Stone"},{"not_picked":["Tiny House","Nuclear Battery"],"picked":"Cursed Key"}],"items_purged_floors":[],"is_endless":false,"potions_floor_spawned":[5,8,10,16,18,29,30,35,37],"killed_by":"Giant Head","ascension_level":1}