{"gold_per_floor":[14,31,31,58,58,58,89,104,104,119,119,119,139,173,173,303,303,323,348,368,368,44,44,75,90,162,185,185,210,210,241,241,362,362,381,109,125,0,14,14,47,67,67,105,120,120,120,133,133,133],"floor_reached":51,"playtime":5965,"items_purged":["Strike_B","Strike_B","Defend_B"],"score":780,"play_id":"dbe65fcb-d239-4f56-973e-02cc7d313a46","local_time":"20181127030237","is_ascension_mode":true,"campfire_choices":[{"data":"Genetic Algorithm","floor":6,"key":"SMITH"},{"floor":12,"key":"REST"},{"floor":15,"key":"REST"},{"data":"Defend_B","floor":23,"key":"PURGE"},{"floor":28,"key":"REST"},{"data":"Defend_B","floor":30,"key":"PURGE"},{"floor":32,"key":"REST"},{"data":"Meteor Strike","floor":40,"key":"SMITH"},{"floor":47,"key":"REST"},{"data":"Steam Power","floor":49,"key":"SMITH"}],"neow_cost":"NO_GOLD","seed_source_timestamp":205517376949302,"circlet_count":0,"master_deck":["Strike_B+1","Defend_B","Zap","Dualcast+1","Genetic Algorithm+1","Go for the Eyes+1","Conserve Battery","Streamline","Fusion","Fusion","Doom and Gloom","Echo Form","Turbo+1","Coolheaded","Hologram","Meteor Strike+1","Conserve Battery","Coolheaded+1","Echo Form","Rebound+1","Sweeping Beam","Streamline+1","Darkness+1","Doom and Gloom+1","Hologram+1","Reinforced Body+1","Steam Power+1"],"relics":["Cracked Core","Thread and Needle","Golden Idol","Anchor","Ice Cream","Peace Pipe","Incense Burner","Nuclear Battery","Pantograph","Gremlin Horn","Pocketwatch","Mercury Hourglass","Kunai","Lizard Tail","Whetstone","Matryoshka","War Paint","Oddly Smooth Stone","Prayer Wheel"],"potions_floor_usage":[14,16,24,27,29,37,41,44,50,50],"damage_taken":[{"damage":3,"enemies":"Small Slimes","floor":1,"turns":3},{"damage":2,"enemies":"Jaw Worm","floor":2,"turns":4},{"damage":42,"enemies":"Lagavulin","floor":7,"turns":10},{"damage":0,"enemies":"Cultist","floor":8,"turns":3},{"damage":0,"enemies":"Looter","floor":10,"turns":2},{"damage":0,"enemies":"Large Slime","floor":13,"turns":6},{"damage":1,"enemies":"Gremlin Nob","floor":14,"turns":4},{"damage":58,"enemies":"Slime Boss","floor":16,"turns":11},{"damage":6,"enemies":"Shell Parasite","floor":18,"turns":5},{"damage":6,"enemies":"3 Byrds","floor":19,"turns":5},{"damage":1,"enemies":"Snecko","floor":20,"turns":9},{"damage":25,"enemies":"Slavers","floor":24,"turns":5},{"damage":5,"enemies":"Centurion and Healer","floor":25,"turns":5},{"damage":1,"enemies":"Snake Plant","floor":27,"turns":5},{"damage":9,"enemies":"Cultist and Chosen","floor":29,"turns":5},{"damage":8,"enemies":"Book of Stabbing","floor":31,"turns":6},{"damage":33,"enemies":"Collector","floor":33,"turns":9},{"damage":0,"enemies":"3 Shapes","floor":35,"turns":4},{"damage":0,"enemies":"Orb Walker","floor":37,"turns":2},{"damage":0,"enemies":"Transient","floor":39,"turns":5},{"damage":31,"enemies":"Reptomancer","floor":41,"turns":7},{"damage":0,"enemies":"Jaw Worm Horde","floor":42,"turns":2},{"damage":1,"enemies":"Giant Head","floor":44,"turns":7},{"damage":0,"enemies":"Spire Growth","floor":45,"turns":3},{"damage":0,"enemies":"Writhing Mass","floor":48,"turns":4},{"damage":32,"enemies":"Awakened One","floor":50,"turns":14}],"seed_played":"3138029083345436854","potions_obtained":[{"floor":7,"key":"Explosive Potion"},{"floor":13,"key":"Ancient Potion"},{"floor":19,"key":"SkillPotion"},{"floor":24,"key":"Weak Potion"},{"floor":27,"key":"GamblersBrew"},{"floor":31,"key":"Energy Potion"},{"floor":33,"key":"SkillPotion"},{"floor":35,"key":"FearPotion"},{"floor":41,"key":"AttackPotion"},{"floor":45,"key":"Swift Potion"}],"is_trial":false,"path_per_floor":["M","M","?","T","?","R","E","M","T","M","?","R","M","E","R","B",null,"M","M","M","?","$","R","E","M","T","M","R","M","R","E","R","B",null,"M","$","M","$","M","R","E","M","T","E","M","?","R","M","R","B",null],"character_chosen":"DEFECT","items_purchased":["Gremlin Horn","Whetstone","Sweeping Beam"],"campfire_rested":5,"item_purchase_floors":[22,36,36],"current_hp_per_floor":[72,70,52,52,57,57,15,15,15,15,15,39,39,38,62,4,80,74,68,67,67,67,67,42,37,37,36,60,51,51,43,67,47,80,80,80,80,80,80,80,49,49,49,48,48,48,72,72,72,48],"gold":133,"neow_bonus":"ONE_RARE_RELIC","is_prod":false,"is_daily":false,"chose_seed":false,"campfire_upgraded":3,"win_rate":0,"timestamp":1543316557,"path_taken":["M","M","?","?","?","R","E","M","T","M","?","R","M","E","R","BOSS","M","M","M","?","$","R","E","M","T","?","R","M","R","E","R","BOSS","M","$","M","$","M","R","E","M","T","E","M","?","R","M","R","BOSS"],"build_version":"2018-11-15","purchased_purges":3,"victory":true,"max_hp_per_floor":[75,75,75,75,80,80,80,80,80,80,80,80,80,80,80,80,80,80,80,80,80,80,80,80,80,80,80,80,80,80,80,80,80,80,80,80,80,80,80,80,80,80,80,80,80,80,80,80,80,80],"card_choices":[{"not_picked":["Redo","Barrage"],"picked":"Genetic Algorithm","floor":1},{"not_picked":["Compile Driver","Sweeping Beam"],"picked":"Go for the Eyes","floor":2},{"not_picked":["Double Energy","All For One"],"picked":"Conserve Battery","floor":7},{"not_picked":["Rip and Tear","Hologram"],"picked":"Streamline","floor":8},{"not_picked":["White Noise","Compile Driver"],"picked":"Fusion","floor":10},{"not_picked":["Sweeping Beam","Force Field"],"picked":"Storm","floor":13},{"not_picked":["BootSequence","Hologram"],"picked":"Doom and Gloom","floor":14},{"not_picked":["Seek","Rainbow"],"picked":"Echo Form","floor":16},{"not_picked":["Gash","Compile Driver"],"picked":"Turbo+1","floor":18},{"not_picked":["Recycle","Compile Driver"],"picked":"Coolheaded","floor":19},{"not_picked":["Go for the Eyes+1","Chaos"],"picked":"Hologram","floor":20},{"not_picked":["Redo","Streamline"],"picked":"Meteor Strike","floor":24},{"not_picked":["Beam Cell","Undo","Barrage"],"picked":"SKIP","floor":25},{"not_picked":["Stack+1","Barrage"],"picked":"Conserve Battery","floor":27},{"not_picked":["Redo","Lockon"],"picked":"Coolheaded","floor":29},{"not_picked":["Storm","Undo","Coolheaded"],"picked":"SKIP","floor":31},{"not_picked":["Amplify","Biased Cognition"],"picked":"Echo Form","floor":33},{"not_picked":["Gash","Conserve Battery"],"picked":"Rebound+1","floor":35},{"not_picked":["Ball Lightning+1","Sweeping Beam+1"],"picked":"Streamline+1","floor":37},{"not_picked":["Stack","Storm+1"],"picked":"Darkness+1","floor":39},{"not_picked":["Hello World","Steam"],"picked":"Doom and Gloom+1","floor":41},{"not_picked":["Genetic Algorithm","Rainbow"],"picked":"Hologram+1","floor":42},{"not_picked":["Stack+1","Leap","Conserve Battery"],"picked":"SKIP","floor":44},{"not_picked":["Stack+1","Leap","Conserve Battery"],"picked":"SKIP","floor":44},{"not_picked":["Stack+1","Leap","Conserve Battery"],"picked":"SKIP","floor":44},{"not_picked":["Cold Snap+1","Capacitor"],"picked":"Reinforced Body+1","floor":45},{"not_picked":["Sweeping Beam","Stack+1","Compile Driver"],"picked":"SKIP","floor":45},{"not_picked":["Static Discharge","Fission"],"picked":"Steam Power","floor":48},{"not_picked":["Storm","Stack+1","Redo"],"picked":"SKIP","floor":48}],"player_experience":114713,"relics_obtained":[{"floor":4,"key":"Anchor"},{"floor":7,"key":"Ice Cream"},{"floor":9,"key":"Peace Pipe"},{"floor":14,"key":"Incense Burner"},{"floor":24,"key":"Pocketwatch"},{"floor":26,"key":"Mercury Hourglass"},{"floor":31,"key":"Kunai"},{"floor":41,"key":"Matryoshka"},{"floor":43,"key":"War Paint"},{"floor":43,"key":"Oddly Smooth Stone"},{"floor":44,"key":"Prayer Wheel"}],"event_choices":[{"damage_healed":0,"gold_gain":0,"player_choice":"Take Damage","damage_taken":18,"relics_obtained":["Golden Idol"],"max_hp_gain":0,"max_hp_loss":0,"event_name":"Golden Idol","floor":3,"gold_loss":0},{"damage_healed":0,"gold_gain":0,"player_choice":"Donut","damage_taken":0,"max_hp_gain":5,"max_hp_loss":0,"event_name":"Big Fish","floor":5,"gold_loss":0},{"damage_healed":0,"gold_gain":0,"cards_transformed":["Strike_B"],"player_choice":"Change","damage_taken":0,"max_hp_gain":0,"max_hp_loss":0,"event_name":"Living Wall","floor":11,"gold_loss":0,"cards_obtained":["Fusion"]},{"cards_removed":["Storm"],"damage_healed":0,"gold_gain":0,"player_choice":"Gave Card","damage_taken":0,"relics_obtained":["Pantograph"],"max_hp_gain":0,"max_hp_loss":0,"event_name":"WeMeetAgain","floor":21,"gold_loss":0},{"damage_healed":0,"gold_gain":0,"player_choice":"Ignored","damage_taken":0,"max_hp_gain":0,"max_hp_loss":0,"event_name":"The Moai Head","floor":46,"gold_loss":0}],"is_beta":false,"boss_relics":[{"not_picked":["Inserter","Black Star"],"picked":"Nuclear Battery"},{"not_picked":["Runic Dome","Astrolabe"],"picked":"Lizard Tail"}],"items_purged_floors":[22,36,38],"is_endless":false,"potions_floor_spawned":[7,13,19,24,27,31,33,35,41,45],"ascension_level":2}