{"gold_per_floor":[112,130,305,315,19,19,52,0,51,51,51,51,21,39,39,143,143,153,153,153,153,27,27,59,59,59,72,105,124,124,124,124,219,219,236,252,252,269,318,318,344,361,443,443,476,10,44,60,60,60],"floor_reached":50,"playtime":7801,"items_purged":["Doubt","Writhe"],"score":617,"play_id":"7a08518e-bd33-49ce-9875-0a37b6ef6774","local_time":"20190808212635","is_ascension_mode":true,"campfire_choices":[{"data":"Zap","floor":6,"key":"SMITH"},{"floor":12,"key":"REST"},{"data":"Hello World","floor":15,"key":"SMITH"},{"data":"Sunder","floor":23,"key":"SMITH"},{"floor":25,"key":"REST"},{"floor":30,"key":"REST"},{"data":"Loop","floor":32,"key":"SMITH"},{"floor":40,"key":"REST"},{"floor":49,"key":"REST"}],"neow_cost":"NONE","seed_source_timestamp":0,"circlet_count":0,"master_deck":["Strike_B+1","Strike_B+1","Strike_B+1","Defend_B+1","Defend_B+1","Defend_B+1","Defend_B+1","Zap+1","Dualcast","Darkness","Coolheaded","Self Repair","Redo","Hello World+1","Sunder+1","Cold Snap","Core Surge","Go for the Eyes+1","Undo+1","Loop+1","Genetic Algorithm","Doubt","Stack","Echo Form","Storm+1","Darkness+1","Panache","Chill","Stack+1","Ball Lightning+1","Thunder Strike","Capacitor"],"special_seed":0,"relics":["Cracked Core","Meat on the Bone","Boot","Dream Catcher","WarpedTongs","Nuclear Battery","Happy Flower","Orichalcum","Gremlin Horn","Smiling Mask","Runic Pyramid","FossilizedHelix","Bottled Flame","Darkstone Periapt","Pen Nib","Bird Faced Urn","Letter Opener"],"potions_floor_usage":[7,16,18,24,28,29,33,36,39,41,41,47,50,50],"damage_taken":[{"damage":5.0,"enemies":"Cultist","floor":1.0,"turns":4.0},{"damage":0,"enemies":"2 Louse","floor":2,"turns":5},{"damage":3,"enemies":"Jaw Worm","floor":4,"turns":4},{"damage":50,"enemies":"Gremlin Nob","floor":7,"turns":6},{"damage":6,"enemies":"Looter","floor":13,"turns":4},{"damage":7,"enemies":"3 Louse","floor":14,"turns":3},{"damage":16,"enemies":"Slime Boss","floor":16,"turns":11},{"damage":13,"enemies":"Chosen","floor":18,"turns":4},{"damage":35,"enemies":"Slavers","floor":24,"turns":5},{"damage":3,"enemies":"Spheric Guardian","floor":27,"turns":3},{"damage":17,"enemies":"Book of Stabbing","floor":28,"turns":6},{"damage":22,"enemies":"Snake Plant","floor":29,"turns":5},{"damage":70,"enemies":"Collector","floor":33,"turns":14},{"damage":20,"enemies":"3 Shapes","floor":35,"turns":5},{"damage":1,"enemies":"Orb Walker","floor":36,"turns":4},{"damage":12,"enemies":"Jaw Worm Horde","floor":38,"turns":5},{"damage":24,"enemies":"2 Orb Walkers","floor":39,"turns":4},{"damage":27,"enemies":"Giant Head","floor":41,"turns":9},{"damage":2,"enemies":"4 Shapes","floor":42,"turns":4},{"damage":64,"enemies":"Reptomancer","floor":45,"turns":6},{"damage":6,"enemies":"Nemesis","floor":47,"turns":8},{"damage":0,"enemies":"Sphere and 2 Shapes","floor":48,"turns":4},{"damage":112,"enemies":"Donu and Deca","floor":50,"turns":10}],"seed_played":"-7707992014886523806","potions_obtained":[{"floor":1.0,"key":"Block Potion"},{"floor":2,"key":"GamblersBrew"},{"floor":7,"key":"Swift Potion"},{"floor":16,"key":"Poison Potion"},{"floor":28,"key":"Ancient Potion"},{"floor":33,"key":"SteroidPotion"},{"floor":36,"key":"FocusPotion"},{"floor":38,"key":"Block Potion"},{"floor":39,"key":"Block Potion"},{"floor":45,"key":"Strength Potion"}],"is_trial":false,"path_per_floor":["M","M","?","M","$","R","E","$","T","?","?","R","M","M","R","B",null,"M","?","?","T","$","R","E","R","T","M","E","M","R","?","R","B",null,"M","M","?","M","?","R","E","M","T","?","E","$","E","M","R","B"],"character_chosen":"DEFECT","items_purchased":["Meat on the Bone","Redo","SkillPotion","Block Potion","Bird Faced Urn","Energy Potion","Weak Potion"],"campfire_rested":5,"item_purchase_floors":[5,5,8,22,46,46,46],"current_hp_per_floor":[77,77,77,74,74,74,43,43,43,48,48,74,75,75,75,69,87,81,81,81,81,81,81,53,79,79,76,66,51,77,77,77,19,87,74,83,78,76,59,85,68,73,73,93,55,55,66,72,93,0],"gold":60,"neow_bonus":"TEN_PERCENT_HP_BONUS","is_prod":false,"is_daily":false,"chose_seed":false,"campfire_upgraded":4,"win_rate":0,"timestamp":1565313995,"path_taken":["M","?","?","M","$","R","E","?","T","?","?","R","M","?","R","BOSS","M","?","?","?","$","R","E","R","T","M","E","?","R","?","R","BOSS","M","M","?","M","?","R","E","M","T","?","E","$","E","M","R","BOSS"],"build_version":"2019-07-17","purchased_purges":2,"victory":false,"max_hp_per_floor":[82,82,82,82,82,82,82,82,82,87,87,87,87,87,87,87,87,87,87,87,87,87,87,87,87,87,87,87,87,87,87,87,87,87,87,87,87,87,87,87,87,87,87,93,93,93,93,93,93,93],"card_choices":[{"not_picked":["Reprogram","Conserve Battery"],"picked":"Darkness","floor":1.0},{"not_picked":["Turbo","Hologram"],"picked":"Coolheaded","floor":2},{"not_picked":["Cold Snap","Consume"],"picked":"Self Repair","floor":4},{"not_picked":["Stack","Chaos"],"picked":"Hello World","floor":7},{"not_picked":["Turbo","Compile Driver"],"picked":"Sunder","floor":12},{"not_picked":["Creative AI","Redo","Compile Driver"],"picked":"SKIP","floor":13},{"not_picked":["Redo","Leap"],"picked":"Cold Snap","floor":14},{"not_picked":["Fission","Creative AI"],"picked":"Core Surge","floor":16},{"not_picked":["Cold Snap","Barrage"],"picked":"Go for the Eyes+1","floor":18},{"not_picked":["Gash","Go for the Eyes"],"picked":"Undo+1","floor":24},{"not_picked":["Scrape+1","Glacier+1"],"picked":"Loop","floor":27},{"not_picked":["Rebound+1","Reboot"],"picked":"Genetic Algorithm","floor":28},{"not_picked":["Ball Lightning","Recycle+1","Loop"],"picked":"SKIP","floor":29},{"not_picked":["Seek","Machine Learning"],"picked":"Echo Form","floor":33},{"not_picked":["Leap+1","Turbo+1"],"picked":"Storm+1","floor":35},{"not_picked":["Beam Cell+1","Go for the Eyes+1"],"picked":"Darkness+1","floor":36},{"not_picked":["Secret Weapon","Deep Breath"],"picked":"Panache","floor":37},{"not_picked":["Gash+1","Rip and Tear"],"picked":"Chill","floor":38},{"not_picked":["Skim","Turbo"],"picked":"Stack+1","floor":39},{"not_picked":["Sweeping Beam","Rebound","FTL"],"picked":"SKIP","floor":41},{"not_picked":["Undo","Barrage+1"],"picked":"Ball Lightning+1","floor":42},{"not_picked":["Rebound","Auto Shields+1"],"picked":"Thunder Strike","floor":45},{"not_picked":["Cold Snap","Ball Lightning"],"picked":"Capacitor","floor":47},{"not_picked":["Genetic Algorithm","Hologram","Compile Driver"],"picked":"SKIP","floor":48}],"player_experience":144397,"relics_obtained":[{"floor":7,"key":"Boot"},{"floor":9,"key":"Dream Catcher"},{"floor":21,"key":"Happy Flower"},{"floor":24,"key":"Orichalcum"},{"floor":26,"key":"Gremlin Horn"},{"floor":28,"key":"Smiling Mask"},{"floor":39,"key":"FossilizedHelix"},{"floor":41,"key":"Bottled Flame"},{"floor":43,"key":"Darkstone Periapt"},{"floor":45,"key":"Pen Nib"},{"floor":47,"key":"Letter Opener"}],"event_choices":[{"damage_healed":0,"gold_gain":175,"player_choice":"AGREE","damage_taken":0,"max_hp_gain":0,"max_hp_loss":0,"event_name":"Liars Game","floor":3,"gold_loss":0,"cards_obtained":["Doubt"]},{"damage_healed":0,"gold_gain":0,"player_choice":"Donut","damage_taken":0,"max_hp_gain":5,"max_hp_loss":0,"event_name":"Big Fish","floor":10,"gold_loss":0},{"damage_healed":0,"gold_gain":0,"player_choice":"Rummage","damage_taken":0,"relics_obtained":["WarpedTongs"],"max_hp_gain":0,"max_hp_loss":0,"event_name":"Accursed Blacksmith","floor":11,"gold_loss":0,"cards_obtained":["Pain"]},{"damage_healed":0,"gold_gain":0,"player_choice":"Simplicity","damage_taken":0,"max_hp_gain":0,"max_hp_loss":0,"event_name":"Back to Basics","floor":19,"gold_loss":0,"cards_upgraded":["Strike_B","Strike_B","Strike_B","Strike_B","Defend_B","Defend_B","Defend_B","Defend_B"]},{"damage_healed":0,"gold_gain":0,"player_choice":"Ignored","damage_taken":0,"max_hp_gain":0,"max_hp_loss":0,"event_name":"Vampires","floor":20,"gold_loss":0},{"damage_healed":0,"gold_gain":0,"cards_transformed":["Pain","Strike_B"],"player_choice":"Became Test Subject","damage_taken":0,"max_hp_gain":0,"max_hp_loss":0,"event_name":"Drug Dealer","floor":31,"gold_loss":0,"cards_obtained":["Doubt","Stack"]},{"damage_healed":0,"gold_gain":0,"player_choice":"Memory 2","damage_taken":5,"max_hp_gain":0,"max_hp_loss":0,"event_name":"SensoryStone","floor":37,"gold_loss":0},{"damage_healed":0,"gold_gain":0,"player_choice":"Fight","damage_taken":0,"max_hp_gain":0,"max_hp_loss":0,"event_name":"Mysterious Sphere","floor":39,"gold_loss":0},{"damage_healed":22,"gold_gain":0,"player_choice":"Writhe","damage_taken":0,"max_hp_gain":0,"max_hp_loss":0,"event_name":"Winding Halls","floor":44,"gold_loss":0,"cards_obtained":["Writhe"]}],"is_beta":false,"boss_relics":[{"not_picked":["Ectoplasm","Orrery"],"picked":"Nuclear Battery"},{"not_picked":["Lizard Tail","Snecko Eye"],"picked":"Runic Pyramid"}],"items_purged_floors":[22,46],"is_endless":false,"potions_floor_spawned":[1,2,7,16,28,33,36,38,39,45],"killed_by":"Donu and Deca","ascension_level":1}