{"gold_per_floor":[115,135,135,135,150,178,178,32,85,113,113,124,148,148,148,278,278,297,320,320,343,357,392,392,432,732,768,768,784,202,218,218,341,404,427,427,327,350,33,69,69,93,116,180,180,221,239,263,263,263],"floor_reached":51,"playtime":4081,"items_purged":["Strike_R","Defend_R","Defend_R"],"score":1156,"play_id":"476898bd-11ad-4099-b8ed-f2c12ff5929b","local_time":"20181231093751","is_ascension_mode":true,"campfire_choices":[{"data":"Juggernaut","floor":7,"key":"SMITH"},{"data":"Body Slam","floor":11,"key":"SMITH"},{"data":"Iron Wave","floor":15,"key":"SMITH"},{"data":"Barricade","floor":24,"key":"SMITH"},{"floor":32,"key":"REST"},{"data":"Metallicize","floor":41,"key":"SMITH"},{"data":"Shrug It Off","floor":45,"key":"SMITH"},{"data":"Secret Technique","floor":49,"key":"SMITH"}],"neow_cost":"NONE","seed_source_timestamp":206524139988075,"circlet_count":0,"master_deck":["Strike_R+1","Strike_R+1","Defend_R+1","Bash+1","Shrug It Off+1","Body Slam+1","Juggernaut+1","Iron Wave+1","Headbutt","Metallicize+1","Offering","Flame Barrier+1","Barricade+1","Body Slam+1","Secret Technique+1","Flame Barrier+1"],"relics":["Burning Blood","Centennial Puzzle","Whetstone","Happy Flower","Bag of Preparation","Odd Mushroom","Golden Idol","Runic Dome","Lantern","Red Mask","Old Coin","Anchor","Dodecahedron","Ancient Tea Set","ClockworkSouvenir","Tiny House","DollysMirror","Bag of Marbles","Oddly Smooth Stone","Prayer Wheel","Question Card"],"potions_floor_usage":[6,10,23,25,27,33,40,46,50,50,50],"damage_taken":[{"damage":0,"enemies":"Cultist","floor":1,"turns":4},{"damage":2,"enemies":"2 Louse","floor":2,"turns":3},{"damage":0,"enemies":"Small Slimes","floor":5,"turns":3},{"damage":14,"enemies":"Gremlin Nob","floor":6,"turns":4},{"damage":6,"enemies":"Lagavulin","floor":10,"turns":7},{"damage":3,"enemies":"Exordium Wildlife","floor":12,"turns":3},{"damage":4,"enemies":"The Mushroom Lair","floor":13,"turns":4},{"damage":20,"enemies":"Hexaghost","floor":16,"turns":6},{"damage":8,"enemies":"Chosen","floor":18,"turns":2},{"damage":6,"enemies":"Shell Parasite","floor":19,"turns":2},{"damage":6,"enemies":"Chosen and Byrds","floor":21,"turns":4},{"damage":6,"enemies":"3 Cultists","floor":22,"turns":3},{"damage":29,"enemies":"Slavers","floor":23,"turns":4},{"damage":4,"enemies":"Masked Bandits","floor":25,"turns":4},{"damage":6,"enemies":"Book of Stabbing","floor":27,"turns":3},{"damage":15,"enemies":"Centurion and Healer","floor":29,"turns":5},{"damage":6,"enemies":"Cultist and Chosen","floor":31,"turns":3},{"damage":6,"enemies":"Champ","floor":33,"turns":4},{"damage":0,"enemies":"Orb Walker","floor":35,"turns":3},{"damage":0,"enemies":"3 Darklings","floor":38,"turns":3},{"damage":6,"enemies":"Giant Head","floor":40,"turns":3},{"damage":6,"enemies":"Jaw Worm Horde","floor":42,"turns":2},{"damage":6,"enemies":"2 Orb Walkers","floor":44,"turns":1},{"damage":0,"enemies":"Nemesis","floor":46,"turns":1},{"damage":6,"enemies":"Maw","floor":47,"turns":3},{"damage":6,"enemies":"4 Shapes","floor":48,"turns":3},{"damage":6,"enemies":"Time Eater","floor":50,"turns":4}],"seed_played":"-6497302775393476875","potions_obtained":[{"floor":1,"key":"AttackPotion"},{"floor":6,"key":"Dexterity Potion"},{"floor":13,"key":"BloodPotion"},{"floor":16,"key":"LiquidBronze"},{"floor":22,"key":"GamblersBrew"},{"floor":25,"key":"Swift Potion"},{"floor":29,"key":"PowerPotion"},{"floor":31,"key":"Fire Potion"},{"floor":33,"key":"Strength Potion"},{"floor":42,"key":"AttackPotion"},{"floor":46,"key":"SpeedPotion"}],"is_trial":false,"path_per_floor":["M","M","?","?","M","E","R","$","T","E","R","M","?","?","R","B",null,"M","M","?","M","M","E","R","?","T","E","?","M","$","M","R","B",null,"M","?","$","M","$","E","R","M","T","?","R","E","M","M","R","B",null],"character_chosen":"IRONCLAD","items_purchased":["Whetstone","Ancient Tea Set","ClockworkSouvenir","Secret Technique","DollysMirror"],"campfire_rested":1,"item_purchase_floors":[8,30,30,30,39],"current_hp_per_floor":[80,80,80,73,79,71,71,71,71,71,71,74,76,56,56,42,71,69,69,69,69,69,46,46,48,48,48,48,39,39,39,63,63,81,85,85,85,85,85,85,85,85,85,85,85,85,85,85,85,85],"gold":263,"neow_bonus":"UPGRADE_CARD","is_prod":false,"is_daily":false,"chose_seed":false,"campfire_upgraded":7,"win_rate":0,"timestamp":1546277871,"path_taken":["M","M","?","?","M","E","R","$","T","E","R","M","?","?","R","BOSS","M","M","?","?","M","E","R","?","T","E","?","M","$","M","R","BOSS","M","?","?","M","$","E","R","M","T","?","R","E","M","M","R","BOSS"],"build_version":"2018-12-20","purchased_purges":3,"victory":true,"max_hp_per_floor":[80,80,80,80,80,80,80,80,80,80,80,80,80,80,80,80,80,80,80,80,80,80,80,80,80,80,80,80,80,80,80,80,80,85,85,85,85,85,85,85,85,85,85,85,85,85,85,85,85,85],"card_choices":[{"not_picked":["Infernal Blade","Flex"],"picked":"Shrug It Off","floor":1},{"not_picked":["Havoc","Wild Strike"],"picked":"Body Slam","floor":2},{"not_picked":["Body Slam","Spot Weakness"],"picked":"Iron Wave","floor":5},{"not_picked":["Second Wind","Corruption"],"picked":"Headbutt","floor":6},{"not_picked":["Feel No Pain","Reckless Charge","Iron Wave"],"picked":"SKIP","floor":10},{"not_picked":["Second Wind","Havoc","Dark Embrace"],"picked":"SKIP","floor":12},{"not_picked":["Headbutt","Carnage"],"picked":"Metallicize","floor":13},{"not_picked":["Demon Form","Bludgeon"],"picked":"Offering","floor":16},{"not_picked":["Pommel Strike","Evolve","Corruption"],"picked":"SKIP","floor":18},{"not_picked":["Pommel Strike","Evolve","Corruption"],"picked":"SKIP","floor":18},{"not_picked":["Warcry","Feel No Pain"],"picked":"Flame Barrier","floor":19},{"not_picked":["Clothesline","Iron Wave","Rampage"],"picked":"SKIP","floor":21},{"not_picked":["Corruption","Uppercut"],"picked":"Barricade","floor":22},{"not_picked":["Offering","Intimidate"],"picked":"Body Slam+1","floor":23},{"not_picked":["Flex+1","Pommel Strike","Twin Strike"],"picked":"SKIP","floor":27},{"not_picked":["Combust","Anger+1","Carnage"],"picked":"SKIP","floor":29},{"not_picked":["Hemokinesis","Warcry","Pommel Strike"],"picked":"SKIP","floor":31},{"not_picked":["Sword Boomerang","Fire Breathing+1","Blood for Blood"],"picked":"SKIP","floor":35},{"not_picked":["Flex","Headbutt+1","Anger"],"picked":"SKIP","floor":38},{"not_picked":["Dark Embrace","True Grit+1","Cleave+1"],"picked":"SKIP","floor":40},{"not_picked":["Flex+1","Uppercut","Feel No Pain"],"picked":"SKIP","floor":42},{"not_picked":["Sever Soul","Havoc","Cleave"],"picked":"SKIP","floor":46},{"not_picked":["Inflame","Fire Breathing","True Grit+1","Reckless Charge"],"picked":"SKIP","floor":47},{"not_picked":["Feed","Iron Wave+1","Infernal Blade+1","Anger+1"],"picked":"SKIP","floor":47},{"not_picked":["Burning Pact+1","Fire Breathing+1","Headbutt+1","Armaments+1"],"picked":"SKIP","floor":48},{"not_picked":["Infernal Blade","Flex+1","Cleave","Anger"],"picked":"SKIP","floor":48}],"player_experience":291620,"relics_obtained":[{"floor":6,"key":"Centennial Puzzle"},{"floor":9,"key":"Happy Flower"},{"floor":10,"key":"Bag of Preparation"},{"floor":13,"key":"Odd Mushroom"},{"floor":23,"key":"Lantern"},{"floor":25,"key":"Red Mask"},{"floor":26,"key":"Old Coin"},{"floor":27,"key":"Anchor"},{"floor":40,"key":"Bag of Marbles"},{"floor":43,"key":"Oddly Smooth Stone"},{"floor":44,"key":"Prayer Wheel"},{"floor":46,"key":"Question Card"}],"event_choices":[{"damage_healed":0,"gold_gain":0,"cards_transformed":["Strike_R"],"player_choice":"Change","damage_taken":0,"max_hp_gain":0,"max_hp_loss":0,"event_name":"Living Wall","floor":3,"gold_loss":0,"cards_obtained":["Juggernaut"]},{"cards_removed":["Strike_R"],"damage_healed":0,"gold_gain":0,"player_choice":"Card Removal","damage_taken":7,"max_hp_gain":0,"max_hp_loss":0,"event_name":"Golden Wing","floor":4,"gold_loss":0},{"damage_healed":0,"gold_gain":0,"player_choice":"Fought Mushrooms","damage_taken":0,"max_hp_gain":0,"max_hp_loss":0,"event_name":"Mushrooms","floor":13,"gold_loss":0},{"damage_healed":0,"gold_gain":0,"player_choice":"Take Damage","damage_taken":20,"relics_obtained":["Golden Idol"],"max_hp_gain":0,"max_hp_loss":0,"event_name":"Golden Idol","floor":14,"gold_loss":0},{"damage_healed":0,"gold_gain":0,"player_choice":"Forge","damage_taken":0,"max_hp_gain":0,"max_hp_loss":0,"event_name":"Accursed Blacksmith","floor":20,"gold_loss":0,"cards_upgraded":["Flame Barrier"]},{"damage_healed":0,"gold_gain":0,"player_choice":"Fought Bandits","damage_taken":0,"max_hp_gain":0,"max_hp_loss":0,"event_name":"Masked Bandits","floor":25,"gold_loss":0},{"damage_healed":0,"gold_gain":0,"player_choice":"Opened","damage_taken":0,"relics_obtained":["Dodecahedron"],"max_hp_gain":0,"max_hp_loss":0,"event_name":"The Mausoleum","floor":28,"gold_loss":0},{"cards_removed":["Defend_R"],"damage_healed":0,"gold_gain":0,"player_choice":"Purged","damage_taken":0,"max_hp_gain":0,"max_hp_loss":0,"event_name":"Purifier","floor":36,"gold_loss":0},{"damage_healed":0,"gold_gain":0,"player_choice":"Fight","damage_taken":0,"max_hp_gain":0,"max_hp_loss":0,"event_name":"Mysterious Sphere","floor":44,"gold_loss":0}],"is_beta":false,"boss_relics":[{"not_picked":["Runic Pyramid","Sozu"],"picked":"Runic Dome"},{"not_picked":["Eternal Feather","Velvet Choker"],"picked":"Tiny House"}],"items_purged_floors":[30,37,39],"is_endless":false,"potions_floor_spawned":[1,6,13,16,22,25,29,31,33,35,42,44,46],"ascension_level":5}