{"gold_per_floor":[11,11,29,46,56,56,66,66,66,80,80,99,99,124,124,197,197,216,216,233,158,175,175,205,64,64,64,78,94,14,34,34,34],"floor_reached":33,"playtime":2475,"items_purged":[],"score":501,"play_id":"50b2a17e-8c05-426c-ae99-400481cf8e14","local_time":"20190226234148","is_ascension_mode":true,"campfire_choices":[{"data":"Chaos","floor":6,"key":"SMITH"},{"data":"Rip and Tear","floor":8,"key":"SMITH"},{"data":"Steam","floor":11,"key":"SMITH"},{"data":"Coolheaded","floor":15,"key":"SMITH"},{"data":"Doom and Gloom","floor":23,"key":"SMITH"},{"floor":27,"key":"REST"},{"floor":32,"key":"REST"}],"neow_cost":"NO_GOLD","seed_source_timestamp":375578422708842,"circlet_count":0,"master_deck":["AscendersBane","Strike_B","Strike_B","Strike_B","Defend_B","Defend_B","Defend_B","Defend_B","Zap","Dualcast","Electrodynamics","Auto Shields","Rip and Tear+1","Steam+1","Chaos+1","Doom and Gloom+1","Leap","Sweeping Beam","Coolheaded+1","Core Surge","Sweeping Beam+1","Beam Cell","Reinforced Body+1","Writhe","Redo+1"],"relics":["Cracked Core","Kunai","Matryoshka","Cursed Key","Toxic Egg 2","Bird Faced Urn","Gremlin Horn","Orichalcum","Pocketwatch"],"potions_floor_usage":[12,12,14,22,22,24,31,33],"damage_taken":[{"damage":2,"enemies":"Cultist","floor":1,"turns":4},{"damage":3,"enemies":"2 Louse","floor":3,"turns":2},{"damage":2,"enemies":"Jaw Worm","floor":4,"turns":3},{"damage":2,"enemies":"Blue Slaver","floor":5,"turns":3},{"damage":7,"enemies":"Exordium Wildlife","floor":7,"turns":3},{"damage":6,"enemies":"Looter","floor":10,"turns":3},{"damage":4,"enemies":"Gremlin Gang","floor":12,"turns":6},{"damage":21,"enemies":"Lagavulin","floor":14,"turns":4},{"damage":2,"enemies":"The Guardian","floor":16,"turns":12},{"damage":17,"enemies":"2 Thieves","floor":18,"turns":3},{"damage":7,"enemies":"Spheric Guardian","floor":20,"turns":4},{"damage":3,"enemies":"Centurion and Healer","floor":22,"turns":4},{"damage":36,"enemies":"Slavers","floor":24,"turns":6},{"damage":21,"enemies":"Snake Plant","floor":28,"turns":5},{"damage":0,"enemies":"Snecko","floor":29,"turns":4},{"damage":11,"enemies":"Centurion and Healer","floor":31,"turns":6},{"damage":37,"enemies":"Champ","floor":33,"turns":12}],"seed_played":"-8282441604196571279","potions_obtained":[{"floor":4,"key":"AttackPotion"},{"floor":10,"key":"Regen Potion"},{"floor":12,"key":"Strength Potion"},{"floor":18,"key":"SkillPotion"},{"floor":20,"key":"SteroidPotion"},{"floor":22,"key":"FearPotion"},{"floor":31,"key":"EssenceOfSteel"}],"is_trial":false,"path_per_floor":["M","?","M","M","M","R","M","R","T","M","R","M","?","E","R","B",null,"M","?","M","?","M","R","E","?","T","R","M","M","$","M","R","B"],"character_chosen":"DEFECT","items_purchased":["Regen Potion"],"campfire_rested":2,"item_purchase_floors":[30],"current_hp_per_floor":[62,62,59,57,55,55,48,48,48,42,42,53,71,50,50,48,65,48,48,41,41,38,38,2,2,2,23,4,6,6,12,33,0],"gold":34,"neow_bonus":"THREE_RARE_CARDS","is_prod":false,"is_daily":false,"chose_seed":false,"campfire_upgraded":5,"win_rate":0,"timestamp":1551253308,"path_taken":["M","?","?","M","M","R","M","R","T","M","R","M","?","E","R","BOSS","M","?","M","?","?","R","E","?","T","R","M","M","$","M","R","BOSS"],"build_version":"2019-01-23","purchased_purges":0,"victory":false,"max_hp_per_floor":[71,71,71,71,71,71,71,71,71,71,71,71,71,71,71,71,71,71,71,71,71,71,71,71,71,71,71,71,71,71,71,71,71],"card_choices":[{"not_picked":["Machine Learning","Thunder Strike"],"picked":"Electrodynamics","floor":0},{"not_picked":["Compile Driver","Chaos"],"picked":"Auto Shields","floor":1},{"not_picked":["Auto Shields","Go for the Eyes"],"picked":"Rip and Tear","floor":3},{"not_picked":["Fusion","Go for the Eyes"],"picked":"Steam","floor":4},{"not_picked":["Beam Cell","Force Field"],"picked":"Chaos","floor":5},{"not_picked":["Redo","Cold Snap"],"picked":"Doom and Gloom","floor":7},{"not_picked":["Compile Driver","Turbo"],"picked":"Leap","floor":10},{"not_picked":["Amplify","Recycle"],"picked":"Sweeping Beam","floor":12},{"not_picked":["Stack","Sweeping Beam"],"picked":"Coolheaded","floor":14},{"not_picked":["Echo Form","Amplify"],"picked":"Core Surge","floor":16},{"not_picked":["Streamline","Steam Power"],"picked":"Sweeping Beam+1","floor":18},{"not_picked":["Sunder","Streamline","Ball Lightning"],"picked":"SKIP","floor":20},{"not_picked":["Storm","Sweeping Beam"],"picked":"Beam Cell","floor":22},{"not_picked":["Sweeping Beam+1","Rip and Tear"],"picked":"Reinforced Body+1","floor":24},{"not_picked":["Rebound","Sunder","Reprogram+1"],"picked":"SKIP","floor":28},{"not_picked":["Reprogram+1","Leap+1","Doom and Gloom"],"picked":"SKIP","floor":29},{"not_picked":["Barrage+1","Rebound"],"picked":"Redo+1","floor":31}],"player_experience":727001,"relics_obtained":[{"floor":9,"key":"Kunai"},{"floor":14,"key":"Matryoshka"},{"floor":24,"key":"Bird Faced Urn"},{"floor":26,"key":"Orichalcum"},{"floor":26,"key":"Pocketwatch"}],"event_choices":[{"cards_removed":["Strike_B"],"damage_healed":0,"gold_gain":0,"player_choice":"Offered Basic","damage_taken":0,"max_hp_gain":0,"max_hp_loss":0,"event_name":"Bonfire Elementals","floor":2,"gold_loss":0},{"damage_healed":23,"gold_gain":0,"player_choice":"Banana","damage_taken":0,"max_hp_gain":0,"max_hp_loss":0,"event_name":"Big Fish","floor":13,"gold_loss":0},{"damage_healed":0,"gold_gain":0,"player_choice":"Opened","damage_taken":0,"relics_obtained":["Toxic Egg 2"],"max_hp_gain":0,"max_hp_loss":0,"event_name":"The Mausoleum","floor":19,"gold_loss":0,"cards_obtained":["Writhe"]},{"cards_removed":["Writhe"],"damage_healed":0,"gold_gain":0,"player_choice":"Gave Gold","damage_taken":0,"max_hp_gain":0,"max_hp_loss":0,"event_name":"Beggar","floor":21,"gold_loss":75},{"damage_healed":0,"gold_gain":0,"player_choice":"Paid Gold","damage_taken":0,"relics_obtained":["Gremlin Horn"],"max_hp_gain":0,"max_hp_loss":0,"event_name":"WeMeetAgain","floor":25,"gold_loss":141}],"is_beta":false,"boss_relics":[{"not_picked":["Pandora\u0027s Box","Fusion Hammer"],"picked":"Cursed Key"}],"items_purged_floors":[],"is_endless":false,"potions_floor_spawned":[4,10,12,18,20,22,31],"killed_by":"Champ","ascension_level":17}