{"gold_per_floor":[118,118,118,118,118,153,153,186,186,6,18,30,30,53,53,178,178,194,230,230,230,251,251,264,298,347,347,368,368,14,58,58,181,181,194,217,282,297,297,297,337,337,360,381,34,34,34,34,34,34],"floor_reached":51,"playtime":3078,"items_purged":["Writhe","Parasite"],"score":811,"play_id":"2a5f9116-7a79-4415-aa3d-cf815400e1ed","local_time":"20190811152910","is_ascension_mode":true,"campfire_choices":[{"floor":7,"key":"REST"},{"floor":15,"key":"REST"},{"floor":23,"key":"REST"},{"floor":27,"key":"REST"},{"data":"Limit Break","floor":32,"key":"SMITH"},{"floor":40,"key":"REST"},{"floor":42,"key":"REST"},{"data":"1","floor":47,"key":"LIFT"},{"data":"2","floor":49,"key":"LIFT"}],"neow_cost":"NONE","seed_source_timestamp":124769437793662,"circlet_count":0,"master_deck":["Strike_R","Strike_R+1","Strike_R+1","Strike_R","Defend_R","Defend_R","Defend_R","Sword Boomerang","Sword Boomerang+1","Flex","The Bomb","Pommel Strike+1","Feed+1","Injury","Uppercut+1","Limit Break+1","Sword Boomerang+1","Iron Wave+1","Whirlwind+1","Thunderclap+1","Wild Strike+1","Sword Boomerang+1","Impervious","Twin Strike+1","Demon Form","Heavy Blade+1","Inflame+1","Dual Wield","Ghostly Armor+1","Twin Strike+1","Writhe","Secret Technique","Secret Weapon"],"relics":["Burning Blood","Happy Flower","Dodecahedron","Molten Egg 2","Smiling Mask","Strawberry","Golden Idol","Philosopher\u0027s Stone","Red Mask","Bronze Scales","Vajra","Paper Frog","Incense Burner","Whetstone","Runic Cube","Girya","Thread and Needle","Bag of Marbles","Bottled Flame"],"potions_floor_usage":[16,16,16,18,25,38,41,50,50],"damage_taken":[{"damage":8,"enemies":"2 Louse","floor":1,"turns":3},{"damage":34,"enemies":"Gremlin Nob","floor":6,"turns":5},{"damage":47,"enemies":"Lagavulin","floor":8,"turns":7},{"damage":8,"enemies":"Jaw Worm","floor":11,"turns":4},{"damage":0,"enemies":"Cultist","floor":12,"turns":2},{"damage":14,"enemies":"3 Louse","floor":14,"turns":3},{"damage":37,"enemies":"Hexaghost","floor":16,"turns":8},{"damage":0,"enemies":"Spheric Guardian","floor":18,"turns":1},{"damage":28,"enemies":"Masked Bandits","floor":19,"turns":3},{"damage":20,"enemies":"Shell Parasite","floor":22,"turns":4},{"damage":23,"enemies":"Sentry and Sphere","floor":24,"turns":4},{"damage":15,"enemies":"Book of Stabbing","floor":25,"turns":3},{"damage":3,"enemies":"Chosen and Byrds","floor":28,"turns":3},{"damage":25,"enemies":"Gremlin Leader","floor":31,"turns":3},{"damage":60,"enemies":"Champ","floor":33,"turns":8},{"damage":11,"enemies":"3 Shapes","floor":35,"turns":2},{"damage":4,"enemies":"Orb Walker","floor":36,"turns":3},{"damage":33,"enemies":"2 Orb Walkers","floor":37,"turns":4},{"damage":40,"enemies":"Writhing Mass","floor":38,"turns":5},{"damage":34,"enemies":"Reptomancer","floor":41,"turns":4},{"damage":0,"enemies":"Transient","floor":44,"turns":5},{"damage":89,"enemies":"Time Eater","floor":50,"turns":7}],"seed_played":"4099089785514545371","potions_obtained":[{"floor":8,"key":"Block Potion"},{"floor":12,"key":"Fire Potion"},{"floor":14,"key":"Fire Potion"},{"floor":16,"key":"Swift Potion"},{"floor":24,"key":"SteroidPotion"},{"floor":31,"key":"FairyPotion"},{"floor":33,"key":"PowerPotion"},{"floor":36,"key":"Strength Potion"},{"floor":41,"key":"Explosive Potion"}],"is_trial":false,"path_per_floor":["M","?","?","?","T","E","R","E","T","$","M","M","?","M","R","B",null,"M","?","?","?","M","R","M","E","T","R","M","?","$","E","R","B",null,"M","M","?","M","?","R","E","R","T","M","$","?","R","?","R","B",null],"character_chosen":"IRONCLAD","items_purchased":["The Bomb","Incense Burner","Bottled Flame","Strength Potion"],"campfire_rested":6,"item_purchase_floors":[10,30,45,45],"current_hp_per_floor":[86,86,86,79,79,51,77,36,43,43,41,47,47,43,72,41,99,99,77,77,77,63,92,75,66,66,95,102,102,102,83,83,29,103,98,100,73,39,39,69,41,71,71,77,77,100,100,95,95,12],"gold":34,"neow_bonus":"TEN_PERCENT_HP_BONUS","is_prod":false,"is_daily":false,"chose_seed":false,"campfire_upgraded":1,"win_rate":0,"timestamp":1565551750,"path_taken":["M","?","?","?","?","E","R","E","T","$","?","M","?","M","R","BOSS","M","?","?","?","M","R","M","E","T","R","M","?","$","E","R","BOSS","M","M","?","M","?","R","E","R","T","M","$","?","R","?","R","BOSS"],"build_version":"2019-07-17","purchased_purges":2,"victory":true,"max_hp_per_floor":[88,88,88,88,88,88,88,88,95,95,95,95,95,99,99,99,99,99,99,99,99,99,99,99,99,99,99,103,103,103,103,103,103,103,103,103,103,103,103,103,103,103,103,103,100,100,100,100,100,100],"card_choices":[{"not_picked":["Clash","Perfected Strike"],"picked":"Sword Boomerang","floor":1},{"not_picked":["Havoc","Armaments"],"picked":"Sword Boomerang","floor":6},{"not_picked":["Sever Soul+1","Wild Strike+1"],"picked":"Flex","floor":8},{"not_picked":["True Grit","Perfected Strike+1"],"picked":"Pommel Strike+1","floor":11},{"not_picked":["Clash+1","True Grit"],"picked":"Feed+1","floor":12},{"not_picked":["Blood for Blood+1","Anger+1"],"picked":"Uppercut+1","floor":14},{"not_picked":["Juggernaut","Exhume"],"picked":"Limit Break","floor":16},{"not_picked":["Clothesline+1","Pommel Strike+1"],"picked":"Sword Boomerang+1","floor":18},{"not_picked":["Pommel Strike+1","Flex"],"picked":"Iron Wave+1","floor":19},{"not_picked":["Pommel Strike+1","Clash+1"],"picked":"Sword Boomerang+1","floor":22},{"not_picked":["Perfected Strike+1","Anger+1","Blood for Blood+1"],"picked":"SKIP","floor":24},{"not_picked":["Twin Strike+1","Combust+1"],"picked":"Impervious","floor":25},{"not_picked":["Perfected Strike+1","Clothesline+1","Rampage+1"],"picked":"SKIP","floor":28},{"not_picked":["Fire Breathing","Cleave+1"],"picked":"Twin Strike+1","floor":31},{"not_picked":["Dark Embrace","Double Tap"],"picked":"Demon Form","floor":33},{"not_picked":["Warcry","Pommel Strike+1"],"picked":"Heavy Blade+1","floor":35},{"not_picked":["Anger+1","Pommel Strike+1"],"picked":"Inflame+1","floor":36},{"not_picked":["Clash+1","Body Slam+1"],"picked":"Dual Wield","floor":37},{"not_picked":["Perfected Strike+1","Clash+1","Barricade"],"picked":"SKIP","floor":38},{"not_picked":["Burning Pact+1","Disarm"],"picked":"Ghostly Armor+1","floor":41},{"not_picked":["Body Slam+1","Wild Strike+1"],"picked":"Twin Strike+1","floor":44},{"not_picked":["Flash of Steel+1","Discovery"],"picked":"Secret Technique","floor":48},{"not_picked":["Discovery","Good Instincts"],"picked":"Secret Weapon","floor":48}],"player_experience":171360,"relics_obtained":[{"floor":5,"key":"Dodecahedron"},{"floor":6,"key":"Molten Egg 2"},{"floor":8,"key":"Smiling Mask"},{"floor":9,"key":"Strawberry"},{"floor":19,"key":"Red Mask"},{"floor":25,"key":"Bronze Scales"},{"floor":26,"key":"Vajra"},{"floor":31,"key":"Whetstone"},{"floor":37,"key":"Girya"},{"floor":41,"key":"Thread and Needle"},{"floor":43,"key":"Bag of Marbles"}],"event_choices":[{"damage_healed":0,"gold_gain":0,"player_choice":"Leave","damage_taken":0,"max_hp_gain":0,"max_hp_loss":0,"event_name":"The Cleric","floor":2,"gold_loss":0},{"damage_healed":0,"gold_gain":0,"player_choice":"Box","damage_taken":0,"relics_obtained":["Happy Flower"],"max_hp_gain":0,"max_hp_loss":0,"event_name":"Big Fish","floor":3,"gold_loss":0,"cards_obtained":["Regret"]},{"cards_removed":["Regret"],"damage_healed":0,"gold_gain":0,"player_choice":"Card Removal","damage_taken":7,"max_hp_gain":0,"max_hp_loss":0,"event_name":"Golden Wing","floor":4,"gold_loss":0},{"damage_healed":0,"gold_gain":0,"player_choice":"Take Wound","damage_taken":0,"relics_obtained":["Golden Idol"],"max_hp_gain":0,"max_hp_loss":0,"event_name":"Golden Idol","floor":13,"gold_loss":0,"cards_obtained":["Injury"]},{"damage_healed":0,"gold_gain":0,"player_choice":"Fought Bandits","damage_taken":0,"max_hp_gain":0,"max_hp_loss":0,"event_name":"Masked Bandits","floor":19,"gold_loss":0},{"damage_healed":0,"gold_gain":0,"player_choice":"Read","damage_taken":0,"max_hp_gain":0,"max_hp_loss":0,"event_name":"The Library","floor":20,"gold_loss":0,"cards_obtained":["Whirlwind"]},{"damage_healed":0,"gold_gain":0,"cards_transformed":["Strike_R","Bash"],"player_choice":"Became Test Subject","damage_taken":0,"max_hp_gain":0,"max_hp_loss":0,"event_name":"Drug Dealer","floor":21,"gold_loss":0,"cards_obtained":["Thunderclap","Wild Strike"]},{"damage_healed":0,"gold_gain":0,"player_choice":"Opened","damage_taken":0,"relics_obtained":["Paper Frog"],"max_hp_gain":0,"max_hp_loss":0,"event_name":"The Mausoleum","floor":29,"gold_loss":0,"cards_obtained":["Writhe"]},{"damage_healed":0,"gold_gain":0,"player_choice":"Fight","damage_taken":0,"max_hp_gain":0,"max_hp_loss":0,"event_name":"Mysterious Sphere","floor":37,"gold_loss":0},{"cards_removed":["Defend_R"],"damage_healed":0,"gold_gain":0,"player_choice":"Removed Skill","damage_taken":0,"max_hp_gain":0,"max_hp_loss":0,"event_name":"Falling","floor":39,"gold_loss":0},{"damage_healed":25,"gold_gain":0,"player_choice":"Writhe","damage_taken":0,"max_hp_gain":0,"max_hp_loss":0,"event_name":"Winding Halls","floor":46,"gold_loss":0,"cards_obtained":["Writhe"]},{"damage_healed":0,"gold_gain":0,"player_choice":"Memory 2","damage_taken":5,"max_hp_gain":0,"max_hp_loss":0,"event_name":"SensoryStone","floor":48,"gold_loss":0}],"is_beta":false,"boss_relics":[{"not_picked":["Tiny House","Empty Cage"],"picked":"Philosopher\u0027s Stone"},{"not_picked":["Coffee Dripper","Velvet Choker"],"picked":"Runic Cube"}],"items_purged_floors":[30,45],"is_endless":false,"potions_floor_spawned":[8,12,14,16,24,31,33,36,37,41],"ascension_level":2}