{"gold_per_floor":[115,115,130,103,28,28,101,1,81,81,1,14,14,33,33,133,133,148,160,175,50,50,50,50,85,85,85,98,61,161,178,178,279,279,295,346,361,361,381,381,381,411,466,104,118,0,25,44,44,44],"floor_reached":51,"playtime":2029,"items_purged":["Defend_G","Strike_G","Corpse Explosion+1"],"score":936,"play_id":"34c0e399-a0ba-4cc4-9c52-0cf2b9ea99db","local_time":"20190916205416","is_ascension_mode":true,"campfire_choices":[{"data":"Doppelganger","floor":6,"key":"SMITH"},{"data":"Masterful Stab","floor":10,"key":"SMITH"},{"data":"Survivor","floor":15,"key":"SMITH"},{"data":"Neutralize","floor":23,"key":"SMITH"},{"floor":27,"key":"REST"},{"floor":32,"key":"REST"},{"floor":40,"key":"REST"},{"floor":49,"key":"REST"}],"neow_cost":"NONE","seed_source_timestamp":435627854820300,"circlet_count":0,"master_deck":["Survivor+1","Neutralize+1","Doppelganger+1","Masterful Stab+1","Terror+1","Skewer+1","Endless Agony+1","Die Die Die+1","Calculated Gamble+1","Corpse Explosion+1","Die Die Die+1","Corpse Explosion+1","Backstab+1","Dodge and Roll+1","Endless Agony+1","Blur+1","Distraction+1","Backstab+1","Dash+1","Distraction+1","Dash+1","Backflip+1"],"relics":["Ring of the Serpent","Toxic Egg 2","Molten Egg 2","Pandora\u0027s Box","Tingsha","Strawberry","Pear","Turnip","Meat on the Bone","Tough Bandages","Mercury Hourglass","Potion Belt","Smiling Mask","Happy Flower","Regal Pillow","Red Mask","Shuriken"],"potions_floor_usage":[33,36,42,50],"damage_taken":[{"damage":0,"enemies":"Small Slimes","floor":1,"turns":6},{"damage":0,"enemies":"2 Louse","floor":3,"turns":3},{"damage":0,"enemies":"Jaw Worm","floor":12,"turns":3},{"damage":0,"enemies":"Blue Slaver","floor":14,"turns":2},{"damage":15,"enemies":"Hexaghost","floor":16,"turns":9},{"damage":0,"enemies":"Spheric Guardian","floor":18,"turns":1},{"damage":5,"enemies":"2 Thieves","floor":19,"turns":2},{"damage":4,"enemies":"Centurion and Healer","floor":20,"turns":3},{"damage":0,"enemies":"Gremlin Leader","floor":25,"turns":3},{"damage":12,"enemies":"Snake Plant","floor":28,"turns":3},{"damage":0,"enemies":"Colosseum Slavers","floor":30,"turns":1},{"damage":0,"enemies":"Colosseum Nobs","floor":30,"turns":1},{"damage":1,"enemies":"Snecko","floor":31,"turns":4},{"damage":35,"enemies":"Collector","floor":33,"turns":7},{"damage":1,"enemies":"Orb Walker","floor":35,"turns":3},{"damage":2,"enemies":"2 Orb Walkers","floor":36,"turns":2},{"damage":0,"enemies":"3 Shapes","floor":37,"turns":3},{"damage":0,"enemies":"Maw","floor":39,"turns":6},{"damage":10,"enemies":"Nemesis","floor":42,"turns":4},{"damage":0,"enemies":"Transient","floor":45,"turns":5},{"damage":0,"enemies":"Reptomancer","floor":47,"turns":2},{"damage":0,"enemies":"3 Darklings","floor":48,"turns":3},{"damage":60,"enemies":"Donu and Deca","floor":50,"turns":6}],"seed_played":"3254982926177985785","potions_obtained":[{"floor":1,"key":"GhostInAJar"},{"floor":16,"key":"Swift Potion"},{"floor":19,"key":"SneckoOil"},{"floor":20,"key":"PowerPotion"},{"floor":28,"key":"SpeedPotion"},{"floor":30,"key":"GhostInAJar"},{"floor":35,"key":"SteroidPotion"},{"floor":47,"key":"SteroidPotion"}],"is_trial":false,"path_per_floor":["M","?","M","?","$","R","T","$","T","R","$","M","?","M","R","B",null,"M","M","M","$","?","R","?","E","T","R","M","$","?","M","R","B",null,"M","?","M","?","M","R","T","E","T","$","M","?","E","M","R","B",null],"character_chosen":"THE_SILENT","items_purchased":["Terror+1","Blur+1","Dash+1","Happy Flower","Regal Pillow"],"campfire_rested":4,"item_purchase_floors":[11,29,44,44,44],"current_hp_per_floor":[70,63,63,63,63,63,63,63,63,63,63,63,63,63,63,48,70,70,65,61,61,61,61,61,68,78,87,75,75,75,74,87,52,87,86,84,84,83,83,83,83,73,73,73,73,73,73,73,83,35],"gold":44,"neow_bonus":"TRANSFORM_CARD","is_prod":false,"is_daily":false,"chose_seed":false,"campfire_upgraded":4,"win_rate":0,"timestamp":1568678056,"path_taken":["M","?","M","?","$","R","?","?","T","R","$","?","?","M","R","BOSS","M","M","?","$","?","R","?","E","T","R","M","$","?","M","R","BOSS","M","?","M","?","M","R","?","E","T","$","M","?","E","M","R","BOSS"],"build_version":"2019-07-17","purchased_purges":3,"victory":true,"max_hp_per_floor":[70,70,70,70,70,70,70,70,70,70,70,70,70,70,70,70,70,70,70,70,70,70,70,70,77,87,87,87,87,87,87,87,87,87,87,87,87,83,83,83,83,83,83,83,83,83,83,83,83,83],"card_choices":[{"not_picked":["Bane","Deadly Poison","Backflip"],"picked":"SKIP","floor":1},{"not_picked":["Bane","PiercingWail"],"picked":"Masterful Stab","floor":3},{"not_picked":["Prepared+1","Underhanded Strike+1","Well Laid Plans"],"picked":"SKIP","floor":12},{"not_picked":["Acrobatics+1","Blade Dance+1"],"picked":"Endless Agony+1","floor":14},{"not_picked":["Envenom","Corpse Explosion+1"],"picked":"Die Die Die+1","floor":16},{"not_picked":["Flying Knee+1","Dagger Throw+1"],"picked":"Dodge and Roll+1","floor":18},{"not_picked":["Dagger Spray+1","Predator+1","Blade Dance+1"],"picked":"SKIP","floor":19},{"not_picked":["Poisoned Stab+1","Dodge and Roll+1"],"picked":"Endless Agony+1","floor":20},{"not_picked":["Slice+1","Infinite Blades+1","Night Terror+1"],"picked":"SKIP","floor":25},{"not_picked":["Prepared+1","Quick Slash+1","Terror+1"],"picked":"SKIP","floor":28},{"not_picked":["Cloak And Dagger+1","Calculated Gamble+1"],"picked":"Distraction+1","floor":31},{"not_picked":["Outmaneuver+1","Underhanded Strike+1"],"picked":"Backstab+1","floor":35},{"not_picked":["Outmaneuver+1","Expertise+1","Flying Knee+1"],"picked":"SKIP","floor":37},{"not_picked":["Slice+1","Dodge and Roll+1"],"picked":"Dash+1","floor":39},{"not_picked":["Skewer+1","Escape Plan+1"],"picked":"Distraction+1","floor":42},{"not_picked":["Expertise+1","All Out Attack+1","Escape Plan+1"],"picked":"SKIP","floor":45},{"not_picked":["Footwork","Heel Hook+1","Sucker Punch+1"],"picked":"SKIP","floor":47},{"not_picked":["Infinite Blades+1","Dagger Spray+1"],"picked":"Backflip+1","floor":48}],"player_experience":562271,"relics_obtained":[{"floor":7,"key":"Toxic Egg 2"},{"floor":9,"key":"Molten Egg 2"},{"floor":25,"key":"Strawberry"},{"floor":26,"key":"Pear"},{"floor":30,"key":"Turnip"},{"floor":30,"key":"Meat on the Bone"},{"floor":36,"key":"Tough Bandages"},{"floor":41,"key":"Mercury Hourglass"},{"floor":42,"key":"Potion Belt"},{"floor":43,"key":"Smiling Mask"},{"floor":47,"key":"Shuriken"}],"event_choices":[{"cards_removed":["Strike_G"],"damage_healed":0,"gold_gain":0,"player_choice":"Card Removal","damage_taken":7,"max_hp_gain":0,"max_hp_loss":0,"event_name":"Golden Wing","floor":2,"gold_loss":0},{"damage_healed":0,"gold_gain":0,"player_choice":"Left Gold","damage_taken":0,"max_hp_gain":0,"max_hp_loss":0,"event_name":"World of Goop","floor":4,"gold_loss":27},{"damage_healed":0,"gold_gain":0,"player_choice":"1 cards matched","damage_taken":0,"max_hp_gain":0,"max_hp_loss":0,"event_name":"Match and Keep!","floor":13,"gold_loss":0,"cards_obtained":["Skewer"]},{"damage_healed":0,"gold_gain":0,"player_choice":"Opened","damage_taken":0,"relics_obtained":["Tingsha"],"max_hp_gain":0,"max_hp_loss":0,"event_name":"The Mausoleum","floor":22,"gold_loss":0},{"damage_healed":0,"gold_gain":0,"player_choice":"Ignored","damage_taken":0,"max_hp_gain":0,"max_hp_loss":0,"event_name":"Vampires","floor":24,"gold_loss":0},{"damage_healed":0,"gold_gain":0,"player_choice":"Fight","damage_taken":0,"max_hp_gain":0,"max_hp_loss":0,"event_name":"Colosseum","floor":30,"gold_loss":0},{"damage_healed":0,"gold_gain":0,"player_choice":"Fought Nobs","damage_taken":0,"max_hp_gain":0,"max_hp_loss":0,"event_name":"Colosseum","floor":30,"gold_loss":0},{"damage_healed":0,"gold_gain":0,"player_choice":"Fight","damage_taken":0,"max_hp_gain":0,"max_hp_loss":0,"event_name":"Mysterious Sphere","floor":36,"gold_loss":0},{"damage_healed":0,"gold_gain":0,"player_choice":"Max HP","damage_taken":0,"max_hp_gain":0,"max_hp_loss":4,"event_name":"Winding Halls","floor":38,"gold_loss":0},{"damage_healed":0,"gold_gain":0,"player_choice":"Paid","damage_taken":0,"relics_obtained":["Red Mask"],"max_hp_gain":0,"max_hp_loss":0,"event_name":"Tomb of Lord Red Mask","floor":46,"gold_loss":118}],"is_beta":false,"boss_relics":[{"not_picked":["Velvet Choker","Cursed Key"],"picked":"Pandora\u0027s Box"},{"not_picked":["Philosopher\u0027s Stone","Black Star"],"picked":"Ring of the Serpent"}],"items_purged_floors":[5,8,21],"is_endless":false,"potions_floor_spawned":[1,16,19,20,28,30,35,47],"ascension_level":4}