{"gold_per_floor":[119,119,119,129,147,147,18,34,88,88,105,105,136,153,153,257,257,274,274,43,43,56,56,87,87,87,87,104,104,131,150,150,249,249,264,274,15,15,29,29,49,0,0,0,0,20,20,31,31,31],"floor_reached":51,"playtime":3171,"items_purged":["Regret"],"score":819,"play_id":"afbe35ae-69e8-476c-b894-6a641ba45e56","local_time":"20190908202640","is_ascension_mode":true,"campfire_choices":[{"data":"Pummel","floor":6,"key":"SMITH"},{"data":"Armaments","floor":12,"key":"SMITH"},{"floor":15,"key":"REST"},{"floor":23,"key":"REST"},{"floor":25,"key":"REST"},{"data":"Searing Blow","floor":27,"key":"SMITH"},{"data":"Uppercut","floor":32,"key":"SMITH"},{"data":"Barricade","floor":40,"key":"SMITH"},{"data":"Spot Weakness","floor":44,"key":"SMITH"},{"floor":47,"key":"REST"},{"floor":49,"key":"REST"}],"neow_cost":"NONE","seed_source_timestamp":196737254550899,"circlet_count":0,"master_deck":["Strike_R+1","Strike_R+1","Strike_R+1","Strike_R+1","Defend_R+1","Defend_R+1","Defend_R+1","Defend_R+1","Bash+1","Thunderclap","Pummel+1","Spot Weakness+1","Armaments+1","Cleave+1","Searing Blow+1","Blood for Blood","Barricade+1","Heavy Blade+1","Bludgeon","Pommel Strike+1","RitualDagger","Thunderclap","Uppercut+1","Double Tap","Armaments+1","Flex+1","Shrug It Off+1","Ghostly Armor+1","Doubt","Intimidate","Shockwave"],"relics":["Burning Blood","Potion Belt","Red Skull","Paper Frog","Art of War","Blood Vial","Mark of Pain","Bag of Marbles","Whetstone","Orichalcum","Bird Faced Urn","Cursed Key","Bottled Lightning","Red Mask","Frozen Egg 2"],"potions_floor_usage":[16,24,30,30,31,33,33,41,50,50,50,50],"damage_taken":[{"damage":1,"enemies":"Small Slimes","floor":1,"turns":4},{"damage":6,"enemies":"2 Louse","floor":4,"turns":3},{"damage":3,"enemies":"Cultist","floor":5,"turns":3},{"damage":23,"enemies":"Large Slime","floor":8,"turns":5},{"damage":0,"enemies":"3 Louse","floor":11,"turns":1},{"damage":20,"enemies":"3 Sentries","floor":13,"turns":5},{"damage":10,"enemies":"Red Slaver","floor":14,"turns":4},{"damage":14,"enemies":"The Guardian","floor":16,"turns":10},{"damage":21,"enemies":"2 Thieves","floor":18,"turns":3},{"damage":10,"enemies":"Shell Parasite","floor":22,"turns":4},{"damage":37,"enemies":"Gremlin Leader","floor":24,"turns":4},{"damage":10,"enemies":"Cultist and Chosen","floor":28,"turns":4},{"damage":21,"enemies":"Slavers","floor":30,"turns":5},{"damage":3,"enemies":"Chosen and Byrds","floor":31,"turns":3},{"damage":90,"enemies":"Automaton","floor":33,"turns":9},{"damage":37,"enemies":"3 Darklings","floor":35,"turns":4},{"damage":0,"enemies":"3 Shapes","floor":36,"turns":3},{"damage":19,"enemies":"3 Darklings","floor":39,"turns":5},{"damage":0,"enemies":"Transient","floor":41,"turns":5},{"damage":27,"enemies":"Jaw Worm Horde","floor":46,"turns":5},{"damage":58,"enemies":"Writhing Mass","floor":48,"turns":5},{"damage":60,"enemies":"Time Eater","floor":50,"turns":10}],"seed_played":"-3442240954345260130","potions_obtained":[{"floor":1,"key":"SpeedPotion"},{"floor":11,"key":"Strength Potion"},{"floor":13,"key":"BloodPotion"},{"floor":14,"key":"Regen Potion"},{"floor":22,"key":"Explosive Potion"},{"floor":30,"key":"PowerPotion"},{"floor":33,"key":"Dexterity Potion"},{"floor":39,"key":"Swift Potion"},{"floor":41,"key":"BloodPotion"},{"floor":46,"key":"SteroidPotion"},{"floor":48,"key":"Regen Potion"}],"is_trial":false,"path_per_floor":["M","?","?","M","M","R","$","M","T","?","M","R","E","M","R","B",null,"M","?","$","?","M","R","E","R","T","R","M","?","E","M","R","B",null,"M","M","$","?","M","R","M","?","T","R","?","M","R","M","R","B",null],"character_chosen":"IRONCLAD","items_purchased":["Armaments","Bag of Marbles","BloodPotion","Bottled Lightning"],"campfire_rested":5,"item_purchase_floors":[7,20,20,37],"current_hp_per_floor":[80,80,68,68,71,71,71,54,54,54,60,60,46,44,68,62,80,65,65,65,50,48,73,44,69,69,69,67,61,62,69,69,29,85,54,64,64,64,55,55,63,63,63,63,63,46,71,23,48,34],"gold":31,"neow_bonus":"RANDOM_COMMON_RELIC","is_prod":false,"is_daily":false,"chose_seed":false,"campfire_upgraded":6,"win_rate":0,"timestamp":1567988800,"path_taken":["M","?","?","M","M","R","$","M","T","?","M","R","E","M","R","BOSS","M","?","$","?","M","R","E","R","T","R","M","?","E","M","R","BOSS","M","M","$","?","?","R","M","?","T","R","?","M","R","M","R","BOSS"],"build_version":"2019-07-17","purchased_purges":1,"victory":true,"max_hp_per_floor":[80,80,80,80,80,80,80,80,80,80,80,80,80,80,80,80,80,80,80,80,85,85,85,85,85,85,85,85,85,85,85,85,85,85,85,85,85,85,85,85,85,85,85,85,85,85,85,85,85,85],"card_choices":[{"not_picked":["Combust","Warcry"],"picked":"Thunderclap","floor":1},{"not_picked":["Iron Wave","Cleave"],"picked":"Pummel","floor":4},{"not_picked":["Heavy Blade","Havoc"],"picked":"Spot Weakness","floor":5},{"not_picked":["Dual Wield","Headbutt"],"picked":"Cleave","floor":8},{"not_picked":["Armaments","Perfected Strike"],"picked":"Searing Blow","floor":11},{"not_picked":["Perfected Strike","Dark Embrace","Havoc"],"picked":"SKIP","floor":13},{"not_picked":["Armaments","Infernal Blade"],"picked":"Blood for Blood","floor":14},{"not_picked":["Juggernaut","Bludgeon"],"picked":"Barricade","floor":16},{"not_picked":["Combust","Shrug It Off"],"picked":"Heavy Blade+1","floor":18},{"not_picked":["Anger","Reckless Charge","Rupture"],"picked":"SKIP","floor":22},{"not_picked":["Warcry","Infernal Blade"],"picked":"Bludgeon","floor":24},{"not_picked":["Warcry","Carnage+1"],"picked":"Pommel Strike+1","floor":28},{"not_picked":["Clash","Wild Strike+1"],"picked":"Thunderclap","floor":30},{"not_picked":["Anger","Perfected Strike"],"picked":"Uppercut","floor":31},{"not_picked":["Berserk","Juggernaut"],"picked":"Double Tap","floor":33},{"not_picked":["Iron Wave+1","Wild Strike"],"picked":"Armaments+1","floor":35},{"not_picked":["Bludgeon","Thunderclap"],"picked":"Flex+1","floor":36},{"not_picked":["Headbutt","Clash+1"],"picked":"Shrug It Off+1","floor":39},{"not_picked":["Dropkick","Blood for Blood"],"picked":"Ghostly Armor+1","floor":41},{"not_picked":["Headbutt+1","Iron Wave"],"picked":"Shockwave","floor":46},{"not_picked":["Pommel Strike","Perfected Strike+1","Twin Strike"],"picked":"SKIP","floor":48}],"player_experience":346513,"relics_obtained":[{"floor":9,"key":"Art of War"},{"floor":13,"key":"Blood Vial"},{"floor":24,"key":"Whetstone"},{"floor":26,"key":"Orichalcum"},{"floor":30,"key":"Bird Faced Urn"},{"floor":43,"key":"Frozen Egg 2"}],"event_choices":[{"damage_healed":0,"gold_gain":0,"player_choice":"Box","damage_taken":0,"relics_obtained":["Red Skull"],"max_hp_gain":0,"max_hp_loss":0,"event_name":"Big Fish","floor":2,"gold_loss":0,"cards_obtained":["Regret"]},{"damage_healed":0,"gold_gain":0,"player_choice":"Success","damage_taken":12,"relics_obtained":["Paper Frog"],"max_hp_gain":0,"max_hp_loss":0,"event_name":"Scrap Ooze","floor":3,"gold_loss":0},{"cards_removed":["Strike_R"],"damage_healed":0,"gold_gain":0,"player_choice":"Forget","damage_taken":0,"max_hp_gain":0,"max_hp_loss":0,"event_name":"Living Wall","floor":10,"gold_loss":0},{"damage_healed":0,"gold_gain":0,"player_choice":"Simplicity","damage_taken":0,"max_hp_gain":0,"max_hp_loss":0,"event_name":"Back to Basics","floor":19,"gold_loss":0,"cards_upgraded":["Strike_R","Strike_R","Strike_R","Strike_R","Defend_R","Defend_R","Defend_R","Defend_R"]},{"damage_healed":0,"gold_gain":0,"player_choice":"Shed Blood","damage_taken":20,"max_hp_gain":5,"max_hp_loss":0,"event_name":"Forgotten Altar","floor":21,"gold_loss":0},{"damage_healed":0,"gold_gain":0,"player_choice":"Joined the Cult","damage_taken":6,"max_hp_gain":0,"max_hp_loss":0,"event_name":"Nest","floor":29,"gold_loss":0,"cards_obtained":["RitualDagger"]},{"damage_healed":0,"gold_gain":0,"player_choice":"Ignored","damage_taken":0,"max_hp_gain":0,"max_hp_loss":0,"event_name":"SecretPortal","floor":38,"gold_loss":0},{"damage_healed":0,"gold_gain":0,"player_choice":"Paid","damage_taken":0,"relics_obtained":["Red Mask"],"max_hp_gain":0,"max_hp_loss":0,"event_name":"Tomb of Lord Red Mask","floor":42,"gold_loss":49},{"damage_healed":0,"gold_gain":0,"player_choice":"1 cards matched","damage_taken":0,"max_hp_gain":0,"max_hp_loss":0,"event_name":"Match and Keep!","floor":45,"gold_loss":0,"cards_obtained":["Intimidate"]}],"is_beta":false,"boss_relics":[{"not_picked":["Tiny House","White Beast Statue"],"picked":"Mark of Pain"},{"not_picked":["Black Blood","Philosopher\u0027s Stone"],"picked":"Cursed Key"}],"items_purged_floors":[7],"is_endless":false,"potions_floor_spawned":[1,11,13,14,22,30,33,39,41,46,48],"ascension_level":4}