{"gold_per_floor":[118,118,118,134,32,32,61,81,106,126,51,51,74,104,104,181,181,200,200,200,212,223,223,254,254,304,319,319],"floor_reached":28,"playtime":1417,"items_purged":["Regret"],"score":640,"play_id":"3255a05b-c372-45a7-a88e-b280e9a2617f","local_time":"20190207002541","is_ascension_mode":true,"campfire_choices":[{"data":"Armaments","floor":6,"key":"SMITH"},{"data":"Anger","floor":12,"key":"SMITH"},{"data":"Immolate","floor":15,"key":"SMITH"},{"data":"Fiend Fire","floor":23,"key":"SMITH"},{"data":"Flame Barrier","floor":25,"key":"SMITH"}],"neow_cost":"NONE","seed_source_timestamp":337320882729293,"circlet_count":0,"master_deck":["AscendersBane","Strike_R","Strike_R","Strike_R","Defend_R","Defend_R","Defend_R","Defend_R","Bash","Anger+1","Offering","Armaments+1","Pummel","Clash","Pummel","Immolate+1","Carnage","Fiend Fire+1","Flame Barrier+1","J.A.X.","Bloodletting","Blood for Blood","Pummel+1","Exhume"],"relics":["Burning Blood","NeowsBlessing","Vajra","Dodecahedron","Blood Vial","Odd Mushroom","Orichalcum","Runic Dome","Happy Flower","Juzu Bracelet"],"potions_floor_usage":[8,16,16,18,24],"damage_taken":[{"damage":0,"enemies":"Small Slimes","floor":1,"turns":1},{"damage":0,"enemies":"Cultist","floor":4,"turns":1},{"damage":0,"enemies":"Lagavulin","floor":7,"turns":1},{"damage":6,"enemies":"Jaw Worm","floor":8,"turns":1},{"damage":3,"enemies":"Blue Slaver","floor":10,"turns":2},{"damage":8,"enemies":"The Mushroom Lair","floor":13,"turns":2},{"damage":6,"enemies":"3 Sentries","floor":14,"turns":2},{"damage":6,"enemies":"Slime Boss","floor":16,"turns":3},{"damage":6,"enemies":"Chosen","floor":18,"turns":3},{"damage":6,"enemies":"Shell Parasite","floor":21,"turns":1},{"damage":14,"enemies":"Snecko","floor":22,"turns":3},{"damage":27,"enemies":"Book of Stabbing","floor":24,"turns":4},{"damage":12,"enemies":"Cultist and Chosen","floor":27,"turns":3},{"damage":48,"enemies":"Slavers","floor":28,"turns":3}],"seed_played":"1468356564347861939","potions_obtained":[{"floor":1,"key":"Dexterity Potion"},{"floor":7,"key":"SteroidPotion"},{"floor":13,"key":"AttackPotion"},{"floor":16,"key":"Swift Potion"},{"floor":21,"key":"Block Potion"}],"is_trial":false,"path_per_floor":["M","?","?","M","$","R","E","M","T","M","$","R","?","E","R","B",null,"M","?","?","M","M","R","E","R","T","M","E"],"character_chosen":"IRONCLAD","items_purchased":["Pummel","Clash"],"campfire_rested":0,"item_purchase_floors":[5,5],"current_hp_per_floor":[74,74,74,75,75,75,75,75,75,75,75,75,73,75,75,75,75,75,75,75,75,67,67,48,48,48,44,0],"gold":319,"neow_bonus":"THREE_ENEMY_KILL","is_prod":false,"is_daily":false,"chose_seed":false,"campfire_upgraded":5,"win_rate":0,"timestamp":1549527941,"path_taken":["M","?","?","?","$","R","E","?","T","M","$","R","?","E","R","BOSS","M","?","?","?","M","R","E","R","T","M","E"],"build_version":"2019-01-23","purchased_purges":1,"victory":false,"max_hp_per_floor":[75,75,75,75,75,75,75,75,75,75,75,75,75,75,75,75,75,75,75,75,75,75,75,75,75,75,75,75],"card_choices":[{"not_picked":["Flex","Havoc"],"picked":"Anger","floor":1},{"not_picked":["Body Slam","Entrench"],"picked":"Armaments","floor":4},{"not_picked":["Disarm","Clothesline"],"picked":"Pummel","floor":7},{"not_picked":["Iron Wave","Clash"],"picked":"Immolate","floor":8},{"not_picked":["Warcry","Wild Strike"],"picked":"Carnage","floor":10},{"not_picked":["Body Slam","Armaments","Burning Pact"],"picked":"SKIP","floor":14},{"not_picked":["Juggernaut","Impervious"],"picked":"Fiend Fire","floor":16},{"not_picked":["True Grit","Ghostly Armor"],"picked":"Flame Barrier","floor":18},{"not_picked":["Pommel Strike+1","Spot Weakness"],"picked":"Blood for Blood","floor":21},{"not_picked":["Anger","Thunderclap","Evolve+1"],"picked":"SKIP","floor":22},{"not_picked":["Sword Boomerang","Wild Strike"],"picked":"Pummel+1","floor":24},{"not_picked":["Anger","Headbutt"],"picked":"Exhume","floor":27}],"player_experience":567075,"relics_obtained":[{"floor":7,"key":"Dodecahedron"},{"floor":9,"key":"Blood Vial"},{"floor":13,"key":"Odd Mushroom"},{"floor":14,"key":"Orichalcum"},{"floor":24,"key":"Happy Flower"},{"floor":26,"key":"Juzu Bracelet"}],"event_choices":[{"damage_healed":0,"gold_gain":0,"player_choice":"Box","damage_taken":0,"relics_obtained":["Vajra"],"max_hp_gain":0,"max_hp_loss":0,"event_name":"Big Fish","floor":2,"gold_loss":0,"cards_obtained":["Regret"]},{"damage_healed":0,"gold_gain":0,"cards_transformed":["Strike_R"],"player_choice":"Transformed","damage_taken":0,"max_hp_gain":0,"max_hp_loss":0,"event_name":"Transmorgrifier","floor":3,"gold_loss":0,"cards_obtained":["Offering"]},{"damage_healed":0,"gold_gain":0,"player_choice":"Fought Mushrooms","damage_taken":0,"max_hp_gain":0,"max_hp_loss":0,"event_name":"Mushrooms","floor":13,"gold_loss":0},{"damage_healed":0,"gold_gain":0,"player_choice":"Obtain J.A.X.","damage_taken":0,"max_hp_gain":0,"max_hp_loss":0,"event_name":"Drug Dealer","floor":19,"gold_loss":0,"cards_obtained":["J.A.X."]},{"damage_healed":0,"gold_gain":0,"cards_transformed":["Strike_R"],"player_choice":"Transformed","damage_taken":0,"max_hp_gain":0,"max_hp_loss":0,"event_name":"Transmorgrifier","floor":20,"gold_loss":0,"cards_obtained":["Bloodletting"]}],"is_beta":false,"boss_relics":[{"not_picked":["Lizard Tail","Black Star"],"picked":"Runic Dome"}],"items_purged_floors":[11],"is_endless":false,"potions_floor_spawned":[1,7,13,16,21],"killed_by":"Slavers","ascension_level":17}