{"gold_per_floor":[117,130,130,194,194,194,226,0,0,17,17,36,36,49,49,149,149,168,168],"floor_reached":19,"playtime":1011,"items_purged":[],"score":259,"play_id":"9895c7d9-d177-49b0-8e37-cc01a5253ef8","local_time":"20190126214319","is_ascension_mode":true,"campfire_choices":[{"data":"Redo","floor":6,"key":"SMITH"},{"data":"Loop","floor":13,"key":"SMITH"},{"floor":15,"key":"REST"}],"neow_cost":"TEN_PERCENT_HP_LOSS","seed_source_timestamp":366745266295577,"circlet_count":0,"master_deck":["AscendersBane","Strike_B","Strike_B","Strike_B+1","Strike_B","Defend_B","Defend_B","Defend_B+1","Defend_B","Zap","Dualcast","Redo+1","Melter","Core Surge","Loop+1","Redo","Ball Lightning","Defragment","Core Surge","Coolheaded"],"relics":["Cracked Core","Calipers","Lantern","Matryoshka","Sozu"],"potions_floor_usage":[16,16,19],"damage_taken":[{"damage":7,"enemies":"Jaw Worm","floor":1,"turns":4},{"damage":9,"enemies":"Small Slimes","floor":2,"turns":4},{"damage":26,"enemies":"3 Sentries","floor":7,"turns":8},{"damage":0,"enemies":"2 Louse","floor":10,"turns":1},{"damage":6,"enemies":"2 Fungi Beasts","floor":12,"turns":3},{"damage":8,"enemies":"Blue Slaver","floor":14,"turns":2},{"damage":36,"enemies":"The Guardian","floor":16,"turns":8},{"damage":20,"enemies":"Shell Parasite","floor":18,"turns":4},{"damage":44,"enemies":"Masked Bandits","floor":19,"turns":3}],"seed_played":"-5491005176154912107","potions_obtained":[{"floor":7,"key":"GamblersBrew"},{"floor":14,"key":"Explosive Potion"},{"floor":16,"key":"Dexterity Potion"}],"is_trial":false,"path_per_floor":["M","M","?","?","?","R","E","$","T","M","?","M","R","M","R","B",null,"M","?"],"character_chosen":"DEFECT","items_purchased":["Core Surge","Loop"],"campfire_rested":1,"item_purchase_floors":[8,8],"current_hp_per_floor":[61,52,38,38,60,60,34,34,34,34,34,28,28,20,40,4,52,32,0],"gold":168,"neow_bonus":"ONE_RARE_RELIC","is_prod":false,"is_daily":false,"chose_seed":false,"campfire_upgraded":2,"win_rate":0,"timestamp":1548567799,"path_taken":["M","M","?","?","?","R","E","?","T","M","?","?","R","M","R","BOSS","M","?"],"build_version":"2019-01-17v2","purchased_purges":0,"victory":false,"max_hp_per_floor":[68,68,68,68,68,68,68,68,68,68,68,68,68,68,68,68,68,68,68],"card_choices":[{"not_picked":["Barrage","Rebound"],"picked":"Redo","floor":1},{"not_picked":["Conserve Battery","Compile Driver"],"picked":"Melter","floor":2},{"not_picked":["Rip and Tear","Streamline","Beam Cell"],"picked":"SKIP","floor":7},{"not_picked":["Sunder","Compile Driver"],"picked":"Redo","floor":10},{"not_picked":["Hello World","Rebound"],"picked":"Ball Lightning","floor":12},{"not_picked":["Loop","Leap"],"picked":"Defragment","floor":14},{"not_picked":["Creative AI","Multi-Cast"],"picked":"Core Surge","floor":16},{"not_picked":["Cold Snap","Go for the Eyes+1"],"picked":"Coolheaded","floor":18}],"player_experience":537555,"relics_obtained":[{"floor":7,"key":"Lantern"},{"floor":9,"key":"Matryoshka"}],"event_choices":[{"damage_healed":0,"gold_gain":0,"player_choice":"Entered Light","damage_taken":14,"max_hp_gain":0,"max_hp_loss":0,"event_name":"Shining Light","floor":3,"gold_loss":0,"cards_upgraded":["Strike_B","Defend_B"]},{"damage_healed":0,"gold_gain":64,"player_choice":"Gained Gold","damage_taken":0,"max_hp_gain":0,"max_hp_loss":0,"event_name":"Golden Wing","floor":4,"gold_loss":0},{"damage_healed":22,"gold_gain":0,"player_choice":"Banana","damage_taken":0,"max_hp_gain":0,"max_hp_loss":0,"event_name":"Big Fish","floor":5,"gold_loss":0},{"damage_healed":0,"gold_gain":0,"player_choice":"Ignored","damage_taken":0,"max_hp_gain":0,"max_hp_loss":0,"event_name":"Liars Game","floor":11,"gold_loss":0},{"damage_healed":0,"gold_gain":0,"player_choice":"Fought Bandits","damage_taken":0,"max_hp_gain":0,"max_hp_loss":0,"event_name":"Masked Bandits","floor":19,"gold_loss":0}],"is_beta":false,"boss_relics":[{"not_picked":["Tiny House","Fusion Hammer"],"picked":"Sozu"}],"items_purged_floors":[],"is_endless":false,"potions_floor_spawned":[7,14,16],"killed_by":"Masked Bandits","ascension_level":11}