{"gold_per_floor":[111,130,141,30,47,47,47,79,79,79,79,79,95,114,114,209,209,225,235,247,266,266],"floor_reached":22,"playtime":2470,"items_purged":["Strike_B"],"score":209,"play_id":"8509ce37-e237-4183-bcbf-01c55fbbe067","local_time":"20190822235455","is_ascension_mode":true,"campfire_choices":[{"data":"Hyperbeam","floor":10,"key":"SMITH"},{"data":"Zap","floor":12,"key":"SMITH"},{"data":"Streamline","floor":15,"key":"SMITH"}],"neow_cost":"NONE","seed_source_timestamp":59281870826567,"circlet_count":0,"master_deck":["Strike_B","Strike_B","Defend_B","Defend_B","Defend_B","Defend_B","Zap+1","Dualcast","Streamline+1","Coolheaded","Doom and Gloom","Loop","Leap","Hyperbeam+1","Go for the Eyes","Consume","Biased Cognition","Turbo","Double Energy","Static Discharge","Capacitor","Skim","Cold Snap+1","Coolheaded"],"relics":["Cracked Core","Omamori","Orrery"],"potions_floor_usage":[8,16,21,21],"damage_taken":[{"damage":9,"enemies":"Jaw Worm","floor":1,"turns":3},{"damage":1,"enemies":"Cultist","floor":2,"turns":3},{"damage":3,"enemies":"Small Slimes","floor":3,"turns":4},{"damage":13,"enemies":"Exordium Wildlife","floor":5,"turns":3},{"damage":25,"enemies":"3 Sentries","floor":8,"turns":9},{"damage":0,"enemies":"2 Fungi Beasts","floor":13,"turns":2},{"damage":4,"enemies":"Looter","floor":14,"turns":2},{"damage":18,"enemies":"The Guardian","floor":16,"turns":11},{"damage":16,"enemies":"3 Byrds","floor":18,"turns":3},{"damage":8,"enemies":"Chosen","floor":19,"turns":3},{"damage":26,"enemies":"Centurion and Healer","floor":20,"turns":6},{"damage":4,"enemies":"Sentry and Sphere","floor":21,"turns":4},{"damage":31,"enemies":"Snake Plant","floor":22,"turns":3}],"seed_played":"-7767191740361191236","potions_obtained":[{"floor":3,"key":"Swift Potion"},{"floor":8,"key":"Block Potion"},{"floor":16,"key":"SteroidPotion"},{"floor":20,"key":"Fire Potion"}],"is_trial":false,"path_per_floor":["M","M","M","$","M","?","?","E","T","R","$","R","M","M","R","B",null,"M","M","M","M","M"],"character_chosen":"DEFECT","items_purchased":["Loop"],"campfire_rested":0,"item_purchase_floors":[4],"current_hp_per_floor":[73,72,69,69,56,56,82,57,57,57,57,57,57,53,53,35,82,66,58,32,28,0],"gold":266,"neow_bonus":"TEN_PERCENT_HP_BONUS","is_prod":false,"is_daily":false,"chose_seed":false,"campfire_upgraded":3,"win_rate":0,"timestamp":1566532495,"path_taken":["M","M","M","$","M","?","?","E","T","R","$","R","M","M","R","BOSS","M","M","M","?","M"],"build_version":"2019-07-17","purchased_purges":1,"victory":false,"max_hp_per_floor":[82,82,82,82,82,82,82,82,82,82,82,82,82,82,82,82,82,82,82,82,82,82],"card_choices":[{"not_picked":["Ball Lightning","Redo"],"picked":"Streamline","floor":1},{"not_picked":["Turbo","Rebound"],"picked":"Coolheaded","floor":2},{"not_picked":["Force Field","Fission"],"picked":"Doom and Gloom","floor":3},{"not_picked":["Rebound","Sunder"],"picked":"Leap","floor":5},{"not_picked":["Stack","Static Discharge"],"picked":"Hyperbeam","floor":8},{"not_picked":["Sweeping Beam","Steam"],"picked":"Go for the Eyes","floor":13},{"not_picked":["Gash","Stack"],"picked":"Consume","floor":14},{"not_picked":["Reboot","Amplify"],"picked":"Biased Cognition","floor":16},{"not_picked":["Gash","Barrage"],"picked":"Turbo","floor":17},{"not_picked":["Go for the Eyes","Steam"],"picked":"Double Energy","floor":17},{"not_picked":["Streamline","Beam Cell"],"picked":"Static Discharge","floor":17},{"not_picked":["Aggregate+1","Beam Cell"],"picked":"Capacitor","floor":18},{"not_picked":["Reboot","Genetic Algorithm+1"],"picked":"Skim","floor":19},{"not_picked":["Steam","Streamline"],"picked":"Cold Snap+1","floor":20},{"not_picked":["Sweeping Beam+1","Steam"],"picked":"Coolheaded","floor":21}],"player_experience":150605,"relics_obtained":[{"floor":8,"key":"Omamori"}],"event_choices":[{"damage_healed":0,"gold_gain":0,"cards_transformed":["Strike_B"],"player_choice":"Change","damage_taken":0,"max_hp_gain":0,"max_hp_loss":0,"event_name":"Living Wall","floor":6,"gold_loss":0,"cards_obtained":["Steam Power"]},{"cards_removed":["Steam Power"],"damage_healed":26,"gold_gain":0,"player_choice":"Offered Uncommon","damage_taken":0,"max_hp_gain":0,"max_hp_loss":0,"event_name":"Bonfire Elementals","floor":7,"gold_loss":0}],"is_beta":false,"boss_relics":[{"not_picked":["Empty Cage","Runic Dome"],"picked":"Orrery"}],"items_purged_floors":[4],"is_endless":false,"potions_floor_spawned":[3,8,16,20],"killed_by":"Snake Plant","ascension_level":2}