{"gold_per_floor":[110,123,1,21,34,34,63,63,63,78,97,12,12,25,25,128,128,142,154,154,154,179,179,2,19,19,46,46,66,89,188,188,286,286,305,317,317,317,337,337,365,89,115,115,131,146,0,0,0,0],"floor_reached":50,"playtime":2949,"items_purged":["Writhe","Writhe"],"score":566,"play_id":"14a18f0b-2374-472a-b8f7-596ef04e656a","local_time":"20190831150301","is_ascension_mode":true,"campfire_choices":[{"data":"Searing Blow","floor":6,"key":"SMITH"},{"data":"Whirlwind","floor":8,"key":"SMITH"},{"data":"Heavy Blade","floor":13,"key":"SMITH"},{"floor":15,"key":"REST"},{"data":"Searing Blow+1","floor":23,"key":"SMITH"},{"data":"Immolate","floor":28,"key":"SMITH"},{"floor":32,"key":"REST"},{"data":"Searing Blow+2","floor":40,"key":"SMITH"},{"data":"Uppercut","floor":44,"key":"SMITH"},{"floor":49,"key":"REST"}],"neow_cost":"NONE","seed_source_timestamp":85601890394834,"circlet_count":0,"master_deck":["Strike_R","Strike_R","Strike_R","Strike_R","Defend_R","Defend_R","Defend_R","Defend_R","Bash","Heavy Blade+1","Searing Blow+3","Offering","Whirlwind+1","Shrug It Off","Thunderclap+1","Inflame+1","Clash","Berserk+1","Clash+1","Necronomicurse","Immolate+1","Armaments+1","Injury","Metallicize+1","Demon Form+1","Uppercut+1","Second Wind","Headbutt+1","Second Wind","Parasite","Bloodletting+1","Rupture+1","Doubt","Carnage+1"],"relics":["Burning Blood","Kunai","Frozen Egg 2","Cursed Key","MutagenicStrength","Necronomicon","Whetstone","Pantograph","Dream Catcher","Ancient Tea Set","Orrery","Potion Belt","Centennial Puzzle","Red Mask"],"potions_floor_usage":[5,16,16,24,25,27,33,39,41,45,50,50,50],"damage_taken":[{"damage":8,"enemies":"Jaw Worm","floor":1,"turns":4},{"damage":10,"enemies":"Small Slimes","floor":2,"turns":3},{"damage":2,"enemies":"2 Louse","floor":4,"turns":2},{"damage":14,"enemies":"Large Slime","floor":5,"turns":3},{"damage":22,"enemies":"Gremlin Nob","floor":7,"turns":3},{"damage":11,"enemies":"Blue Slaver","floor":10,"turns":4},{"damage":10,"enemies":"3 Louse","floor":11,"turns":2},{"damage":0,"enemies":"2 Fungi Beasts","floor":14,"turns":2},{"damage":39,"enemies":"The Guardian","floor":16,"turns":8},{"damage":6,"enemies":"Spheric Guardian","floor":18,"turns":3},{"damage":0,"enemies":"Chosen","floor":19,"turns":3},{"damage":23,"enemies":"Snake Plant","floor":25,"turns":2},{"damage":15,"enemies":"Book of Stabbing","floor":27,"turns":2},{"damage":0,"enemies":"3 Cultists","floor":29,"turns":2},{"damage":57,"enemies":"Champ","floor":33,"turns":7},{"damage":12,"enemies":"3 Darklings","floor":35,"turns":3},{"damage":22,"enemies":"Orb Walker","floor":36,"turns":3},{"damage":5,"enemies":"Writhing Mass","floor":39,"turns":4},{"damage":24,"enemies":"Nemesis","floor":41,"turns":5},{"damage":25,"enemies":"Jaw Worm Horde","floor":45,"turns":4},{"damage":6,"enemies":"Sphere and 2 Shapes","floor":46,"turns":2},{"damage":114,"enemies":"Awakened One","floor":50,"turns":5}],"seed_played":"-603307161081971009","potions_obtained":[{"floor":2,"key":"Energy Potion"},{"floor":5,"key":"Block Potion"},{"floor":16,"key":"Dexterity Potion"},{"floor":19,"key":"Weak Potion"},{"floor":29,"key":"AttackPotion"},{"floor":36,"key":"EssenceOfSteel"},{"floor":39,"key":"Swift Potion"},{"floor":46,"key":"Fire Potion"}],"is_trial":false,"path_per_floor":["M","M","$","M","M","R","E","R","T","M","M","$","R","M","R","B",null,"M","M","?","?","T","R","$","M","T","E","R","M","T","?","R","B",null,"M","M","?","?","M","R","E","$","T","R","M","M","?","$","R","B"],"character_chosen":"IRONCLAD","items_purchased":["Offering","Strength Potion","Inflame+1","Explosive Potion","Fruit Juice","FearPotion","Regen Potion","AttackPotion"],"campfire_rested":3,"item_purchase_floors":[3,3,12,12,24,42,42,42],"current_hp_per_floor":[86,82,82,86,78,78,62,62,62,57,53,53,53,59,85,52,88,88,88,88,72,72,72,77,60,60,51,51,57,57,57,84,42,93,87,71,71,71,72,72,54,54,54,54,47,47,47,47,73,0],"gold":0,"neow_bonus":"TEN_PERCENT_HP_BONUS","is_prod":false,"is_daily":false,"chose_seed":false,"campfire_upgraded":7,"win_rate":0,"timestamp":1567278181,"path_taken":["M","M","$","M","M","R","E","R","T","M","M","$","R","M","R","BOSS","M","M","?","?","?","R","$","M","T","E","R","M","?","?","R","BOSS","M","M","?","?","M","R","E","$","T","R","M","M","?","$","R","BOSS"],"build_version":"2019-07-17","purchased_purges":2,"victory":false,"max_hp_per_floor":[88,88,88,88,88,88,88,88,88,88,88,88,88,88,88,88,88,88,88,88,88,88,88,93,93,93,93,93,93,93,93,93,93,93,93,93,88,88,88,88,88,88,88,88,88,88,88,88,88,88],"card_choices":[{"not_picked":["Entrench","Warcry"],"picked":"Heavy Blade","floor":1},{"not_picked":["Iron Wave","Body Slam"],"picked":"Searing Blow","floor":2},{"not_picked":["Dropkick","Armaments"],"picked":"Whirlwind","floor":4},{"not_picked":["Iron Wave","Heavy Blade","Entrench"],"picked":"SKIP","floor":5},{"not_picked":["Reckless Charge","Carnage"],"picked":"Shrug It Off","floor":7},{"not_picked":["Shrug It Off","Perfected Strike","Iron Wave"],"picked":"SKIP","floor":10},{"not_picked":["Perfected Strike","Dark Embrace+1"],"picked":"Thunderclap","floor":11},{"not_picked":["Dropkick","Warcry"],"picked":"Clash","floor":14},{"not_picked":["Offering","Bludgeon"],"picked":"Berserk+1","floor":16},{"not_picked":["Sword Boomerang","Iron Wave","Wild Strike"],"picked":"SKIP","floor":18},{"not_picked":["Clothesline","Intimidate"],"picked":"Clash","floor":19},{"not_picked":["Twin Strike","True Grit","Iron Wave"],"picked":"SKIP","floor":25},{"not_picked":["Wild Strike+1","Pommel Strike"],"picked":"Immolate","floor":27},{"not_picked":["Ghostly Armor+1","Anger"],"picked":"Armaments+1","floor":29},{"not_picked":["Heavy Blade","Whirlwind"],"picked":"Metallicize+1","floor":32},{"not_picked":["Offering","Barricade+1"],"picked":"Demon Form+1","floor":33},{"not_picked":["Clothesline","Wild Strike"],"picked":"Uppercut","floor":34},{"not_picked":["Sentinel","Spot Weakness"],"picked":"Second Wind","floor":34},{"not_picked":["Corruption+1","Havoc"],"picked":"Headbutt+1","floor":34},{"not_picked":["Heavy Blade","Brutality+1","Iron Wave+1"],"picked":"SKIP","floor":35},{"not_picked":["Perfected Strike","Shrug It Off"],"picked":"Second Wind","floor":36},{"not_picked":["Wild Strike+1","Rage"],"picked":"Bloodletting+1","floor":39},{"not_picked":["Exhume","Flex"],"picked":"Rupture+1","floor":41},{"not_picked":["Anger+1","Armaments","Havoc"],"picked":"SKIP","floor":45},{"not_picked":["Anger+1","Disarm+1"],"picked":"Carnage+1","floor":46}],"player_experience":275297,"relics_obtained":[{"floor":7,"key":"Kunai"},{"floor":9,"key":"Frozen Egg 2"},{"floor":21,"key":"Necronomicon"},{"floor":22,"key":"Whetstone"},{"floor":26,"key":"Pantograph"},{"floor":27,"key":"Dream Catcher"},{"floor":30,"key":"Ancient Tea Set"},{"floor":41,"key":"Potion Belt"},{"floor":43,"key":"Centennial Puzzle"}],"event_choices":[{"damage_healed":0,"gold_gain":0,"player_choice":"Inject Mutagens","damage_taken":0,"relics_obtained":["MutagenicStrength"],"max_hp_gain":0,"max_hp_loss":0,"event_name":"Drug Dealer","floor":20,"gold_loss":0},{"damage_healed":0,"gold_gain":0,"player_choice":"Obtained Book","damage_taken":16,"max_hp_gain":0,"max_hp_loss":0,"event_name":"Cursed Tome","floor":21,"gold_loss":0},{"damage_healed":0,"gold_gain":99,"player_choice":"Stole From Cult","damage_taken":0,"max_hp_gain":0,"max_hp_loss":0,"event_name":"Nest","floor":31,"gold_loss":0},{"damage_healed":0,"gold_gain":0,"player_choice":"Max HP","damage_taken":0,"max_hp_gain":0,"max_hp_loss":5,"event_name":"Winding Halls","floor":37,"gold_loss":0},{"cards_removed":["Strike_R"],"damage_healed":0,"gold_gain":0,"player_choice":"Removed Attack","damage_taken":0,"max_hp_gain":0,"max_hp_loss":0,"event_name":"Falling","floor":38,"gold_loss":0},{"damage_healed":0,"gold_gain":0,"player_choice":"Paid","damage_taken":0,"relics_obtained":["Red Mask"],"max_hp_gain":0,"max_hp_loss":0,"event_name":"Tomb of Lord Red Mask","floor":47,"gold_loss":146}],"is_beta":false,"boss_relics":[{"not_picked":["Tiny House","Sozu"],"picked":"Cursed Key"},{"not_picked":["Mark of Pain","Calling Bell"],"picked":"Orrery"}],"items_purged_floors":[24,42],"is_endless":false,"potions_floor_spawned":[2,5,14,16,19,29,36,39,46],"killed_by":"Awakened One","ascension_level":3}