{"gold_per_floor":[116,116,132,132,2,2,29,46,46,46,58,58,58,58,58,163,163,176,176,196,211,231,231,231],"floor_reached":24,"playtime":1994,"items_purged":[],"score":294,"play_id":"9265966b-f11c-4608-a71f-ab3cf13fa0c8","local_time":"20190126183635","is_ascension_mode":true,"campfire_choices":[{"data":"Zap","floor":6.0,"key":"SMITH"},{"data":"Dualcast","floor":10.0,"key":"SMITH"},{"data":"Steam","floor":12.0,"key":"SMITH"},{"data":"All For One","floor":15.0,"key":"SMITH"},{"floor":23,"key":"REST"}],"neow_cost":"NONE","seed_source_timestamp":0,"circlet_count":0,"master_deck":["AscendersBane","Strike_B","Strike_B","Strike_B","Strike_B+1","Defend_B","Defend_B","Defend_B","Zap+1","Dualcast+1","Storm","Cold Snap+1","All For One+1","Conserve Battery","Steam+1","Chill","Leap","Electrodynamics","Stack","Conserve Battery+1","Steam+1","Aggregate"],"special_seed":0,"relics":["Eternal Feather","Matryoshka","Whetstone","Happy Flower","Regal Pillow","The Courier","Nuclear Battery"],"potions_floor_usage":[24],"damage_taken":[{"damage":8.0,"enemies":"Small Slimes","floor":1.0,"turns":3.0},{"damage":8.0,"enemies":"Jaw Worm","floor":3.0,"turns":4.0},{"damage":21.0,"enemies":"Gremlin Nob","floor":7.0,"turns":5.0},{"damage":0.0,"enemies":"2 Louse","floor":8.0,"turns":4.0},{"damage":1.0,"enemies":"Red Slaver","floor":11.0,"turns":4.0},{"damage":54.0,"enemies":"Hexaghost","floor":16.0,"turns":11.0},{"damage":10.0,"enemies":"3 Byrds","floor":18.0,"turns":3.0},{"damage":7.0,"enemies":"Shell Parasite","floor":20.0,"turns":6.0},{"damage":4.0,"enemies":"Cultist and Chosen","floor":21.0,"turns":6.0},{"damage":20.0,"enemies":"Shelled Parasite and Fungi","floor":22.0,"turns":9.0},{"damage":72,"enemies":"Gremlin Leader","floor":24,"turns":9}],"seed_played":"108733189812716280","potions_obtained":[{"floor":1.0,"key":"Block Potion"},{"floor":11.0,"key":"Explosive Potion"},{"floor":21.0,"key":"SkillPotion"}],"is_trial":false,"path_per_floor":["M","?","M","?","$","R","E","M","T","R","M","R","T","?","R","B",null,"M","?","M","M","M","R","E"],"character_chosen":"DEFECT","items_purchased":["All For One","Conserve Battery"],"campfire_rested":1,"item_purchase_floors":[5,5],"current_hp_per_floor":[60,65,57,57,57,66,45,45,45,54,53,62,62,62,71,17,64,54,39,32,28,8,60,0],"gold":231,"neow_bonus":"BOSS_RELIC","is_prod":false,"is_daily":false,"chose_seed":false,"campfire_upgraded":4,"win_rate":0,"timestamp":1548556595,"path_taken":["M","?","M","?","?","R","E","M","T","R","M","R","?","?","R","BOSS","M","?","M","M","M","R","E"],"build_version":"2019-01-17v2","purchased_purges":0,"victory":false,"max_hp_per_floor":[75,80,80,80,80,80,80,80,80,80,80,80,80,80,80,80,80,80,85,85,85,85,85,85],"card_choices":[{"not_picked":["FTL","Barrage"],"picked":"Storm","floor":1.0},{"not_picked":["Hologram","Rebound"],"picked":"Cold Snap","floor":3.0},{"not_picked":["Streamline","Undo"],"picked":"Steam","floor":7.0},{"not_picked":["Turbo","Hologram"],"picked":"Chill","floor":8.0},{"not_picked":["Go for the Eyes","Storm"],"picked":"Leap","floor":11.0},{"not_picked":["Fission","Multi-Cast"],"picked":"Electrodynamics","floor":16.0},{"not_picked":["Consume","Barrage"],"picked":"Stack","floor":18.0},{"not_picked":["Storm","Chill+1"],"picked":"Conserve Battery+1","floor":20.0},{"not_picked":["Go for the Eyes+1","Sweeping Beam+1"],"picked":"Steam+1","floor":21.0},{"not_picked":["Sweeping Beam+1","Fusion"],"picked":"Aggregate","floor":22}],"player_experience":529623,"relics_obtained":[{"floor":7.0,"key":"Matryoshka"},{"floor":9.0,"key":"Whetstone"},{"floor":9.0,"key":"Happy Flower"},{"floor":13.0,"key":"Regal Pillow"},{"floor":13.0,"key":"The Courier"}],"event_choices":[{"damage_healed":0.0,"max_hp_gain":5.0,"max_hp_loss":0.0,"gold_gain":0.0,"event_name":"Big Fish","player_choice":"Donut","floor":2.0,"gold_loss":0.0,"damage_taken":0.0},{"damage_healed":0.0,"max_hp_gain":0.0,"max_hp_loss":0.0,"gold_gain":0.0,"event_name":"Liars Game","player_choice":"Ignored","floor":4.0,"gold_loss":0.0,"damage_taken":0.0},{"cards_removed":["Defend_B"],"damage_healed":0.0,"max_hp_gain":0.0,"max_hp_loss":0.0,"gold_gain":0.0,"event_name":"Purifier","player_choice":"Purged","floor":14.0,"gold_loss":0.0,"damage_taken":0.0},{"damage_healed":0.0,"max_hp_gain":5.0,"max_hp_loss":0.0,"gold_gain":0.0,"event_name":"Forgotten Altar","player_choice":"Shed Blood","floor":19.0,"gold_loss":0.0,"damage_taken":20.0}],"is_beta":false,"boss_relics":[{"not_picked":["Snecko Eye","Empty Cage"],"picked":"Nuclear Battery"}],"items_purged_floors":[],"is_endless":false,"potions_floor_spawned":[1,11,21],"killed_by":"Gremlin Leader","ascension_level":10}