{"gold_per_floor":[110,210,229,248,26,56,66,66,115,115,115,115,190,204,204,309,309,321,321,321,335,335,364,364,395,395,395,395],"floor_reached":28,"playtime":3112,"items_purged":[],"score":281,"play_id":"0cad364e-3018-4134-b0f2-253cfa1eaae5","local_time":"20190724132017","is_ascension_mode":false,"campfire_choices":[{"floor":8,"key":"REST"},{"data":"Noxious Fumes","floor":10,"key":"SMITH"},{"floor":15,"key":"REST"},{"floor":24,"key":"REST"}],"neow_cost":"NONE","seed_source_timestamp":144571278851260,"circlet_count":0,"master_deck":["Strike_G","Strike_G","Strike_G","Strike_G","Strike_G","Defend_G","Defend_G","Defend_G","Defend_G","Defend_G","Survivor","Neutralize","Backflip","Cloak And Dagger","Bane","Noxious Fumes+1","Prepared","Terror","Sucker Punch","Glass Knife","All Out Attack","Well Laid Plans","Catalyst","Heel Hook","J.A.X.","Endless Agony","Footwork+1","Crippling Poison"],"relics":["Ring of the Snake","Regal Pillow","Orichalcum","Pear","Vajra","Bag of Marbles","Orrery","Pen Nib","Dream Catcher","PreservedInsect","Lantern"],"potions_floor_usage":[14,16,23,25,25,27],"damage_taken":[{"damage":2,"enemies":"Jaw Worm","floor":1,"turns":4},{"damage":2,"enemies":"Cultist","floor":3,"turns":6},{"damage":1,"enemies":"Small Slimes","floor":4,"turns":4},{"damage":47,"enemies":"Gremlin Nob","floor":6,"turns":6},{"damage":0,"enemies":"3 Louse","floor":7,"turns":3},{"damage":6,"enemies":"Large Slime","floor":14,"turns":6},{"damage":18,"enemies":"The Guardian","floor":16,"turns":10},{"damage":13,"enemies":"Spheric Guardian","floor":18,"turns":5},{"damage":14,"enemies":"Chosen","floor":21,"turns":5},{"damage":32,"enemies":"Book of Stabbing","floor":23,"turns":5},{"damage":71,"enemies":"Slavers","floor":25,"turns":8},{"damage":0,"enemies":"Snecko","floor":27,"turns":1},{"damage":11,"enemies":"Centurion and Healer","floor":28,"turns":3}],"seed_played":"8248988755043342026","potions_obtained":[{"floor":1,"key":"SteroidPotion"},{"floor":6,"key":"SmokeBomb"},{"floor":7,"key":"Dexterity Potion"},{"floor":14,"key":"Poison Potion"},{"floor":21,"key":"Explosive Potion"},{"floor":23,"key":"Regen Potion"}],"is_trial":false,"path_per_floor":["M","?","M","M","$","E","M","R","T","R","?","?","?","M","R","B",null,"M","?","?","M","T","E","R","E","T","M","M"],"character_chosen":"THE_SILENT","items_purchased":["Orichalcum","Noxious Fumes"],"campfire_rested":3,"item_purchase_floors":[5,5],"current_hp_per_floor":[68,68,66,65,65,28,28,67,67,67,72,60,49,43,83,65,85,72,72,72,58,58,26,66,10,10,10,0],"gold":395,"neow_bonus":"RANDOM_COMMON_RELIC","is_prod":false,"is_daily":false,"chose_seed":false,"campfire_upgraded":1,"win_rate":0.0,"timestamp":1563988817,"path_taken":["M","?","?","M","$","E","M","R","T","R","?","?","?","M","R","BOSS","M","?","?","M","?","E","R","E","T","M","M"],"build_version":"2019-07-17","purchased_purges":0,"victory":false,"max_hp_per_floor":[70,70,70,70,70,80,80,80,80,80,85,85,85,85,85,85,85,85,85,85,85,85,85,85,85,85,85,85],"card_choices":[{"not_picked":["Leg Sweep","Slice"],"picked":"Backflip","floor":1},{"not_picked":["Blade Dance","Expertise"],"picked":"Cloak And Dagger","floor":3},{"not_picked":["Expertise","Dash"],"picked":"Bane","floor":4},{"not_picked":["Corpse Explosion","Noxious Fumes"],"picked":"Prepared","floor":6},{"not_picked":["Expertise","PiercingWail"],"picked":"Terror","floor":7},{"not_picked":["Blade Dance","Dagger Throw"],"picked":"Sucker Punch","floor":14},{"not_picked":["Phantasmal Killer","Corpse Explosion"],"picked":"Glass Knife","floor":16},{"not_picked":["Leg Sweep","Backflip"],"picked":"All Out Attack","floor":17},{"not_picked":["Escape Plan","Distraction"],"picked":"Well Laid Plans","floor":17},{"not_picked":["Deflect","Poisoned Stab"],"picked":"Catalyst","floor":17},{"not_picked":["Flechettes+1","Deflect"],"picked":"Heel Hook","floor":18},{"not_picked":["Noxious Fumes+1","Catalyst"],"picked":"Endless Agony","floor":21},{"not_picked":["Outmaneuver","All Out Attack","Bouncing Flask"],"picked":"SKIP","floor":23},{"not_picked":["Noxious Fumes+1","Dagger Throw+1"],"picked":"Footwork+1","floor":24},{"not_picked":["Poisoned Stab","Deflect"],"picked":"Crippling Poison","floor":25}],"player_experience":130716,"relics_obtained":[{"floor":6,"key":"Pear"},{"floor":9,"key":"Vajra"},{"floor":22,"key":"Pen Nib"},{"floor":23,"key":"Dream Catcher"},{"floor":25,"key":"PreservedInsect"},{"floor":26,"key":"Lantern"}],"event_choices":[{"damage_healed":0,"gold_gain":100,"player_choice":"Pray","damage_taken":0,"max_hp_gain":0,"max_hp_loss":0,"event_name":"Golden Shrine","floor":2,"gold_loss":0},{"damage_healed":0,"gold_gain":0,"player_choice":"Donut","damage_taken":0,"max_hp_gain":5,"max_hp_loss":0,"event_name":"Big Fish","floor":11,"gold_loss":0},{"damage_healed":0,"gold_gain":0,"player_choice":"Success","damage_taken":12,"relics_obtained":["Bag of Marbles"],"max_hp_gain":0,"max_hp_loss":0,"event_name":"Scrap Ooze","floor":12,"gold_loss":0},{"damage_healed":0,"gold_gain":75,"player_choice":"Gather Gold","damage_taken":11,"max_hp_gain":0,"max_hp_loss":0,"event_name":"World of Goop","floor":13,"gold_loss":0},{"damage_healed":0,"gold_gain":0,"player_choice":"Ignored","damage_taken":0,"max_hp_gain":0,"max_hp_loss":0,"event_name":"Ghosts","floor":19,"gold_loss":0},{"damage_healed":0,"gold_gain":0,"player_choice":"Obtain J.A.X.","damage_taken":0,"max_hp_gain":0,"max_hp_loss":0,"event_name":"Drug Dealer","floor":20,"gold_loss":0,"cards_obtained":["J.A.X."]}],"is_beta":false,"boss_relics":[{"not_picked":["HoveringKite","Calling Bell"],"picked":"Orrery"}],"items_purged_floors":[],"is_endless":false,"potions_floor_spawned":[1,6,7,14,21,23],"killed_by":"Centurion and Healer","ascension_level":0}