{"gold_per_floor":[111,36,36,36,36,64,83,103,128,157,179,205,217,262,274,362,374,376,401,423,453,483,495,536,548,640,652],"floor_reached":27,"playtime":2282,"items_purged":[],"score":476,"play_id":"e74a6480-7806-4e4b-9736-212a65ecde44","local_time":"20190116235846","is_ascension_mode":true,"campfire_choices":[{"data":"Metallicize","floor":13,"key":"SMITH"},{"data":"Rampage","floor":15,"key":"SMITH"},{"floor":23,"key":"REST"},{"floor":25,"key":"REST"}],"neow_cost":"NONE","seed_source_timestamp":92055043810320,"circlet_count":0,"master_deck":["AscendersBane","Strike_R","Strike_R","Strike_R","Strike_R","Defend_R","Defend_R","Defend_R","Bash","Metallicize+1","Cleave","Seeing Red","Impervious","Rampage+1","Shrug It Off","Reaper+1","Headbutt+1","Pommel Strike+1","Demon Form"],"relics":["Burning Blood","NeowsBlessing","Anchor","MawBank","Molten Egg 2","Philosopher\u0027s Stone","Peace Pipe","Mercury Hourglass"],"potions_floor_usage":[14,16,16,19,22,24],"damage_taken":[{"damage":0,"enemies":"2 Louse","floor":1,"turns":1},{"damage":0,"enemies":"3 Sentries","floor":6,"turns":2},{"damage":0,"enemies":"Small Slimes","floor":7,"turns":1},{"damage":3,"enemies":"Cultist","floor":8,"turns":3},{"damage":11,"enemies":"Gremlin Gang","floor":10,"turns":6},{"damage":0,"enemies":"Blue Slaver","floor":11,"turns":4},{"damage":0,"enemies":"Looter","floor":12,"turns":4},{"damage":19,"enemies":"Lagavulin","floor":14,"turns":6},{"damage":27,"enemies":"Slime Boss","floor":16,"turns":9},{"damage":10,"enemies":"2 Thieves","floor":18,"turns":4},{"damage":6,"enemies":"3 Byrds","floor":19,"turns":6},{"damage":62,"enemies":"3 Cultists","floor":20,"turns":8},{"damage":31,"enemies":"Snake Plant","floor":21,"turns":6},{"damage":8,"enemies":"Snecko","floor":22,"turns":5},{"damage":43,"enemies":"Gremlin Leader","floor":24,"turns":7},{"damage":69,"enemies":"Shelled Parasite and Fungi","floor":27,"turns":5}],"seed_played":"1433439001370926656","potions_obtained":[{"floor":8,"key":"PowerPotion"},{"floor":10,"key":"LiquidBronze"},{"floor":14,"key":"Fire Potion"},{"floor":18,"key":"Weak Potion"},{"floor":21,"key":"Swift Potion"},{"floor":22,"key":"LiquidBronze"}],"is_trial":false,"path_per_floor":["M","?","?","?","$","E","M","M","T","M","M","M","R","E","R","B",null,"M","M","M","M","M","R","E","R","T","M"],"character_chosen":"IRONCLAD","items_purchased":[],"campfire_rested":2,"item_purchase_floors":[],"current_hp_per_floor":[74,74,79,79,79,80,80,80,80,75,80,80,80,67,67,46,72,76,80,29,9,12,36,20,44,44,0],"gold":652,"neow_bonus":"THREE_ENEMY_KILL","is_prod":false,"is_daily":false,"chose_seed":false,"campfire_upgraded":2,"win_rate":0,"timestamp":1547711926,"path_taken":["M","?","?","?","$","E","M","M","T","?","?","M","R","E","R","BOSS","M","M","M","M","M","R","E","R","T","M"],"build_version":"2019-01-10","purchased_purges":0,"victory":false,"max_hp_per_floor":[75,75,80,80,80,80,80,80,80,80,80,80,80,80,80,80,80,80,80,80,80,80,80,80,80,80,80],"card_choices":[{"not_picked":["Armaments","Dual Wield"],"picked":"Metallicize","floor":1},{"not_picked":["Body Slam","Rage"],"picked":"Cleave","floor":6},{"not_picked":["Feel No Pain","Wild Strike"],"picked":"Seeing Red","floor":7},{"not_picked":["Pommel Strike","Heavy Blade"],"picked":"Impervious","floor":8},{"not_picked":["Headbutt","Warcry"],"picked":"Rampage","floor":10},{"not_picked":["Perfected Strike","Berserk","Disarm"],"picked":"SKIP","floor":11},{"not_picked":["Whirlwind","Twin Strike","Iron Wave"],"picked":"SKIP","floor":12},{"not_picked":["Flex","Battle Trance"],"picked":"Shrug It Off","floor":14},{"not_picked":["Limit Break","Berserk"],"picked":"Reaper+1","floor":16},{"not_picked":["Entrench","Perfected Strike+1"],"picked":"Headbutt+1","floor":18},{"not_picked":["Cleave+1","Iron Wave+1","Intimidate"],"picked":"SKIP","floor":19},{"not_picked":["Thunderclap+1","Twin Strike+1","Anger+1"],"picked":"SKIP","floor":20},{"not_picked":["Battle Trance","Headbutt+1"],"picked":"Pommel Strike+1","floor":21},{"not_picked":["Sentinel","Havoc"],"picked":"Demon Form","floor":22},{"not_picked":["Sever Soul+1","Iron Wave+1","Twin Strike+1"],"picked":"SKIP","floor":24}],"player_experience":467501,"relics_obtained":[{"floor":6,"key":"Anchor"},{"floor":9,"key":"MawBank"},{"floor":14,"key":"Molten Egg 2"},{"floor":24,"key":"Peace Pipe"},{"floor":26,"key":"Mercury Hourglass"}],"event_choices":[{"cards_removed":["Strike_R"],"damage_healed":0,"gold_gain":0,"player_choice":"Card Removal","damage_taken":0,"max_hp_gain":0,"max_hp_loss":0,"event_name":"The Cleric","floor":2,"gold_loss":75},{"damage_healed":0,"gold_gain":0,"player_choice":"Donut","damage_taken":0,"max_hp_gain":5,"max_hp_loss":0,"event_name":"Big Fish","floor":3,"gold_loss":0},{"cards_removed":["Defend_R"],"damage_healed":0,"gold_gain":0,"player_choice":"Purged","damage_taken":0,"max_hp_gain":0,"max_hp_loss":0,"event_name":"Purifier","floor":4,"gold_loss":0}],"is_beta":false,"boss_relics":[{"not_picked":["Mark of Pain","Pandora\u0027s Box"],"picked":"Philosopher\u0027s Stone"}],"items_purged_floors":[],"is_endless":false,"potions_floor_spawned":[8,10,14,18,21,22],"killed_by":"Shelled Parasite and Fungi","ascension_level":15}