{"gold_per_floor":[114,214,229,244,94,124,139,169,169,184,199,214,14,29,29,129,129,144,159,174,174,189,189,204,219,219,234,264,264,264,279,279,379,379,394,394,409,424,439,454,469,499,511,203,218,11,26,41,41,41],"floor_reached":50,"playtime":4756,"items_purged":["Strike_B+1"],"score":695,"play_id":"8ce9cbcc-7f7e-4faf-a3f0-20a5710dcfe9","local_time":"20181009010215","daily_mods":["Specialized","Colorless Cards","Night Terrors"],"is_ascension_mode":false,"campfire_choices":[{"floor":15.0,"key":"REST"},{"floor":23,"key":"REST"},{"floor":29,"key":"REST"},{"data":"Coolheaded","floor":32,"key":"SMITH"},{"data":"Jack Of All Trades","floor":49,"key":"SMITH"}],"neow_cost":"","seed_source_timestamp":0,"circlet_count":0,"master_deck":["Strike_B+1","Strike_B+1","Strike_B+1","Defend_B+1","Defend_B+1","Defend_B+1","Defend_B+1","Zap+1","Dualcast","Flash of Steel","Flash of Steel","Flash of Steel","Flash of Steel","Flash of Steel","Ball Lightning","Cold Snap","Coolheaded","Gash","Beam Cell","Coolheaded+1","Gash","Finesse","Coolheaded","Master of Strategy","Coolheaded+1","Auto Shields","Hologram","Violence","Rebound+1","Biased Cognition","Apotheosis","Compile Driver+1","Dramatic Entrance","Finesse","Dramatic Entrance","Sweeping Beam","Defragment","Secret Technique","Dark Shackles","Discovery","Chrysalis","Gash","Stack","Jack Of All Trades+1","Self Repair+1"],"special_seed":17809,"relics":["FrozenCore","DataDisk","Dead Branch","War Paint","Dodecahedron","Membership Card","Sozu","Cables","Darkstone Periapt","Orichalcum","MawBank","Incense Burner","Runic Capacitor"],"potions_floor_usage":[18,50],"damage_taken":[{"damage":0.0,"enemies":"Small Slimes","floor":1.0,"turns":3.0},{"damage":0.0,"enemies":"Cultist","floor":3.0,"turns":2.0},{"damage":1.0,"enemies":"Jaw Worm","floor":4.0,"turns":2.0},{"damage":16.0,"enemies":"Gremlin Nob","floor":6.0,"turns":3.0},{"damage":19.0,"enemies":"3 Louse","floor":7.0,"turns":3.0},{"damage":18.0,"enemies":"3 Sentries","floor":8.0,"turns":5.0},{"damage":9.0,"enemies":"Blue Slaver","floor":10.0,"turns":3.0},{"damage":0.0,"enemies":"Exordium Wildlife","floor":11.0,"turns":2.0},{"damage":0.0,"enemies":"Large Slime","floor":12.0,"turns":5.0},{"damage":0.0,"enemies":"Looter","floor":14.0,"turns":1.0},{"damage":18.0,"enemies":"Hexaghost","floor":16.0,"turns":9.0},{"damage":0,"enemies":"Shell Parasite","floor":18,"turns":4},{"damage":2,"enemies":"3 Byrds","floor":19,"turns":4},{"damage":8,"enemies":"Snecko","floor":20,"turns":5},{"damage":23,"enemies":"Snake Plant","floor":22,"turns":4},{"damage":1,"enemies":"Centurion and Healer","floor":24,"turns":7},{"damage":0,"enemies":"Sentry and Sphere","floor":25,"turns":5},{"damage":5,"enemies":"Snecko","floor":27,"turns":9},{"damage":30,"enemies":"Gremlin Leader","floor":28,"turns":10},{"damage":0,"enemies":"Snake Plant","floor":31,"turns":4},{"damage":0,"enemies":"Automaton","floor":33,"turns":6},{"damage":0,"enemies":"Orb Walker","floor":35,"turns":3},{"damage":0,"enemies":"3 Shapes","floor":37,"turns":4},{"damage":13,"enemies":"3 Darklings","floor":38,"turns":4},{"damage":0,"enemies":"Maw","floor":39,"turns":6},{"damage":5,"enemies":"Sphere and 2 Shapes","floor":40,"turns":4},{"damage":20,"enemies":"4 Shapes","floor":41,"turns":4},{"damage":0,"enemies":"2 Orb Walkers","floor":42,"turns":6},{"damage":1,"enemies":"Maw","floor":45,"turns":5},{"damage":0,"enemies":"Spire Growth","floor":47,"turns":5},{"damage":0,"enemies":"Transient","floor":48,"turns":5},{"damage":63,"enemies":"Time Eater","floor":50,"turns":12}],"seed_played":"-1512193527981860122","potions_obtained":[{"floor":4.0,"key":"GamblersBrew"},{"floor":7.0,"key":"Weak Potion"},{"floor":8.0,"key":"Energy Potion"}],"is_trial":false,"path_per_floor":["M","?","M","M","$","E","M","E","T","M","M","M","$","M","R","B",null,"M","M","M","?","M","R","M","M","T","M","E","R","?","M","R","B",null,"M","?","M","M","M","M","M","E","T","$","M","$","M","M","R"],"character_chosen":"DEFECT","items_purchased":["DataDisk","Membership Card","Runic Capacitor","Defragment","Secret Technique","Dark Shackles","Chrysalis","Gash","Stack","Jack Of All Trades"],"campfire_rested":3,"item_purchase_floors":[5,13,44,44,44,44,46,46,46,46],"current_hp_per_floor":[75,75,75,74,74,58,39,21,21,12,12,12,12,12,70,52,70,70,68,60,47,24,70,69,69,69,64,34,65,65,65,65,65,65,65,65,65,52,52,47,27,27,27,27,26,26,26,26,26,0],"gold":41,"neow_bonus":"","is_prod":false,"is_daily":true,"chose_seed":false,"campfire_upgraded":2,"win_rate":0,"timestamp":1539061335,"path_taken":["M","?","M","M","$","E","M","E","T","M","M","M","$","M","R","BOSS","M","M","M","?","M","R","M","M","T","M","E","R","?","M","R","BOSS","M","?","M","M","M","M","M","E","T","$","M","$","M","M","R","BOSS"],"build_version":"2018-10-04v2","purchased_purges":1,"victory":false,"max_hp_per_floor":[75,75,75,75,75,75,75,75,75,75,75,75,75,75,70,70,70,70,70,70,75,75,70,70,70,70,70,70,65,65,65,65,65,65,65,65,65,65,65,65,65,65,65,65,65,65,65,65,65,65],"card_choices":[{"not_picked":["Rebound","Stack"],"picked":"Ball Lightning","floor":1.0},{"not_picked":["Doom and Gloom","Discovery"],"picked":"Cold Snap","floor":3.0},{"not_picked":["Recycle","Genetic Algorithm"],"picked":"Coolheaded","floor":4.0},{"not_picked":["Redo","Compile Driver","Stack"],"picked":"SKIP","floor":6.0},{"not_picked":["Redo","Go for the Eyes"],"picked":"Gash","floor":7.0},{"not_picked":["Redo","Steam"],"picked":"Beam Cell","floor":8.0},{"not_picked":["Redo","Cold Snap"],"picked":"Coolheaded","floor":10.0},{"not_picked":["Static Discharge","Streamline"],"picked":"Gash","floor":11.0},{"not_picked":["Gash","Ball Lightning"],"picked":"Finesse","floor":12.0},{"not_picked":["Recycle","Ball Lightning"],"picked":"Coolheaded","floor":14.0},{"not_picked":["Transmutation","Seek"],"picked":"Master of Strategy","floor":16.0},{"not_picked":["Purity","Go for the Eyes+1","Ball Lightning+1"],"picked":"SKIP","floor":18},{"not_picked":["Blind","Steam Power"],"picked":"Coolheaded+1","floor":19},{"not_picked":["Ball Lightning","Turbo+1","Beam Cell"],"picked":"SKIP","floor":20},{"not_picked":["Go for the Eyes","Steam+1"],"picked":"Auto Shields","floor":22},{"not_picked":["Rebound+1","Turbo"],"picked":"Hologram","floor":24},{"not_picked":["Ball Lightning","Hologram"],"picked":"Violence","floor":25},{"not_picked":["Forethought","Go for the Eyes"],"picked":"Rebound+1","floor":27},{"not_picked":["Beam Cell","Ball Lightning+1"],"picked":"Biased Cognition","floor":28},{"not_picked":["Redo","Forethought","Conserve Battery"],"picked":"SKIP","floor":31},{"not_picked":["Transmutation","Machine Learning"],"picked":"Apotheosis","floor":33},{"not_picked":["Stack","Leap+1","Sweeping Beam"],"picked":"SKIP","floor":35},{"not_picked":["Gash+1","Streamline"],"picked":"Compile Driver+1","floor":37},{"not_picked":["Deep Breath+1","Go for the Eyes"],"picked":"Dramatic Entrance","floor":38},{"not_picked":["Steam+1","Heatsinks"],"picked":"Finesse","floor":39},{"not_picked":["Undo+1","Forethought"],"picked":"Dramatic Entrance","floor":40},{"not_picked":["Forethought+1","Leap"],"picked":"Sweeping Beam","floor":41},{"not_picked":["Streamline+1","Go for the Eyes","Creative AI"],"picked":"SKIP","floor":42},{"not_picked":["Hologram","Purity"],"picked":"Discovery","floor":45},{"not_picked":["Stack","Good Instincts+1","Cold Snap"],"picked":"SKIP","floor":47},{"not_picked":["Steam","Compile Driver"],"picked":"Self Repair+1","floor":48}],"player_experience":63189,"relics_obtained":[{"floor":6.0,"key":"Dead Branch"},{"floor":8.0,"key":"War Paint"},{"floor":9.0,"key":"Dodecahedron"},{"floor":26,"key":"Cables"},{"floor":28,"key":"Darkstone Periapt"},{"floor":36,"key":"Orichalcum"},{"floor":42,"key":"MawBank"},{"floor":43,"key":"Incense Burner"}],"event_choices":[{"event_name":"Golden Shrine","player_choice":"Pray","floor":2.0,"damage_taken":0.0},{"event_name":"Forgotten Altar","player_choice":"Shed Blood","floor":21,"damage_taken":0},{"event_name":"Back to Basics","player_choice":"Simplicity","floor":30,"damage_taken":0},{"event_name":"Wheel of Change","player_choice":"Relic","floor":36,"damage_taken":0}],"is_beta":false,"boss_relics":[{"not_picked":["Snecko Eye","Lizard Tail"],"picked":"Sozu"},{"not_picked":["White Beast Statue","Velvet Choker"],"picked":"FrozenCore"}],"items_purged_floors":[44],"is_endless":false,"potions_floor_spawned":[4,7,8,12,14,20,22,27,39,40,42,45],"killed_by":"Time Eater","ascension_level":0}