{"gold_per_floor":[216,230,246,272,272,305,305,330,330,341,368,293,305,319,319,393,393,371,86,113,124,137,137,165,15,15,15,47,66,66,66,66,137,137,149,149,160,180,199,199,213,233,233,250,250,250,250,54,54,54,54],"floor_reached":52,"playtime":2803,"items_purged":["Strike_R","Strike_R"],"score":1828,"play_id":"d3150428-ce13-44ef-82ed-07830f67930b","local_time":"20190912091605","is_ascension_mode":true,"campfire_choices":[{"data":"Inflame","floor":7,"key":"SMITH"},{"data":"Armaments","floor":15,"key":"SMITH"},{"data":"Demon Form","floor":23,"key":"SMITH"},{"data":"Rage","floor":30,"key":"SMITH"},{"data":"Uppercut","floor":32,"key":"SMITH"},{"data":"Disarm","floor":40,"key":"SMITH"},{"data":"Corruption","floor":46,"key":"SMITH"},{"data":"Metallicize","floor":49,"key":"SMITH"}],"neow_cost":"NONE","seed_source_timestamp":2086303898799,"circlet_count":0,"master_deck":["AscendersBane","Strike_R","Strike_R","Defend_R","Defend_R","Defend_R","Defend_R","Bash","Anger","Inflame+1","Anger","Brutality+1","Shrug It Off","Shrug It Off","Reaper","Armaments+1","Demon Form+1","Uppercut+1","Whirlwind","Metallicize+1","Rage+1","Twin Strike","Limit Break","Disarm+1","Corruption+1","Disarm+1","Ghostly Armor+1","Shrug It Off","Pummel","Shrug It Off"],"relics":["Burning Blood","Anchor","FossilizedHelix","Centennial Puzzle","Happy Flower","Blue Candle","Pear","Coffee Dripper","Self Forming Clay","Red Mask","Meat on the Bone","Mercury Hourglass","Orrery","Ornamental Fan"],"potions_floor_usage":[8,11,16,20,28,28,29,50,51],"damage_taken":[{"damage":7,"enemies":"Cultist","floor":1,"turns":4},{"damage":4,"enemies":"Small Slimes","floor":2,"turns":3},{"damage":2,"enemies":"2 Louse","floor":3,"turns":4},{"damage":20,"enemies":"Lagavulin","floor":6,"turns":6},{"damage":10,"enemies":"3 Sentries","floor":8,"turns":7},{"damage":1,"enemies":"Exordium Wildlife","floor":10,"turns":3},{"damage":0,"enemies":"Gremlin Nob","floor":11,"turns":3},{"damage":0,"enemies":"2 Fungi Beasts","floor":13,"turns":3},{"damage":1,"enemies":"Looter","floor":14,"turns":3},{"damage":24,"enemies":"Slime Boss","floor":16,"turns":9},{"damage":13,"enemies":"2 Thieves","floor":18,"turns":4},{"damage":51,"enemies":"Masked Bandits","floor":20,"turns":6},{"damage":4,"enemies":"Chosen","floor":21,"turns":4},{"damage":27,"enemies":"Shelled Parasite and Fungi","floor":22,"turns":6},{"damage":12,"enemies":"Gremlin Leader","floor":24,"turns":5},{"damage":40,"enemies":"Slavers","floor":28,"turns":10},{"damage":3,"enemies":"Snake Plant","floor":29,"turns":4},{"damage":72,"enemies":"Automaton","floor":33,"turns":11},{"damage":15,"enemies":"Orb Walker","floor":35,"turns":4},{"damage":15,"enemies":"3 Shapes","floor":37,"turns":6},{"damage":11,"enemies":"Writhing Mass","floor":38,"turns":8},{"damage":67,"enemies":"Jaw Worm Horde","floor":39,"turns":7},{"damage":16,"enemies":"Sphere and 2 Shapes","floor":41,"turns":8},{"damage":9,"enemies":"Maw","floor":42,"turns":8},{"damage":32,"enemies":"4 Shapes","floor":44,"turns":8},{"damage":88,"enemies":"Time Eater","floor":50,"turns":13},{"damage":52,"enemies":"Donu and Deca","floor":51,"turns":8}],"seed_played":"4852820595030280055","potions_obtained":[{"floor":6,"key":"SkillPotion"},{"floor":8,"key":"Explosive Potion"},{"floor":11,"key":"Energy Potion"},{"floor":14,"key":"Weak Potion"},{"floor":21,"key":"Ancient Potion"},{"floor":24,"key":"Energy Potion"},{"floor":28,"key":"GamblersBrew"},{"floor":33,"key":"BloodPotion"},{"floor":38,"key":"BloodPotion"}],"is_trial":false,"path_per_floor":["M","M","M","T","?","E","R","E","T","M","E","?","M","M","R","B",null,"M","$","?","M","M","R","E","$","T","?","E","M","R","?","R","B",null,"M","?","M","M","M","R","M","M","T","M","?","R","?","$","R","B","B",null],"character_chosen":"IRONCLAD","items_purchased":["Self Forming Clay","Metallicize","Pummel","Shrug It Off"],"campfire_rested":0,"item_purchase_floors":[19,25,48,48],"current_hp_per_floor":[67,69,73,73,62,48,48,44,44,49,65,65,71,80,80,62,79,80,80,40,56,56,56,85,85,85,85,79,82,82,82,82,28,71,62,62,68,82,61,61,85,85,85,85,85,85,85,85,85,76,71],"gold":54,"neow_bonus":"HUNDRED_GOLD","is_prod":false,"is_daily":false,"chose_seed":false,"campfire_upgraded":8,"win_rate":0,"timestamp":1568304965,"path_taken":["M","M","M","?","?","E","R","E","T","M","E","?","M","M","R","BOSS","M","$","?","M","M","R","E","$","T","?","E","M","R","?","R","BOSS","M","?","M","M","M","R","M","?","T","M","?","R","?","$","R","BOSS","BOSS"],"build_version":"2019-07-17","purchased_purges":2,"victory":true,"max_hp_per_floor":[75,75,75,75,75,75,75,75,75,75,85,85,85,85,85,85,85,85,85,85,85,85,85,85,85,85,85,85,85,85,85,85,85,85,85,85,85,85,85,85,85,85,85,85,85,85,85,85,85,85,85],"card_choices":[{"not_picked":["Thunderclap","Intimidate"],"picked":"Anger","floor":1},{"not_picked":["Perfected Strike","Intimidate"],"picked":"Inflame","floor":2},{"not_picked":["Twin Strike","Clash"],"picked":"Anger","floor":3},{"not_picked":["Headbutt","Spot Weakness"],"picked":"Carnage","floor":6},{"not_picked":["Entrench","Corruption"],"picked":"Brutality","floor":8},{"not_picked":["Clash","Sword Boomerang"],"picked":"Shrug It Off","floor":10},{"not_picked":["Pommel Strike","Sentinel"],"picked":"Shrug It Off","floor":11},{"not_picked":["Evolve","Wild Strike"],"picked":"Reaper","floor":13},{"not_picked":["Headbutt","Wild Strike"],"picked":"Armaments","floor":14},{"not_picked":["Immolate","Exhume"],"picked":"Demon Form","floor":16},{"not_picked":["Clothesline","Anger+1","Headbutt"],"picked":"SKIP","floor":18},{"not_picked":["Perfected Strike","Rampage"],"picked":"Uppercut","floor":21},{"not_picked":["Whirlwind","Shockwave","Headbutt+1"],"picked":"SKIP","floor":22},{"not_picked":["Shockwave","Headbutt+1"],"picked":"Whirlwind","floor":22},{"not_picked":["Rampage","Carnage","Reckless Charge"],"picked":"SKIP","floor":24},{"not_picked":["Sword Boomerang","Wild Strike","Perfected Strike"],"picked":"SKIP","floor":28},{"not_picked":["Hemokinesis","Sword Boomerang"],"picked":"Twin Strike","floor":29},{"not_picked":["Berserk","Feed"],"picked":"Limit Break","floor":33},{"not_picked":["Twin Strike+1","Carnage"],"picked":"Disarm","floor":34},{"not_picked":["Twin Strike+1","Cleave"],"picked":"Corruption","floor":35},{"not_picked":["Limit Break","Metallicize"],"picked":"Disarm+1","floor":37},{"not_picked":["Sword Boomerang","Havoc"],"picked":"Ghostly Armor+1","floor":38},{"not_picked":["Spot Weakness","Whirlwind","Anger"],"picked":"SKIP","floor":39},{"not_picked":["True Grit","Thunderclap+1","Wild Strike+1"],"picked":"SKIP","floor":41},{"not_picked":["Corruption+1","Havoc"],"picked":"Shrug It Off","floor":42},{"not_picked":["Armaments","Clash","Sword Boomerang"],"picked":"SKIP","floor":44}],"player_experience":694636,"relics_obtained":[{"floor":4,"key":"Anchor"},{"floor":6,"key":"Centennial Puzzle"},{"floor":8,"key":"Happy Flower"},{"floor":9,"key":"Blue Candle"},{"floor":11,"key":"Pear"},{"floor":20,"key":"Red Mask"},{"floor":24,"key":"Meat on the Bone"},{"floor":28,"key":"Mercury Hourglass"},{"floor":43,"key":"Ornamental Fan"}],"event_choices":[{"damage_healed":0,"gold_gain":0,"player_choice":"Success","damage_taken":11,"relics_obtained":["FossilizedHelix"],"max_hp_gain":0,"max_hp_loss":0,"event_name":"Scrap Ooze","floor":5,"gold_loss":0},{"cards_removed":["Strike_R"],"damage_healed":0,"gold_gain":0,"player_choice":"Card Removal","damage_taken":0,"max_hp_gain":0,"max_hp_loss":0,"event_name":"The Cleric","floor":12,"gold_loss":75},{"damage_healed":0,"gold_gain":0,"player_choice":"Fought Bandits","damage_taken":0,"max_hp_gain":0,"max_hp_loss":0,"event_name":"Masked Bandits","floor":20,"gold_loss":0},{"damage_healed":0,"gold_gain":0,"player_choice":"Read","damage_taken":0,"max_hp_gain":0,"max_hp_loss":0,"event_name":"The Library","floor":27,"gold_loss":0,"cards_obtained":["Rage"]},{"damage_healed":0,"gold_gain":0,"player_choice":"Ignored","damage_taken":0,"max_hp_gain":0,"max_hp_loss":0,"event_name":"The Mausoleum","floor":31,"gold_loss":0},{"damage_healed":0,"gold_gain":0,"player_choice":"Forge","damage_taken":0,"max_hp_gain":0,"max_hp_loss":0,"event_name":"Accursed Blacksmith","floor":36,"gold_loss":0,"cards_upgraded":["Brutality"]},{"cards_removed":["Carnage"],"damage_healed":0,"gold_gain":0,"player_choice":"Removed Attack","damage_taken":0,"max_hp_gain":0,"max_hp_loss":0,"event_name":"Falling","floor":45,"gold_loss":0},{"damage_healed":0,"gold_gain":0,"player_choice":"Memory 1","damage_taken":0,"max_hp_gain":0,"max_hp_loss":0,"event_name":"SensoryStone","floor":47,"gold_loss":0}],"is_beta":false,"boss_relics":[{"not_picked":["Philosopher\u0027s Stone","Runic Cube"],"picked":"Coffee Dripper"},{"not_picked":["Eternal Feather","Velvet Choker"],"picked":"Orrery"}],"items_purged_floors":[25,48],"is_endless":false,"potions_floor_spawned":[6,8,11,14,21,24,28,33,38,39,42],"ascension_level":20}