{"gold_per_floor":[110,130,149,168,168,204,204,228,228,228],"floor_reached":10,"playtime":729,"items_purged":[],"score":84,"play_id":"07a53fb6-e0a9-4227-951f-34dbb1690bf9","local_time":"20190913200632","is_ascension_mode":true,"campfire_choices":[{"floor":7,"key":"REST"}],"neow_cost":"NONE","seed_source_timestamp":36383956073629,"circlet_count":0,"master_deck":["Strike_R","Strike_R","Strike_R","Strike_R","Strike_R","Defend_R","Defend_R","Defend_R","Defend_R","Bash","Cleave","Shrug It Off","Injury","Inflame","Armaments"],"relics":["Burning Blood","Juzu Bracelet","Golden Idol","Turnip","Ginger"],"potions_floor_usage":[6],"damage_taken":[{"damage":5,"enemies":"Jaw Worm","floor":1,"turns":6},{"damage":1,"enemies":"Cultist","floor":2,"turns":3},{"damage":0,"enemies":"Small Slimes","floor":3,"turns":2},{"damage":10,"enemies":"3 Louse","floor":4,"turns":4},{"damage":85,"enemies":"Lagavulin","floor":6,"turns":10},{"damage":13,"enemies":"Looter","floor":8,"turns":5},{"damage":32,"enemies":"3 Sentries","floor":10,"turns":7}],"seed_played":"-52929735495642622","potions_obtained":[{"floor":2,"key":"Regen Potion"}],"is_trial":false,"path_per_floor":["M","M","M","M","?","E","R","M","T","E"],"character_chosen":"IRONCLAD","items_purchased":[],"campfire_rested":1,"item_purchase_floors":[],"current_hp_per_floor":[80,80,80,76,76,12,36,29,29,0],"gold":228,"neow_bonus":"RANDOM_COMMON_RELIC","is_prod":false,"is_daily":false,"chose_seed":false,"campfire_upgraded":0,"win_rate":0,"timestamp":1568419592,"path_taken":["M","M","M","M","?","E","R","M","T","E"],"build_version":"2019-07-17","purchased_purges":0,"victory":false,"max_hp_per_floor":[80,80,80,80,80,80,80,80,80,80],"card_choices":[{"not_picked":["Anger","Blood for Blood"],"picked":"Cleave","floor":1},{"not_picked":["Bloodletting","Perfected Strike"],"picked":"Shrug It Off","floor":2},{"not_picked":["True Grit","Body Slam","Offering"],"picked":"SKIP","floor":3},{"not_picked":["Perfected Strike","Pommel Strike","Cleave"],"picked":"SKIP","floor":4},{"not_picked":["Evolve","Whirlwind"],"picked":"Inflame","floor":6},{"not_picked":["Warcry","Sword Boomerang"],"picked":"Armaments","floor":8}],"player_experience":328097,"relics_obtained":[{"floor":6,"key":"Turnip"},{"floor":9,"key":"Ginger"}],"event_choices":[{"damage_healed":0,"gold_gain":0,"player_choice":"Take Wound","damage_taken":0,"relics_obtained":["Golden Idol"],"max_hp_gain":0,"max_hp_loss":0,"event_name":"Golden Idol","floor":5,"gold_loss":0,"cards_obtained":["Injury"]}],"is_beta":false,"boss_relics":[],"items_purged_floors":[],"is_endless":false,"potions_floor_spawned":[2],"killed_by":"3 Sentries","ascension_level":4}