{"gold_per_floor":[109,109,120,70,70,70,102,102,102,136,146,60,73,84,84,187,187,187,187,187,97,97,97,97,97,97,97,97,97,97,97,97,97],"floor_reached":33,"playtime":2852,"items_purged":["Strike_B"],"score":524,"play_id":"dda31885-d499-4200-96b2-b697279780ee","local_time":"20190211220137","is_ascension_mode":true,"campfire_choices":[{"data":"Redo","floor":6,"key":"SMITH"},{"data":"Sunder","floor":8,"key":"SMITH"},{"data":"Double Energy","floor":15,"key":"SMITH"},{"data":"Beam Cell","floor":23,"key":"SMITH"},{"data":"Meteor Strike","floor":28,"key":"SMITH"},{"floor":30,"key":"REST"},{"data":"Hologram","floor":32,"key":"SMITH"}],"neow_cost":"NONE","seed_source_timestamp":449303674814878,"circlet_count":0,"master_deck":["AscendersBane","Strike_B","Strike_B","Defend_B","Defend_B+1","Defend_B","Zap","Dualcast+1","Redo+1","Auto Shields","Sunder+1","Beam Cell+1","Conserve Battery+1","Double Energy+1","Glacier","Sweeping Beam","Meteor Strike+1","Coolheaded+1","Genetic Algorithm+1","Streamline+1","Darkness+1","Hologram+1"],"relics":["Cracked Core","NeowsBlessing","Sundial","Smiling Mask","Matryoshka","Ancient Tea Set","Ectoplasm","Singing Bowl","War Paint","Pear","Bird Faced Urn"],"potions_floor_usage":[10,16,25,27,31,33],"damage_taken":[{"damage":0,"enemies":"Jaw Worm","floor":1,"turns":1},{"damage":0,"enemies":"Cultist","floor":3,"turns":1},{"damage":0,"enemies":"Gremlin Nob","floor":7,"turns":1},{"damage":1,"enemies":"3 Sentries","floor":10,"turns":6},{"damage":6,"enemies":"2 Louse","floor":11,"turns":2},{"damage":0,"enemies":"Gremlin Gang","floor":13,"turns":5},{"damage":2,"enemies":"Exordium Thugs","floor":14,"turns":3},{"damage":33,"enemies":"Slime Boss","floor":16,"turns":16},{"damage":1,"enemies":"Spheric Guardian","floor":18,"turns":3},{"damage":0,"enemies":"3 Byrds","floor":20,"turns":4},{"damage":0,"enemies":"Centurion and Healer","floor":22,"turns":7},{"damage":8,"enemies":"Sentry and Sphere","floor":24,"turns":5},{"damage":14,"enemies":"Gremlin Leader","floor":25,"turns":8},{"damage":0,"enemies":"Snecko","floor":27,"turns":1},{"damage":12,"enemies":"Cultist and Chosen","floor":29,"turns":5},{"damage":2,"enemies":"Book of Stabbing","floor":31,"turns":4},{"damage":69,"enemies":"Automaton","floor":33,"turns":8}],"seed_played":"4943879914661454126","potions_obtained":[{"floor":1,"key":"FearPotion"},{"floor":5,"key":"SkillPotion"},{"floor":5,"key":"Energy Potion"},{"floor":14,"key":"Dexterity Potion"},{"floor":24,"key":"SmokeBomb"},{"floor":25,"key":"FearPotion"},{"floor":31,"key":"Regen Potion"}],"is_trial":false,"path_per_floor":["M","?","M","?","?","R","E","R","T","E","M","$","M","M","R","B",null,"M","?","M","?","M","R","M","E","T","M","R","M","R","E","R","B"],"character_chosen":"DEFECT","items_purchased":["Double Energy"],"campfire_rested":1,"item_purchase_floors":[12],"current_hp_per_floor":[68,68,68,68,68,68,68,68,68,67,61,61,61,59,59,26,63,62,48,48,48,48,48,40,28,38,38,38,26,53,51,51,0],"gold":97,"neow_bonus":"THREE_ENEMY_KILL","is_prod":false,"is_daily":false,"chose_seed":false,"campfire_upgraded":6,"win_rate":0,"timestamp":1549951297,"path_taken":["M","?","?","?","?","R","E","R","T","E","?","$","M","M","R","BOSS","M","?","M","?","?","R","M","E","T","M","R","M","R","E","R","BOSS"],"build_version":"2019-01-23","purchased_purges":1,"victory":false,"max_hp_per_floor":[75,75,75,75,75,75,75,75,75,75,75,75,75,75,75,75,75,75,80,80,80,80,80,80,82,92,92,92,92,92,92,92,92],"card_choices":[{"not_picked":["Darkness","Tempest"],"picked":"Redo","floor":1},{"not_picked":["Scrape","Turbo"],"picked":"Auto Shields","floor":3},{"not_picked":["Chill","Hologram"],"picked":"Sunder","floor":7},{"not_picked":["Steam","All For One"],"picked":"Beam Cell","floor":10},{"not_picked":["Recycle","Barrage"],"picked":"Conserve Battery","floor":11},{"not_picked":["Turbo","Barrage"],"picked":"Glacier","floor":13},{"not_picked":["Defragment","Coolheaded"],"picked":"Sweeping Beam","floor":14},{"not_picked":["Biased Cognition","Buffer"],"picked":"Meteor Strike","floor":16},{"not_picked":["Cold Snap","Go for the Eyes"],"picked":"Coolheaded+1","floor":18},{"not_picked":["Defragment+1","Beam Cell"],"picked":"Genetic Algorithm+1","floor":20},{"not_picked":["Streamline","Stack+1","Chill"],"picked":"SKIP","floor":22},{"not_picked":["Ball Lightning","Cold Snap"],"picked":"Streamline+1","floor":24},{"not_picked":["Consume+1","Steam","Cold Snap+1"],"picked":"Singing Bowl","floor":25},{"not_picked":["Storm","Scrape"],"picked":"Darkness+1","floor":29},{"not_picked":["Chill","Skim"],"picked":"Hologram","floor":31}],"player_experience":593686,"relics_obtained":[{"floor":7,"key":"Smiling Mask"},{"floor":9,"key":"Matryoshka"},{"floor":10,"key":"Ancient Tea Set"},{"floor":25,"key":"Singing Bowl"},{"floor":26,"key":"War Paint"},{"floor":26,"key":"Pear"},{"floor":31,"key":"Bird Faced Urn"}],"event_choices":[{"damage_healed":0,"gold_gain":0,"player_choice":"Gave Potion","damage_taken":0,"relics_obtained":["Sundial"],"max_hp_gain":0,"max_hp_loss":0,"event_name":"WeMeetAgain","floor":2,"gold_loss":0},{"cards_removed":["Strike_B"],"damage_healed":0,"gold_gain":0,"player_choice":"Card Removal","damage_taken":0,"max_hp_gain":0,"max_hp_loss":0,"event_name":"The Cleric","floor":4,"gold_loss":50},{"damage_healed":0,"gold_gain":0,"player_choice":"Got Potions","damage_taken":0,"max_hp_gain":0,"max_hp_loss":0,"event_name":"Lab","floor":5,"gold_loss":0},{"damage_healed":0,"gold_gain":0,"player_choice":"Shed Blood","damage_taken":19,"max_hp_gain":5,"max_hp_loss":0,"event_name":"Forgotten Altar","floor":19,"gold_loss":0},{"cards_removed":["Defend_B"],"damage_healed":0,"gold_gain":0,"player_choice":"Upgrade and Remove","damage_taken":0,"max_hp_gain":0,"max_hp_loss":0,"event_name":"Designer","floor":21,"gold_loss":90,"cards_upgraded":["Defend_B"]}],"is_beta":false,"boss_relics":[{"not_picked":["Astrolabe","Pandora\u0027s Box"],"picked":"Ectoplasm"}],"items_purged_floors":[12],"is_endless":false,"potions_floor_spawned":[1,7,14,24,25,27,31],"killed_by":"Automaton","ascension_level":11}