{"gold_per_floor":[109,109,109,32,32,32,48,48,71,71,92,92,125,149,149,268,331,356,356,370,394,23,62,62,62],"floor_reached":25,"playtime":2335,"items_purged":[],"score":219,"play_id":"20e10e01-f8ff-4690-8930-607686ad72a6","local_time":"20190809233135","is_ascension_mode":false,"campfire_choices":[{"data":"Whirlwind","floor":6,"key":"SMITH"},{"data":"Flex","floor":10,"key":"SMITH"},{"data":"Spot Weakness","floor":12,"key":"SMITH"},{"data":"Bash","floor":15,"key":"SMITH"},{"data":"Seeing Red","floor":24,"key":"SMITH"}],"neow_cost":"NONE","seed_source_timestamp":137725556322185,"circlet_count":0,"master_deck":["Strike_R","Strike_R","Strike_R","Strike_R","Defend_R","Defend_R","Defend_R","Defend_R","Bash+1","Metallicize","Whirlwind+1","True Grit","Flex+1","Spot Weakness+1","Thunderclap+1","Metallicize+1","Demon Form+1","Blood for Blood","Seeing Red+1","RitualDagger","Fire Breathing+1","Heavy Blade","Bandage Up","Limit Break","Burning Pact"],"relics":["Burning Blood","Golden Idol","Ancient Tea Set","Frozen Egg 2","Tiny House","Happy Flower","Pantograph"],"potions_floor_usage":[13,16,23,25],"damage_taken":[{"damage":5,"enemies":"Jaw Worm","floor":1,"turns":4},{"damage":2,"enemies":"2 Louse","floor":7,"turns":3},{"damage":0,"enemies":"Cultist","floor":11,"turns":1},{"damage":27,"enemies":"Gremlin Nob","floor":13,"turns":4},{"damage":0,"enemies":"Large Slime","floor":14,"turns":4},{"damage":27,"enemies":"The Guardian","floor":16,"turns":10},{"damage":8,"enemies":"Chosen","floor":18,"turns":5},{"damage":27,"enemies":"Spheric Guardian","floor":20,"turns":6},{"damage":8,"enemies":"Cultist and Chosen","floor":21,"turns":3},{"damage":37,"enemies":"Book of Stabbing","floor":23,"turns":4},{"damage":38,"enemies":"Gremlin Leader","floor":25,"turns":5}],"seed_played":"3576957569887840450","potions_obtained":[{"floor":1,"key":"Explosive Potion"},{"floor":11,"key":"Swift Potion"},{"floor":17,"key":"GamblersBrew"},{"floor":21,"key":"SneckoOil"},{"floor":23,"key":"PowerPotion"}],"is_trial":false,"path_per_floor":["M","?","?","$","?","R","M","$","T","R","M","R","E","M","R","B",null,"M","?","M","M","$","E","R","E"],"character_chosen":"IRONCLAD","items_purchased":["Whirlwind","Bandage Up","Limit Break","Happy Flower"],"campfire_rested":0,"item_purchase_floors":[4,22,22,22],"current_hp_per_floor":[88,88,66,66,66,66,70,70,70,70,76,76,55,61,61,40,93,91,85,64,62,62,31,31,0],"gold":62,"neow_bonus":"TEN_PERCENT_HP_BONUS","is_prod":false,"is_daily":false,"chose_seed":false,"campfire_upgraded":5,"win_rate":0.0,"timestamp":1565407895,"path_taken":["M","?","?","$","?","R","?","?","T","R","M","R","E","M","R","BOSS","M","?","M","M","$","E","R","E"],"build_version":"2019-07-17","purchased_purges":0,"victory":false,"max_hp_per_floor":[88,88,88,88,88,88,88,88,88,88,88,88,88,88,88,88,93,93,93,93,93,93,93,93,93],"card_choices":[{"not_picked":["Seeing Red","Body Slam"],"picked":"Metallicize","floor":1},{"not_picked":["Reckless Charge","Twin Strike"],"picked":"Flex","floor":7},{"not_picked":["Headbutt","Anger"],"picked":"Spot Weakness","floor":11},{"not_picked":["Berserk","True Grit"],"picked":"Thunderclap","floor":13},{"not_picked":["Armaments","Headbutt"],"picked":"Metallicize+1","floor":14},{"not_picked":["Offering","Fiend Fire"],"picked":"Demon Form+1","floor":16},{"not_picked":["Reckless Charge","True Grit"],"picked":"Blood for Blood","floor":17},{"not_picked":["Infernal Blade","Blood for Blood"],"picked":"Seeing Red","floor":18},{"not_picked":["Body Slam","Thunderclap"],"picked":"Fire Breathing+1","floor":20},{"not_picked":["Feel No Pain+1","True Grit+1"],"picked":"Heavy Blade","floor":21},{"not_picked":["Blood for Blood","Sever Soul"],"picked":"Burning Pact","floor":23}],"player_experience":40821,"relics_obtained":[{"floor":9,"key":"Ancient Tea Set"},{"floor":13,"key":"Frozen Egg 2"},{"floor":23,"key":"Pantograph"}],"event_choices":[{"damage_healed":0,"gold_gain":0,"player_choice":"Ignored","damage_taken":0,"max_hp_gain":0,"max_hp_loss":0,"event_name":"Liars Game","floor":2,"gold_loss":0},{"damage_healed":0,"gold_gain":0,"player_choice":"Take Damage","damage_taken":22,"relics_obtained":["Golden Idol"],"max_hp_gain":0,"max_hp_loss":0,"event_name":"Golden Idol","floor":3,"gold_loss":0},{"damage_healed":0,"gold_gain":0,"cards_transformed":["Strike_R"],"player_choice":"Change","damage_taken":0,"max_hp_gain":0,"max_hp_loss":0,"event_name":"Living Wall","floor":5,"gold_loss":0,"cards_obtained":["True Grit"]},{"damage_healed":0,"gold_gain":0,"player_choice":"Joined the Cult","damage_taken":6,"max_hp_gain":0,"max_hp_loss":0,"event_name":"Nest","floor":19,"gold_loss":0,"cards_obtained":["RitualDagger"]}],"is_beta":false,"boss_relics":[{"not_picked":["Calling Bell","Eternal Feather"],"picked":"Tiny House"}],"items_purged_floors":[],"is_endless":false,"potions_floor_spawned":[1,11,21,23],"killed_by":"Gremlin Leader","ascension_level":0}