{"gold_per_floor":[114,114,46,58,10,10,37,37,37,37,53,65,77,103,103,200,200,214,214,225,225,225,225,258,15,42,42,42,57,57,69,69,69],"floor_reached":33,"playtime":2208,"items_purged":[],"score":343,"play_id":"862b1f3b-f01c-45fe-bb9a-792a5216c25a","local_time":"20190904203927","is_ascension_mode":true,"campfire_choices":[{"data":"Armaments","floor":6,"key":"SMITH"},{"data":"Flex","floor":8,"key":"SMITH"},{"data":"Searing Blow","floor":10,"key":"SMITH"},{"floor":15,"key":"REST"},{"floor":23,"key":"REST"},{"floor":27,"key":"REST"},{"data":"Limit Break","floor":30,"key":"SMITH"},{"data":"Flame Barrier","floor":32,"key":"SMITH"}],"neow_cost":"NONE","seed_source_timestamp":199071440914241,"circlet_count":0,"master_deck":["Strike_R+1","Strike_R+1","Strike_R+1","Defend_R+1","Defend_R+1","Defend_R+1","Bash","Iron Wave","Flex+1","Wild Strike","Armaments+1","Searing Blow+1","Cleave","Limit Break+1","Metallicize","Reaper","Intimidate","Sword Boomerang","Flame Barrier+1","Trip","Clash","Thunderclap+1"],"relics":["Burning Blood","NeowsBlessing","Blue Candle","StoneCalendar","Bottled Lightning","Empty Cage","Enchiridion","Nunchaku","Vajra","Pen Nib"],"potions_floor_usage":[12,14,16,18,20,20,24,24,33],"damage_taken":[{"damage":0,"enemies":"Small Slimes","floor":1,"turns":1},{"damage":0,"enemies":"Cultist","floor":4,"turns":1},{"damage":0,"enemies":"Gremlin Nob","floor":7,"turns":1},{"damage":2,"enemies":"Jaw Worm","floor":11,"turns":3},{"damage":5,"enemies":"Red Slaver","floor":12,"turns":4},{"damage":0,"enemies":"2 Fungi Beasts","floor":13,"turns":2},{"damage":20,"enemies":"3 Sentries","floor":14,"turns":6},{"damage":16,"enemies":"Slime Boss","floor":16,"turns":7},{"damage":37,"enemies":"Chosen","floor":18,"turns":6},{"damage":40,"enemies":"Shell Parasite","floor":20,"turns":5},{"damage":18,"enemies":"Gremlin Leader","floor":24,"turns":5},{"damage":12,"enemies":"Centurion and Healer","floor":29,"turns":7},{"damage":18,"enemies":"3 Cultists","floor":31,"turns":5},{"damage":117,"enemies":"Champ","floor":33,"turns":12}],"seed_played":"7618260500475348686","potions_obtained":[{"floor":4,"key":"Weak Potion"},{"floor":7,"key":"Energy Potion"},{"floor":12,"key":"Dexterity Potion"},{"floor":14,"key":"EntropicBrew"},{"floor":19,"key":"Energy Potion"},{"floor":19,"key":"Fire Potion"},{"floor":20,"key":"FairyPotion"}],"is_trial":false,"path_per_floor":["M","?","$","M","$","R","E","R","T","R","M","M","M","E","R","B",null,"M","?","M","?","?","R","E","$","T","R","$","M","R","M","R","B"],"character_chosen":"IRONCLAD","items_purchased":["Flex","Wild Strike","Weak Potion","Vajra","Trip"],"campfire_rested":3,"item_purchase_floors":[3,3,5,25,25],"current_hp_per_floor":[80,80,80,80,80,80,80,80,80,80,80,80,80,66,80,70,80,53,53,27,27,11,35,50,50,50,74,74,76,76,80,80,0],"gold":69,"neow_bonus":"THREE_ENEMY_KILL","is_prod":false,"is_daily":false,"chose_seed":false,"campfire_upgraded":5,"win_rate":0,"timestamp":1567643967,"path_taken":["M","?","$","M","$","R","E","R","T","R","?","M","M","E","R","BOSS","M","?","?","?","?","R","E","?","T","R","?","M","R","M","R","BOSS"],"build_version":"2019-07-17","purchased_purges":0,"victory":false,"max_hp_per_floor":[80,80,80,80,80,80,80,80,80,80,80,80,80,80,80,80,80,80,80,80,80,80,80,80,80,80,80,80,80,80,80,80,80],"card_choices":[{"not_picked":["Havoc","Fire Breathing"],"picked":"Iron Wave","floor":1},{"not_picked":["Infernal Blade","Evolve"],"picked":"Armaments","floor":4},{"not_picked":["Evolve","Clothesline"],"picked":"Searing Blow","floor":7},{"not_picked":["Perfected Strike","Clothesline","Wild Strike"],"picked":"SKIP","floor":11},{"not_picked":["Flex","Clash"],"picked":"Cleave","floor":12},{"not_picked":["Dual Wield","Headbutt"],"picked":"Limit Break","floor":13},{"not_picked":["Infernal Blade","Warcry"],"picked":"Metallicize","floor":14},{"not_picked":["Limit Break","Juggernaut"],"picked":"Reaper","floor":16},{"not_picked":["Rampage+1","Thunderclap"],"picked":"Intimidate","floor":18},{"not_picked":["Reckless Charge","Wild Strike"],"picked":"Sword Boomerang","floor":20},{"not_picked":["Clothesline","Shrug It Off"],"picked":"Flame Barrier","floor":24},{"not_picked":["Bludgeon","Seeing Red"],"picked":"Clash","floor":29},{"not_picked":["Clothesline+1","Fire Breathing"],"picked":"Thunderclap+1","floor":31}],"player_experience":305312,"relics_obtained":[{"floor":7,"key":"Blue Candle"},{"floor":9,"key":"StoneCalendar"},{"floor":14,"key":"Bottled Lightning"},{"floor":22,"key":"Enchiridion"},{"floor":24,"key":"Nunchaku"},{"floor":26,"key":"Pen Nib"}],"event_choices":[{"cards_removed":["Defend_R"],"damage_healed":0,"gold_gain":0,"player_choice":"Card Removal","damage_taken":0,"max_hp_gain":0,"max_hp_loss":0,"event_name":"Wheel of Change","floor":2,"gold_loss":0},{"damage_healed":0,"gold_gain":0,"player_choice":"Got Potions","damage_taken":0,"max_hp_gain":0,"max_hp_loss":0,"event_name":"Lab","floor":19,"gold_loss":0},{"damage_healed":0,"gold_gain":0,"player_choice":"Simplicity","damage_taken":0,"max_hp_gain":0,"max_hp_loss":0,"event_name":"Back to Basics","floor":21,"gold_loss":0,"cards_upgraded":["Strike_R","Strike_R","Strike_R","Defend_R","Defend_R","Defend_R"]},{"damage_healed":0,"gold_gain":0,"player_choice":"Obtained Book","damage_taken":16,"max_hp_gain":0,"max_hp_loss":0,"event_name":"Cursed Tome","floor":22,"gold_loss":0}],"is_beta":false,"boss_relics":[{"not_picked":["Coffee Dripper","Fusion Hammer"],"picked":"Empty Cage"}],"items_purged_floors":[],"is_endless":false,"potions_floor_spawned":[4,7,12,13,14,20],"killed_by":"Champ","ascension_level":3}