{"gold_per_floor":[119,44,58,58,58,101,125,125,151,151,151,11,36,67,67,160,160,173,173,3,28,48,48,66,410,484,484,484],"floor_reached":28,"playtime":1770,"items_purged":[],"score":515,"play_id":"3e9d5490-370f-493a-a7d5-450e601cbc72","local_time":"20190217121357","is_ascension_mode":true,"campfire_choices":[{"data":"Armaments","floor":8,"key":"SMITH"},{"data":"Metallicize","floor":10,"key":"SMITH"},{"data":"Uppercut","floor":15,"key":"SMITH"},{"data":"Immolate","floor":23,"key":"SMITH"},{"floor":27,"key":"REST"}],"neow_cost":"NONE","seed_source_timestamp":133042924660482,"circlet_count":0,"master_deck":["AscendersBane","Strike_R","Strike_R","Strike_R","Strike_R","Defend_R","Defend_R","Defend_R","Bash","Armaments+1","Headbutt","Metallicize+1","True Grit","Thunderclap","Rampage","Bandage Up","Uppercut+1","Juggernaut","Immolate+1","True Grit","Burning Pact","Dropkick+1","Infernal Blade+1","Shockwave","Juggernaut"],"relics":["Burning Blood","NeowsBlessing","Golden Idol","Boot","The Courier","Prayer Wheel","Mark of Pain","Nloth\u0027s Gift","TheAbacus","Old Coin","Blue Candle"],"potions_floor_usage":[13,16,18,21,24,25],"damage_taken":[{"damage":0,"enemies":"2 Louse","floor":1,"turns":1},{"damage":0,"enemies":"Small Slimes","floor":3,"turns":1},{"damage":0,"enemies":"3 Sentries","floor":6,"turns":1},{"damage":3,"enemies":"Cultist","floor":7,"turns":4},{"damage":2,"enemies":"Looter","floor":13,"turns":4},{"damage":30,"enemies":"Gremlin Nob","floor":14,"turns":4},{"damage":19,"enemies":"The Guardian","floor":16,"turns":10},{"damage":6,"enemies":"Spheric Guardian","floor":18,"turns":5},{"damage":18,"enemies":"Chosen","floor":21,"turns":4},{"damage":3,"enemies":"3 Cultists","floor":22,"turns":3},{"damage":22,"enemies":"Shelled Parasite and Fungi","floor":24,"turns":6},{"damage":58,"enemies":"Slavers","floor":25,"turns":6},{"damage":42,"enemies":"Chosen and Byrds","floor":28,"turns":3}],"seed_played":"7312595642713013840","potions_obtained":[{"floor":7,"key":"Block Potion"},{"floor":14,"key":"Regen Potion"},{"floor":16,"key":"SpeedPotion"},{"floor":18,"key":"Swift Potion"},{"floor":22,"key":"Explosive Potion"},{"floor":24,"key":"Fruit Juice"}],"is_trial":false,"path_per_floor":["M","?","M","?","?","E","M","R","T","R","?","$","M","E","R","B",null,"M","?","$","M","M","R","M","E","T","R","M"],"character_chosen":"IRONCLAD","items_purchased":["Rampage","Bandage Up","TheAbacus"],"campfire_rested":1,"item_purchase_floors":[12,12,20],"current_hp_per_floor":[74,74,75,49,38,44,47,47,47,47,47,47,55,35,35,41,67,71,71,71,63,66,66,61,13,13,37,0],"gold":484,"neow_bonus":"THREE_ENEMY_KILL","is_prod":false,"is_daily":false,"chose_seed":false,"campfire_upgraded":4,"win_rate":0,"timestamp":1550434437,"path_taken":["M","?","M","?","?","E","M","R","T","R","?","$","M","E","R","BOSS","M","?","$","M","M","R","?","E","T","R","M"],"build_version":"2019-01-23","purchased_purges":0,"victory":false,"max_hp_per_floor":[75,75,75,75,75,75,75,75,75,75,75,75,75,75,75,75,75,75,75,75,75,75,75,80,80,80,80,80],"card_choices":[{"not_picked":["Pommel Strike","Inflame"],"picked":"Armaments","floor":1},{"not_picked":["Sever Soul","Seeing Red"],"picked":"Headbutt","floor":3},{"not_picked":["Anger","Cleave"],"picked":"Metallicize","floor":6},{"not_picked":["Body Slam","Perfected Strike"],"picked":"True Grit","floor":7},{"not_picked":["Pommel Strike","Headbutt"],"picked":"Uppercut","floor":13},{"not_picked":["Headbutt","True Grit"],"picked":"Juggernaut","floor":14},{"not_picked":["Brutality","Offering"],"picked":"Immolate","floor":16},{"not_picked":["Thunderclap","Wild Strike"],"picked":"True Grit","floor":18},{"not_picked":["Twin Strike","Clash"],"picked":"Burning Pact","floor":18},{"not_picked":["Iron Wave","Flex"],"picked":"Dropkick+1","floor":21},{"not_picked":["Perfected Strike","Twin Strike","Brutality"],"picked":"SKIP","floor":21},{"not_picked":["Anger","Sentinel"],"picked":"Infernal Blade+1","floor":22},{"not_picked":["Sword Boomerang","Wild Strike"],"picked":"Shockwave","floor":22},{"not_picked":["Seeing Red","Sever Soul+1"],"picked":"Juggernaut","floor":24},{"not_picked":["Bludgeon","Flex+1","Warcry"],"picked":"SKIP","floor":24},{"not_picked":["Heavy Blade","Armaments","Iron Wave"],"picked":"SKIP","floor":25}],"player_experience":649680,"relics_obtained":[{"floor":6,"key":"The Courier"},{"floor":9,"key":"Potion Belt"},{"floor":14,"key":"Prayer Wheel"},{"floor":25,"key":"Old Coin"},{"floor":26,"key":"Blue Candle"}],"event_choices":[{"cards_removed":["Strike_R"],"damage_healed":0,"gold_gain":0,"player_choice":"Card Removal","damage_taken":0,"max_hp_gain":0,"max_hp_loss":0,"event_name":"The Cleric","floor":2,"gold_loss":75},{"damage_healed":0,"gold_gain":0,"player_choice":"Take Damage","damage_taken":26,"relics_obtained":["Golden Idol"],"max_hp_gain":0,"max_hp_loss":0,"event_name":"Golden Idol","floor":4,"gold_loss":0},{"damage_healed":0,"gold_gain":0,"player_choice":"Success","damage_taken":11,"relics_obtained":["Boot"],"max_hp_gain":0,"max_hp_loss":0,"event_name":"Scrap Ooze","floor":5,"gold_loss":0},{"damage_healed":0,"gold_gain":0,"cards_transformed":["Defend_R"],"player_choice":"Change","damage_taken":0,"max_hp_gain":0,"max_hp_loss":0,"event_name":"Living Wall","floor":11,"gold_loss":0,"cards_obtained":["Thunderclap"]},{"damage_healed":0,"gold_gain":0,"player_choice":"Traded Relic","damage_taken":0,"relics_obtained":["Nloth\u0027s Gift"],"max_hp_gain":0,"max_hp_loss":0,"event_name":"N\u0027loth","floor":19,"relics_lost":["Potion Belt"],"gold_loss":0}],"is_beta":false,"boss_relics":[{"not_picked":["Tiny House","Black Star"],"picked":"Mark of Pain"}],"items_purged_floors":[],"is_endless":false,"potions_floor_spawned":[7,14,16,18,22,24],"killed_by":"Chosen and Byrds","ascension_level":18}