{"gold_per_floor":[110,74,84,84,9,9,43,57,57,57,76,76,2,15,15,117,117,134,146,245,82,97,129,129,51,107,107,107,107,107,141,141,245,245,258,270,270,283,43,43,70,70,94,113,113,113,113,45,45,45],"floor_reached":51,"playtime":7312,"items_purged":["Strike_G"],"score":709,"play_id":"9f4eea46-b343-4071-9869-96f889230fe0","local_time":"20190816220000","is_ascension_mode":false,"campfire_choices":[{"data":"Crippling Poison","floor":6,"key":"SMITH"},{"data":"Footwork","floor":12,"key":"SMITH"},{"data":"Dagger Spray","floor":15,"key":"SMITH"},{"floor":24,"key":"REST"},{"data":"Catalyst","floor":27,"key":"SMITH"},{"data":"Malaise","floor":29,"key":"SMITH"},{"data":"Terror","floor":32,"key":"SMITH"},{"data":"Madness","floor":40,"key":"SMITH"},{"data":"Catalyst","floor":42,"key":"SMITH"},{"floor":45,"key":"REST"},{"data":"Blind","floor":47,"key":"SMITH"},{"data":"PanicButton","floor":49,"key":"SMITH"}],"neow_cost":"NONE","seed_source_timestamp":42347147142982,"circlet_count":0,"master_deck":["Strike_G","Strike_G","Defend_G","Defend_G","Defend_G","Defend_G","Defend_G","Survivor","Neutralize","Venomology","Crippling Poison+1","Footwork+1","Dagger Spray+1","Terror+1","Backflip","Prepared","Choke","Well Laid Plans+1","Malaise+1","Dagger Spray","Noxious Fumes+1","Magnetism+1","Acrobatics+1","Caltrops+1","Catalyst+1","Corpse Explosion","Crippling Poison","Bouncing Flask+1","Madness","Madness+1","Predator","Sadistic Nature+1","PiercingWail","Bane","Catalyst+1","Sadistic Nature+1","Blind+1","PanicButton+1","Noxious Fumes+1"],"relics":["Ring of the Snake","WingedGreaves","Frozen Egg 2","Velvet Choker","Bottled Lightning","Tiny Chest","Pantograph","Question Card","StoneCalendar","Busted Crown","Snake Skull","Ancient Tea Set"],"potions_floor_usage":[7,7,7,14,16,16,16,18,18,19,31,31,35,35,36,38,44,50,50,50],"damage_taken":[{"damage":0,"enemies":"Small Slimes","floor":1,"turns":5},{"damage":6,"enemies":"Cultist","floor":3,"turns":5},{"damage":10,"enemies":"3 Sentries","floor":7,"turns":10},{"damage":1,"enemies":"Jaw Worm","floor":8,"turns":4},{"damage":0,"enemies":"2 Fungi Beasts","floor":11,"turns":3},{"damage":2,"enemies":"Blue Slaver","floor":14,"turns":4},{"damage":33,"enemies":"Slime Boss","floor":16,"turns":15},{"damage":20,"enemies":"2 Thieves","floor":18,"turns":4},{"damage":0,"enemies":"Chosen","floor":19,"turns":6},{"damage":7,"enemies":"Centurion and Healer","floor":22,"turns":6},{"damage":11,"enemies":"Gremlin Leader","floor":23,"turns":6},{"damage":3,"enemies":"Slavers","floor":31,"turns":3},{"damage":19,"enemies":"Champ","floor":33,"turns":8},{"damage":9,"enemies":"3 Darklings","floor":35,"turns":3},{"damage":0,"enemies":"3 Shapes","floor":36,"turns":4},{"damage":0,"enemies":"Transient","floor":38,"turns":5},{"damage":6,"enemies":"Nemesis","floor":41,"turns":5},{"damage":13,"enemies":"Jaw Worm Horde","floor":44,"turns":3},{"damage":38,"enemies":"Donu and Deca","floor":50,"turns":6}],"seed_played":"5672212458103462890","potions_obtained":[{"floor":1,"key":"Energy Potion"},{"floor":11,"key":"AttackPotion"},{"floor":16,"key":"SkillPotion"},{"floor":23,"key":"Explosive Potion"},{"floor":35,"key":"Fire Potion"},{"floor":41,"key":"SteroidPotion"},{"floor":44,"key":"Swift Potion"}],"is_trial":false,"path_per_floor":["M","$","M","?","$","R","E","M","T","?","M","R","$","M","R","B",null,"M","M","?","$","M","E","R","$","T","R","T","R","?","E","R","B",null,"M","M","?","M","$","R","E","R","T","M","R","?","R","$","R","B",null],"character_chosen":"THE_SILENT","items_purchased":["Footwork","Well Laid Plans+1","Magnetism+1","Catalyst","Sadistic Nature+1","PiercingWail","Bane","Noxious Fumes+1"],"campfire_rested":2,"item_purchase_floors":[2,13,21,25,39,39,39,48],"current_hp_per_floor":[70,70,64,64,64,64,54,53,53,46,46,46,46,44,44,11,70,50,50,50,50,43,32,53,53,53,53,53,53,53,50,50,51,70,61,61,52,52,52,52,46,46,46,33,54,44,44,44,44,31],"gold":45,"neow_bonus":"ONE_RANDOM_RARE_CARD","is_prod":false,"is_daily":false,"chose_seed":false,"campfire_upgraded":10,"win_rate":0,"timestamp":1566007200,"path_taken":["M","$","M","?","?","R","E","M","T","?","M","R","$","M","R","BOSS","M","M","?","$","M","E","R","$","T","R","?","R","?","E","R","BOSS","M","?","?","M","$","R","E","R","T","M","R","?","R","?","R","BOSS"],"build_version":"2019-07-17","purchased_purges":1,"victory":true,"max_hp_per_floor":[70,70,70,70,70,70,70,70,70,70,70,70,70,70,70,70,70,70,70,70,70,70,70,70,70,70,70,70,70,70,70,70,70,70,70,70,70,70,70,70,70,70,70,70,70,70,70,70,70,70],"card_choices":[{"not_picked":["Blade Dance","Well Laid Plans"],"picked":"Crippling Poison","floor":1},{"not_picked":["Bane","Slice"],"picked":"Dagger Spray","floor":3},{"not_picked":["Expertise","Dodge and Roll"],"picked":"Backflip","floor":7},{"not_picked":["Flying Knee","Terror"],"picked":"Prepared","floor":8},{"not_picked":["Blade Dance","All Out Attack"],"picked":"Choke","floor":11},{"not_picked":["Underhanded Strike","Prepared","Deadly Poison"],"picked":"SKIP","floor":14},{"not_picked":["Venomology","Doppelganger"],"picked":"Malaise","floor":16},{"not_picked":["Underhanded Strike","Bane"],"picked":"Dagger Spray","floor":18},{"not_picked":["Choke","Outmaneuver+1"],"picked":"Noxious Fumes+1","floor":19},{"not_picked":["Escape Plan+1","Underhanded Strike"],"picked":"Acrobatics+1","floor":22},{"not_picked":["Skewer","Acrobatics+1"],"picked":"Caltrops+1","floor":23},{"not_picked":["Quick Slash","Escape Plan","All Out Attack","Blade Dance"],"picked":"SKIP","floor":31},{"not_picked":["Phantasmal Killer","Adrenaline","Malaise"],"picked":"Corpse Explosion","floor":33},{"not_picked":["Expertise+1"],"picked":"Crippling Poison","floor":35},{"not_picked":["Terror+1"],"picked":"Bouncing Flask+1","floor":36},{"not_picked":["Sucker Punch+1"],"picked":"Predator","floor":38},{"not_picked":["Noxious Fumes+1"],"picked":"Catalyst","floor":41},{"not_picked":["Quick Slash+1","Outmaneuver+1"],"picked":"SKIP","floor":44},{"not_picked":["Swift Strike"],"picked":"Sadistic Nature+1","floor":46},{"not_picked":["Good Instincts"],"picked":"Blind","floor":46},{"not_picked":["Finesse"],"picked":"PanicButton","floor":46}],"player_experience":89471,"relics_obtained":[{"floor":7,"key":"WingedGreaves"},{"floor":9,"key":"Frozen Egg 2"},{"floor":23,"key":"Bottled Lightning"},{"floor":26,"key":"Tiny Chest"},{"floor":28,"key":"Pantograph"},{"floor":30,"key":"Question Card"},{"floor":31,"key":"StoneCalendar"},{"floor":41,"key":"Snake Skull"},{"floor":43,"key":"Ancient Tea Set"}],"event_choices":[{"damage_healed":0,"gold_gain":0,"cards_transformed":["Strike_G"],"player_choice":"Transformed","damage_taken":0,"max_hp_gain":0,"max_hp_loss":0,"event_name":"Transmorgrifier","floor":4,"gold_loss":0,"cards_obtained":["Terror"]},{"cards_removed":["Strike_G"],"damage_healed":0,"gold_gain":0,"player_choice":"Card Removal","damage_taken":7,"max_hp_gain":0,"max_hp_loss":0,"event_name":"Golden Wing","floor":10,"gold_loss":0},{"damage_healed":0,"gold_gain":99,"player_choice":"Stole From Cult","damage_taken":0,"max_hp_gain":0,"max_hp_loss":0,"event_name":"Nest","floor":20,"gold_loss":0},{"damage_healed":0,"gold_gain":0,"player_choice":"Relic","damage_taken":0,"max_hp_gain":0,"max_hp_loss":0,"event_name":"Wheel of Change","floor":30,"gold_loss":0},{"damage_healed":0,"gold_gain":0,"player_choice":"Embrace Madness","damage_taken":9,"max_hp_gain":0,"max_hp_loss":0,"event_name":"Winding Halls","floor":37,"gold_loss":0,"cards_obtained":["Madness","Madness"]},{"damage_healed":0,"gold_gain":0,"player_choice":"Memory 3","damage_taken":10,"max_hp_gain":0,"max_hp_loss":0,"event_name":"SensoryStone","floor":46,"gold_loss":0}],"is_beta":false,"boss_relics":[{"not_picked":["Eternal Feather","WristBlade"],"picked":"Velvet Choker"},{"not_picked":["Black Star","Coffee Dripper"],"picked":"Busted Crown"}],"items_purged_floors":[5],"is_endless":false,"potions_floor_spawned":[1,11,16,23,35,41,44],"ascension_level":0}