{"gold_per_floor":[19,19,19,35,49,49,79,94,119,194,228,228,51,51,51,153,153,172,184,212,212,227,227,241,261,261,176,176,211,211,226,226,328,328,328,345,567,584,584,584],"floor_reached":40,"playtime":4210,"items_purged":["Strike_R"],"score":562,"play_id":"2612f3ea-371a-4bd1-8002-6e0f380ab745","local_time":"20190103162656","is_ascension_mode":true,"campfire_choices":[{"data":"Pommel Strike","floor":6,"key":"SMITH"},{"data":"Armaments","floor":12,"key":"SMITH"},{"data":"Shockwave","floor":15,"key":"SMITH"},{"floor":23,"key":"REST"},{"floor":30,"key":"REST"},{"data":"True Grit","floor":32,"key":"SMITH"}],"neow_cost":"NO_GOLD","seed_source_timestamp":299867866679945,"circlet_count":0,"master_deck":["Strike_R","Strike_R","Strike_R","Strike_R","Defend_R","Defend_R","Defend_R","Defend_R","Bash+1","Cleave","Ghostly Armor","Pommel Strike+1","Armaments+1","True Grit+1","Shockwave+1","Iron Wave","Juggernaut","Shrug It Off","Reckless Charge+1","Ghostly Armor","Impervious","Corruption","True Grit","Second Wind+1","Reaper","Disarm+1","Anger+1","Flex+1","Shockwave"],"relics":["Burning Blood","FossilizedHelix","Regal Pillow","Vajra","Blood Vial","Ornamental Fan","Mark of Pain","Red Mask","Orichalcum","Prayer Wheel","Mummified Hand","Self Forming Clay","Runic Pyramid"],"potions_floor_usage":[11,11,20,33,35],"damage_taken":[{"damage":0,"enemies":"Jaw Worm","floor":1,"turns":2},{"damage":0,"enemies":"Cultist","floor":4,"turns":3},{"damage":0,"enemies":"2 Louse","floor":5,"turns":3},{"damage":30,"enemies":"3 Sentries","floor":7,"turns":8},{"damage":0,"enemies":"Looter","floor":8,"turns":4},{"damage":7,"enemies":"Lagavulin","floor":11,"turns":6},{"damage":17,"enemies":"The Guardian","floor":16,"turns":14},{"damage":2,"enemies":"3 Byrds","floor":18,"turns":5},{"damage":0,"enemies":"Chosen","floor":19,"turns":6},{"damage":62,"enemies":"Masked Bandits","floor":20,"turns":7},{"damage":26,"enemies":"3 Cultists","floor":22,"turns":6},{"damage":6,"enemies":"Centurion and Healer","floor":24,"turns":6},{"damage":6,"enemies":"Shelled Parasite and Fungi","floor":25,"turns":8},{"damage":10,"enemies":"Colosseum Slavers","floor":28,"turns":5},{"damage":45,"enemies":"Slavers","floor":29,"turns":10},{"damage":16,"enemies":"Chosen and Byrds","floor":31,"turns":8},{"damage":59,"enemies":"Collector","floor":33,"turns":13},{"damage":0,"enemies":"3 Shapes","floor":35,"turns":3},{"damage":0,"enemies":"Orb Walker","floor":36,"turns":4},{"damage":24,"enemies":"4 Shapes","floor":38,"turns":10},{"damage":110,"enemies":"Giant Head","floor":40,"turns":10}],"seed_played":"-553674592181766742","potions_obtained":[{"floor":7,"key":"BloodPotion"},{"floor":8,"key":"SkillPotion"},{"floor":11,"key":"Regen Potion"},{"floor":20,"key":"Ancient Potion"},{"floor":29,"key":"FairyPotion"},{"floor":31,"key":"Poison Potion"},{"floor":33,"key":"SmokeBomb"}],"is_trial":false,"path_per_floor":["M","?","$","M","M","R","E","M","T","?","E","R","$","?","R","B",null,"M","M","?","?","M","R","M","M","T","?","?","E","R","M","R","B",null,"M","M","?","M","?","E"],"character_chosen":"IRONCLAD","items_purchased":["Shockwave","Iron Wave"],"campfire_rested":2,"item_purchase_floors":[13,13],"current_hp_per_floor":[78,78,78,80,80,80,56,62,62,51,58,58,58,51,51,42,71,77,80,36,36,18,57,59,61,61,61,59,22,61,53,53,14,64,72,80,80,70,70,0],"gold":584,"neow_bonus":"ONE_RARE_RELIC","is_prod":false,"is_daily":false,"chose_seed":false,"campfire_upgraded":4,"win_rate":0,"timestamp":1546561616,"path_taken":["M","?","?","M","M","R","E","M","T","?","E","R","$","?","R","BOSS","M","M","?","?","M","R","M","?","T","?","?","E","R","M","R","BOSS","M","M","?","M","?","E"],"build_version":"2018-12-20","purchased_purges":1,"victory":false,"max_hp_per_floor":[80,80,80,80,80,80,80,80,80,80,80,80,80,80,80,80,80,80,80,80,80,80,80,80,80,80,80,80,80,80,80,80,80,80,80,80,80,80,80,80],"card_choices":[{"not_picked":["Headbutt","Clash"],"picked":"Cleave","floor":1},{"not_picked":["Cleave","Body Slam"],"picked":"Ghostly Armor","floor":4},{"not_picked":["Wild Strike","Heavy Blade"],"picked":"Pommel Strike","floor":5},{"not_picked":["Blood for Blood","Dual Wield"],"picked":"Armaments","floor":7},{"not_picked":["Armaments","Bludgeon","Sword Boomerang"],"picked":"SKIP","floor":8},{"not_picked":["Feel No Pain","Combust"],"picked":"True Grit","floor":11},{"not_picked":["Exhume","Bludgeon"],"picked":"Juggernaut","floor":16},{"not_picked":["Warcry+1","Pummel"],"picked":"Havoc","floor":18},{"not_picked":["Entrench","Carnage","Sword Boomerang"],"picked":"SKIP","floor":19},{"not_picked":["Sword Boomerang","Havoc+1"],"picked":"Shrug It Off","floor":20},{"not_picked":["Cleave","Thunderclap"],"picked":"Reckless Charge+1","floor":22},{"not_picked":["Perfected Strike+1","Sword Boomerang"],"picked":"Ghostly Armor","floor":24},{"not_picked":["Clothesline","Dropkick"],"picked":"Impervious","floor":25},{"not_picked":["Shrug It Off+1","Body Slam+1"],"picked":"Corruption","floor":29},{"not_picked":["Shrug It Off","Armaments"],"picked":"True Grit","floor":31},{"not_picked":["Blood for Blood+1","Iron Wave"],"picked":"Second Wind+1","floor":31},{"not_picked":["Berserk","Juggernaut"],"picked":"Reaper","floor":33},{"not_picked":["Shrug It Off","Anger"],"picked":"Disarm+1","floor":36},{"not_picked":["Sword Boomerang+1","Headbutt+1"],"picked":"Anger+1","floor":36},{"not_picked":["Evolve","Clothesline"],"picked":"Flex+1","floor":38},{"not_picked":["Clash","Battle Trance+1"],"picked":"Shockwave","floor":38}],"player_experience":334139,"relics_obtained":[{"floor":7,"key":"Regal Pillow"},{"floor":9,"key":"Vajra"},{"floor":11,"key":"Blood Vial"},{"floor":20,"key":"Red Mask"},{"floor":26,"key":"Prayer Wheel"},{"floor":29,"key":"Self Forming Clay"}],"event_choices":[{"damage_healed":0,"gold_gain":0,"player_choice":"Upgraded","damage_taken":0,"max_hp_gain":0,"max_hp_loss":0,"event_name":"Upgrade Shrine","floor":2,"gold_loss":0,"cards_upgraded":["Bash"]},{"damage_healed":0,"gold_gain":75,"player_choice":"Gather Gold","damage_taken":11,"max_hp_gain":0,"max_hp_loss":0,"event_name":"World of Goop","floor":10,"gold_loss":0},{"damage_healed":0,"gold_gain":0,"player_choice":"Success","damage_taken":7,"relics_obtained":["Ornamental Fan"],"max_hp_gain":0,"max_hp_loss":0,"event_name":"Scrap Ooze","floor":14,"gold_loss":0},{"damage_healed":0,"gold_gain":0,"player_choice":"Fought Bandits","damage_taken":0,"max_hp_gain":0,"max_hp_loss":0,"event_name":"Masked Bandits","floor":20,"gold_loss":0},{"damage_healed":0,"gold_gain":0,"player_choice":"Gave Potion","damage_taken":0,"relics_obtained":["Orichalcum"],"max_hp_gain":0,"max_hp_loss":0,"event_name":"WeMeetAgain","floor":21,"gold_loss":0},{"damage_healed":0,"gold_gain":0,"player_choice":"Obtained Relic","damage_taken":0,"relics_obtained":["Mummified Hand"],"max_hp_gain":0,"max_hp_loss":0,"event_name":"Addict","floor":27,"gold_loss":85},{"damage_healed":0,"gold_gain":0,"player_choice":"Fight","damage_taken":0,"max_hp_gain":0,"max_hp_loss":0,"event_name":"Colosseum","floor":28,"gold_loss":0},{"damage_healed":0,"gold_gain":0,"player_choice":"Fled From Nobs","damage_taken":0,"max_hp_gain":0,"max_hp_loss":0,"event_name":"Colosseum","floor":28,"gold_loss":0},{"damage_healed":0,"gold_gain":222,"player_choice":"Wore Mask","damage_taken":0,"max_hp_gain":0,"max_hp_loss":0,"event_name":"Tomb of Lord Red Mask","floor":37,"gold_loss":0},{"cards_removed":["Havoc"],"damage_healed":0,"gold_gain":0,"player_choice":"Removed Skill","damage_taken":0,"max_hp_gain":0,"max_hp_loss":0,"event_name":"Falling","floor":39,"gold_loss":0}],"is_beta":false,"boss_relics":[{"not_picked":["Busted Crown","Runic Dome"],"picked":"Mark of Pain"},{"not_picked":["Orrery","Fusion Hammer"],"picked":"Runic Pyramid"}],"items_purged_floors":[13],"is_endless":false,"potions_floor_spawned":[7,8,11,20,28,29,31,33,35],"killed_by":"Giant Head","ascension_level":7}