{"gold_per_floor":[119,31,47,65,65,90,111,129,202,202,229,241,251,326,326,429,429,429,429,429,429,429,429,429,429,429,429,429,429,429,429,429,429,429,429,429,429,429,429,429,429],"floor_reached":41,"playtime":12782,"items_purged":[],"score":427,"play_id":"375ee06b-883c-4c8f-8b47-963cec76dde7","local_time":"20190629150806","is_ascension_mode":false,"campfire_choices":[{"floor":10.0,"key":"REST"},{"floor":15.0,"key":"REST"},{"data":"Armaments","floor":23,"key":"SMITH"},{"floor":25,"key":"REST"},{"data":"Flex","floor":27,"key":"SMITH"},{"floor":32,"key":"REST"},{"floor":40,"key":"REST"}],"neow_cost":"NONE","seed_source_timestamp":0,"circlet_count":0,"master_deck":["Strike_R","Strike_R","Strike_R","Strike_R+1","Strike_R","Defend_R","Defend_R","Defend_R","Defend_R","Seeing Red","Swift Strike","Reckless Charge","Perfected Strike","Armaments+1","Inflame","Pummel","Flex","Pommel Strike","Thunderclap","Offering","Cleave+1","Clothesline+1","Battle Trance","Power Through+1","Flex+1","Double Tap","Headbutt","Anger","Double Tap","Body Slam","Madness","Madness","Hemokinesis+1","Body Slam+1"],"special_seed":0,"relics":["Burning Blood","Bird Faced Urn","Odd Mushroom","Meat on the Bone","Whetstone","Ectoplasm","Potion Belt","Bag of Marbles","Happy Flower","Runic Pyramid"],"potions_floor_usage":[33,41],"damage_taken":[{"damage":7.0,"enemies":"2 Louse","floor":1.0,"turns":2.0},{"damage":1.0,"enemies":"Jaw Worm","floor":3.0,"turns":3.0},{"damage":0.0,"enemies":"Small Slimes","floor":4.0,"turns":3.0},{"damage":14.0,"enemies":"Gremlin Nob","floor":6.0,"turns":3.0},{"damage":12.0,"enemies":"The Mushroom Lair","floor":7.0,"turns":4.0},{"damage":10.0,"enemies":"Exordium Wildlife","floor":8.0,"turns":4.0},{"damage":26.0,"enemies":"3 Sentries","floor":11.0,"turns":8.0},{"damage":5.0,"enemies":"Looter","floor":12.0,"turns":3.0},{"damage":7.0,"enemies":"2 Fungi Beasts","floor":13.0,"turns":2.0},{"damage":70.0,"enemies":"The Guardian","floor":16.0,"turns":10.0},{"damage":6.0,"enemies":"3 Byrds","floor":18.0,"turns":4.0},{"damage":5.0,"enemies":"Chosen","floor":19.0,"turns":4.0},{"damage":18.0,"enemies":"Shelled Parasite and Fungi","floor":20.0,"turns":3.0},{"damage":8,"enemies":"Chosen and Byrds","floor":22,"turns":4},{"damage":13,"enemies":"3 Cultists","floor":24,"turns":4},{"damage":41,"enemies":"Slavers","floor":28,"turns":5},{"damage":14,"enemies":"Snecko","floor":30,"turns":5},{"damage":18,"enemies":"Centurion and Healer","floor":31,"turns":2},{"damage":75,"enemies":"Champ","floor":33,"turns":12},{"damage":3,"enemies":"Orb Walker","floor":35,"turns":3},{"damage":41,"enemies":"3 Darklings","floor":37,"turns":3},{"damage":41,"enemies":"Spire Growth","floor":39,"turns":4},{"damage":61,"enemies":"Nemesis","floor":41,"turns":5}],"seed_played":"4441946475043383318","potions_obtained":[{"floor":1.0,"key":"Swift Potion"},{"floor":6.0,"key":"PowerPotion"},{"floor":8.0,"key":"SkillPotion"},{"floor":12.0,"key":"AttackPotion"},{"floor":13.0,"key":"SteroidPotion"},{"floor":22,"key":"PowerPotion"},{"floor":24,"key":"FearPotion"},{"floor":30,"key":"Energy Potion"},{"floor":37,"key":"Weak Potion"},{"floor":39,"key":"Strength Potion"}],"is_trial":false,"path_per_floor":["M","$","M","M","$","E","?","M","T","R","E","M","M","?","R","B",null,"M","M","M","?","M","R","M","R","T","R","E","T","M","M","R","B",null,"M","?","M","?","M","R","E"],"character_chosen":"IRONCLAD","items_purchased":["Swift Strike"],"campfire_rested":5,"item_purchase_floors":[2],"current_hp_per_floor":[87,87,88,88,88,80,74,70,70,88,68,71,70,59,85,35,88,88,88,76,76,76,76,71,88,88,88,53,53,57,57,83,30,88,88,77,54,54,31,57,0],"gold":429,"neow_bonus":"TEN_PERCENT_HP_BONUS","is_prod":false,"is_daily":false,"chose_seed":false,"campfire_upgraded":2,"win_rate":0.0,"timestamp":1561835286,"path_taken":["M","$","M","M","$","E","?","M","T","R","E","M","M","?","R","BOSS","M","M","M","?","M","R","M","R","T","R","E","?","M","M","R","BOSS","M","?","M","?","M","R","E"],"build_version":"2019-01-23","purchased_purges":0,"victory":false,"max_hp_per_floor":[88,88,88,88,88,88,88,88,88,88,88,88,88,88,88,88,88,88,88,88,88,88,88,88,88,88,88,88,88,88,88,88,88,88,88,88,88,88,88,88,88],"card_choices":[{"not_picked":["Armaments","Thunderclap"],"picked":"Seeing Red","floor":1.0},{"not_picked":["Headbutt","Infernal Blade"],"picked":"Reckless Charge","floor":3.0},{"not_picked":["Flex","Dropkick"],"picked":"Perfected Strike","floor":4.0},{"not_picked":["Flame Barrier","Dual Wield"],"picked":"Armaments","floor":6.0},{"not_picked":["Dual Wield","Uppercut"],"picked":"Inflame","floor":7.0},{"not_picked":["Intimidate","Searing Blow"],"picked":"Pummel","floor":8.0},{"not_picked":["Offering","Dual Wield"],"picked":"Flex","floor":11.0},{"not_picked":["Anger","Warcry"],"picked":"Pommel Strike","floor":12.0},{"not_picked":["Power Through","Sword Boomerang"],"picked":"Thunderclap","floor":13.0},{"not_picked":["Berserk","Fiend Fire"],"picked":"Offering","floor":16.0},{"not_picked":["Pummel","Anger+1"],"picked":"Cleave+1","floor":18.0},{"not_picked":["Armaments","Blood for Blood"],"picked":"Clothesline+1","floor":19.0},{"not_picked":["Iron Wave","Infernal Blade"],"picked":"Power Through+1","floor":22},{"not_picked":["Iron Wave","Inflame"],"picked":"Flex","floor":24},{"not_picked":["Perfected Strike","Pummel"],"picked":"Double Tap","floor":28},{"not_picked":["Cleave","Shrug It Off"],"picked":"Headbutt","floor":30},{"not_picked":["Clothesline","Armaments"],"picked":"Anger","floor":31},{"not_picked":["Offering","Juggernaut"],"picked":"Double Tap","floor":33},{"not_picked":["Shrug It Off","Flex"],"picked":"Body Slam","floor":35},{"not_picked":["Shrug It Off+1","Sever Soul"],"picked":"Hemokinesis+1","floor":37},{"not_picked":["Twin Strike","Clothesline"],"picked":"Body Slam+1","floor":39}],"player_experience":909,"relics_obtained":[{"floor":6.0,"key":"Bird Faced Urn"},{"floor":7.0,"key":"Odd Mushroom"},{"floor":9.0,"key":"Meat on the Bone"},{"floor":11.0,"key":"Whetstone"},{"floor":26,"key":"Potion Belt"},{"floor":28,"key":"Bag of Marbles"},{"floor":29,"key":"Happy Flower"}],"event_choices":[{"damage_healed":0.0,"max_hp_gain":0.0,"max_hp_loss":0.0,"gold_gain":0.0,"event_name":"Mushrooms","player_choice":"Fought Mushrooms","floor":7.0,"gold_loss":0.0,"damage_taken":0.0},{"damage_healed":0.0,"max_hp_gain":0.0,"max_hp_loss":0.0,"gold_gain":75.0,"event_name":"World of Goop","player_choice":"Gather Gold","floor":14.0,"gold_loss":0.0,"damage_taken":11.0},{"damage_healed":0,"gold_gain":0,"player_choice":"Read","damage_taken":0,"max_hp_gain":0,"max_hp_loss":0,"event_name":"The Library","floor":21,"gold_loss":0,"cards_obtained":["Battle Trance"]},{"damage_healed":0,"gold_gain":0,"player_choice":"Embrace Madness","damage_taken":11,"max_hp_gain":0,"max_hp_loss":0,"event_name":"Winding Halls","floor":36,"gold_loss":0,"cards_obtained":["Madness","Madness"]},{"cards_removed":["Bash"],"damage_healed":0,"gold_gain":0,"player_choice":"Removed Attack","damage_taken":0,"max_hp_gain":0,"max_hp_loss":0,"event_name":"Falling","floor":38,"gold_loss":0}],"is_beta":false,"boss_relics":[{"not_picked":["Black Blood","Lizard Tail"],"picked":"Ectoplasm"},{"not_picked":["Busted Crown","Tiny House"],"picked":"Runic Pyramid"}],"items_purged_floors":[],"is_endless":false,"potions_floor_spawned":[1,6,8,12,13,20,22,24,30,37,39],"killed_by":"Nemesis","ascension_level":0}