{"gold_per_floor":[111,130,24,42,55,55,68,68,114,114,129,129,129,129],"floor_reached":14,"playtime":764,"items_purged":[],"score":156,"play_id":"90893844-bcdc-41f4-a2fd-d3e9c5ae940b","local_time":"20190406184938","is_ascension_mode":true,"campfire_choices":[{"data":"Coolheaded","floor":6,"key":"SMITH"},{"data":"Steam","floor":8,"key":"SMITH"},{"data":"Zap","floor":10,"key":"SMITH"},{"data":"Beam Cell","floor":12,"key":"SMITH"}],"neow_cost":"NONE","seed_source_timestamp":334589988209598,"circlet_count":0,"master_deck":["AscendersBane","Strike_B","Strike_B","Strike_B","Defend_B","Defend_B","Defend_B","Defend_B","Zap+1","Dualcast","Steam+1","Beam Cell+1","Coolheaded+1","Beam Cell","Cold Snap"],"relics":["Busted Crown","DataDisk"],"potions_floor_usage":[5,5,11],"damage_taken":[{"damage":7,"enemies":"Small Slimes","floor":1,"turns":3},{"damage":0,"enemies":"Cultist","floor":2,"turns":4},{"damage":0,"enemies":"2 Louse","floor":4,"turns":3},{"damage":5,"enemies":"Blue Slaver","floor":5,"turns":3},{"damage":15,"enemies":"Large Slime","floor":7,"turns":5},{"damage":0,"enemies":"Lots of Slimes","floor":11,"turns":5},{"damage":43,"enemies":"Gremlin Nob","floor":14,"turns":4}],"seed_played":"-1397470844649894827","potions_obtained":[{"floor":4,"key":"GamblersBrew"},{"floor":5,"key":"Fruit Juice"},{"floor":7,"key":"SkillPotion"}],"is_trial":false,"path_per_floor":["M","M","$","M","M","R","M","R","T","R","M","R","?","E"],"character_chosen":"DEFECT","items_purchased":["Beam Cell","Coolheaded"],"campfire_rested":0,"item_purchase_floors":[3,3],"current_hp_per_floor":[57,57,57,57,57,57,42,42,42,42,42,42,42,0],"gold":129,"neow_bonus":"BOSS_RELIC","is_prod":false,"is_daily":false,"chose_seed":false,"campfire_upgraded":4,"win_rate":0,"timestamp":1554590978,"path_taken":["M","M","$","M","M","R","M","R","T","R","M","R","?","E"],"build_version":"2019-01-23","purchased_purges":0,"victory":false,"max_hp_per_floor":[71,71,71,71,76,76,76,76,76,76,76,76,76,76],"card_choices":[{"not_picked":["Stack"],"picked":"SKIP","floor":1},{"not_picked":[],"picked":"Steam","floor":2},{"not_picked":[],"picked":"Beam Cell","floor":4},{"not_picked":["Rebound"],"picked":"SKIP","floor":5},{"not_picked":["Stack"],"picked":"SKIP","floor":7},{"not_picked":[],"picked":"Cold Snap","floor":11}],"player_experience":826286,"relics_obtained":[{"floor":9,"key":"DataDisk"}],"event_choices":[{"cards_removed":["Strike_B"],"damage_healed":0,"gold_gain":0,"player_choice":"Offered Basic","damage_taken":0,"max_hp_gain":0,"max_hp_loss":0,"event_name":"Bonfire Elementals","floor":13,"gold_loss":0}],"is_beta":false,"boss_relics":[],"items_purged_floors":[],"is_endless":false,"potions_floor_spawned":[4,5,7],"killed_by":"Gremlin Nob","ascension_level":18}