{"gold_per_floor":[115,115,265,162,162,193,212,239,239,57,57,71,71,71,71,71],"floor_reached":16,"playtime":353,"items_purged":["Doubt"],"score":262,"play_id":"29624cea-c434-49fe-b34c-012b20e33413","local_time":"20190528025025","is_ascension_mode":true,"campfire_choices":[{"data":"Predator","floor":13.0,"key":"SMITH"},{"floor":15.0,"key":"REST"}],"neow_cost":"NONE","seed_source_timestamp":55987922068821,"circlet_count":0,"master_deck":["AscendersBane","Defend_G","Defend_G","Defend_G","Defend_G","Defend_G","Strike_G","Strike_G","Strike_G","Survivor","Neutralize","Backflip","Slice","Sucker Punch","Bouncing Flask","Predator+1","Cloak And Dagger","Calculated Gamble","Regret","Sucker Punch"],"special_seed":0,"relics":["Ring of the Snake","NeowsBlessing","Boot","Vajra","The Courier","TwistedFunnel","Dream Catcher","Lantern"],"potions_floor_usage":[16],"damage_taken":[{"damage":0.0,"enemies":"2 Louse","floor":1.0,"turns":1.0},{"damage":0.0,"enemies":"Lagavulin","floor":6.0,"turns":1.0},{"damage":0.0,"enemies":"Small Slimes","floor":7.0,"turns":1.0},{"damage":26.0,"enemies":"Gremlin Nob","floor":8.0,"turns":4.0},{"damage":0.0,"enemies":"Jaw Worm","floor":12.0,"turns":3.0},{"damage":50,"enemies":"Slime Boss","floor":16,"turns":6}],"seed_played":"-6084660858882019047","potions_obtained":[{"floor":6.0,"key":"Energy Potion"},{"floor":8.0,"key":"SmokeBomb"}],"is_trial":false,"path_per_floor":["M","?","?","$","?","E","M","E","T","$","?","M","R","?","R","B"],"character_chosen":"THE_SILENT","items_purchased":["Slice","TwistedFunnel"],"campfire_rested":1,"item_purchase_floors":[4,10],"current_hp_per_floor":[59,52,52,52,52,52,52,26,26,26,21,21,21,21,40,0],"gold":71,"neow_bonus":"THREE_ENEMY_KILL","is_prod":false,"is_daily":false,"chose_seed":false,"campfire_upgraded":1,"win_rate":0,"timestamp":1559037025,"path_taken":["M","?","?","$","?","E","M","E","T","?","?","M","R","?","R","BOSS"],"build_version":"2019-01-23","purchased_purges":1,"victory":false,"max_hp_per_floor":[66,66,66,66,66,66,66,66,66,66,66,66,66,66,66,66],"card_choices":[{"not_picked":["PiercingWail","Outmaneuver"],"picked":"Backflip","floor":1.0},{"not_picked":["Bullet Time","Blade Dance"],"picked":"Bouncing Flask","floor":6.0},{"not_picked":["Poisoned Stab","Dodge and Roll"],"picked":"Predator","floor":7.0},{"not_picked":["PiercingWail","Concentrate"],"picked":"Cloak And Dagger","floor":8.0},{"not_picked":["Concentrate","Skewer"],"picked":"Calculated Gamble","floor":12.0},{"not_picked":["Flying Knee","Acrobatics"],"picked":"Sucker Punch","floor":15.0}],"player_experience":811173,"relics_obtained":[{"floor":6.0,"key":"Boot"},{"floor":8.0,"key":"Vajra"},{"floor":9.0,"key":"The Courier"}],"event_choices":[{"cards_removed":["Strike_G"],"damage_healed":0.0,"max_hp_gain":0.0,"max_hp_loss":0.0,"gold_gain":0.0,"event_name":"Golden Wing","player_choice":"Card Removal","floor":2.0,"gold_loss":0.0,"damage_taken":7.0},{"damage_healed":0.0,"max_hp_gain":0.0,"max_hp_loss":0.0,"gold_gain":150.0,"event_name":"Liars Game","player_choice":"AGREE","floor":3.0,"gold_loss":0.0,"damage_taken":0.0,"cards_obtained":["Doubt"]},{"damage_healed":0.0,"max_hp_gain":0.0,"max_hp_loss":0.0,"gold_gain":0.0,"cards_transformed":["Strike_G"],"event_name":"Living Wall","player_choice":"Change","floor":5.0,"gold_loss":0.0,"damage_taken":0.0,"cards_obtained":["Sucker Punch"]},{"damage_healed":0.0,"max_hp_gain":0.0,"max_hp_loss":0.0,"gold_gain":0.0,"event_name":"Scrap Ooze","player_choice":"Success","floor":11.0,"gold_loss":0.0,"damage_taken":5.0,"relics_obtained":["Dream Catcher"]},{"damage_healed":0.0,"max_hp_gain":0.0,"max_hp_loss":0.0,"gold_gain":0.0,"event_name":"Big Fish","player_choice":"Box","floor":14.0,"gold_loss":0.0,"damage_taken":0.0,"relics_obtained":["Lantern"],"cards_obtained":["Regret"]}],"is_beta":false,"boss_relics":[],"items_purged_floors":[4],"is_endless":false,"potions_floor_spawned":[6,8],"killed_by":"Slime Boss","ascension_level":20}