{"gold_per_floor":[119,119,132,24,35,35,67,77,100,129,29,29,46,104,104,208,208,227,260,260,274,149,149,167,193,193,227,240,240,240,240,240,240],"floor_reached":33,"playtime":1090,"items_purged":["Strike_R","Strike_R","Fire Breathing"],"score":328,"play_id":"7e6b585a-7dbf-4aee-a5b6-2c9c8883b5f2","local_time":"20181102224313","is_ascension_mode":true,"campfire_choices":[{"data":"Body Slam","floor":6.0,"key":"SMITH"},{"data":"Shrug It Off","floor":12.0,"key":"SMITH"},{"data":"Flex","floor":15.0,"key":"SMITH"},{"data":"Battle Trance","floor":23,"key":"SMITH"},{"floor":32,"key":"REST"}],"neow_cost":"NONE","seed_source_timestamp":19535017108503,"circlet_count":0,"master_deck":["Strike_R","Defend_R","Defend_R","Defend_R","Defend_R","Bash","Seeing Red","Battle Trance+1","Body Slam+1","Twin Strike","Shrug It Off+1","Flex+1","Shrug It Off","Impervious","Pummel","Warcry","Warcry+1","Entrench","Decay"],"special_seed":0,"relics":["Black Blood","NeowsBlessing","Vajra","Boot","Strawberry","Tiny Chest","Red Mask","Ancient Tea Set","Paper Frog","Centennial Puzzle"],"potions_floor_usage":[16,21,21,24,27,33],"damage_taken":[{"damage":0.0,"enemies":"Small Slimes","floor":1.0,"turns":1.0},{"damage":0.0,"enemies":"Cultist","floor":3.0,"turns":1.0},{"damage":0.0,"enemies":"Jaw Worm","floor":5.0,"turns":1.0},{"damage":30.0,"enemies":"Lagavulin","floor":7.0,"turns":7.0},{"damage":1.0,"enemies":"Looter","floor":8.0,"turns":2.0},{"damage":32.0,"enemies":"Lagavulin Event","floor":10.0,"turns":5.0},{"damage":5.0,"enemies":"Gremlin Gang","floor":13.0,"turns":5.0},{"damage":18.0,"enemies":"Gremlin Nob","floor":14.0,"turns":3.0},{"damage":19,"enemies":"Hexaghost","floor":16,"turns":8},{"damage":15,"enemies":"Shell Parasite","floor":18,"turns":3},{"damage":30,"enemies":"Masked Bandits","floor":19,"turns":6},{"damage":18,"enemies":"Chosen","floor":21,"turns":7},{"damage":26,"enemies":"Centurion and Healer","floor":24,"turns":9},{"damage":5,"enemies":"Book of Stabbing","floor":27,"turns":5},{"damage":19,"enemies":"Snecko","floor":28,"turns":6},{"damage":37,"enemies":"Automaton","floor":33,"turns":6}],"seed_played":"-2594060611993856252","potions_obtained":[{"floor":2.0,"key":"SmokeBomb"},{"floor":2.0,"key":"GamblersBrew"},{"floor":2.0,"key":"Fire Potion"},{"floor":3.0,"key":"Swift Potion"},{"floor":5.0,"key":"BloodPotion"},{"floor":10.0,"key":"SkillPotion"},{"floor":16,"key":"EssenceOfSteel"},{"floor":18,"key":"SkillPotion"},{"floor":21,"key":"Poison Potion"},{"floor":24,"key":"LiquidBronze"},{"floor":28,"key":"FearPotion"}],"is_trial":false,"path_per_floor":["M","?","M","$","M","R","E","M","T","?","$","R","M","E","R","B",null,"M","?","?","M","$","R","M","T","T","E","M","?","?","?","R","B"],"character_chosen":"IRONCLAD","items_purchased":["Battle Trance"],"campfire_rested":1,"item_purchase_floors":[4],"current_hp_per_floor":[80,80,80,80,80,80,64,69,69,50,50,50,51,39,39,26,87,82,62,62,54,54,54,38,38,38,43,34,34,34,34,60,23],"gold":240,"neow_bonus":"THREE_ENEMY_KILL","is_prod":false,"is_daily":false,"chose_seed":false,"campfire_upgraded":4,"win_rate":0,"timestamp":1541166193,"path_taken":["M","?","M","$","?","R","E","?","T","?","$","R","M","E","R","BOSS","M","?","?","?","?","R","M","?","T","E","M","?","?","?","R","BOSS"],"build_version":"2018-11-01","purchased_purges":3,"victory":false,"max_hp_per_floor":[80,80,80,80,80,80,80,80,80,87,87,87,87,87,87,87,87,87,87,87,87,87,87,87,87,87,87,87,87,87,87,87,87],"card_choices":[{"not_picked":["Pommel Strike","Armaments","Burning Pact"],"picked":"SKIP","floor":1.0},{"not_picked":["Clothesline","Havoc"],"picked":"Seeing Red","floor":3.0},{"not_picked":["Cleave","Hemokinesis"],"picked":"Body Slam","floor":5.0},{"not_picked":["Dark Embrace","Sever Soul"],"picked":"Twin Strike","floor":7.0},{"not_picked":["Clothesline","Spot Weakness","Perfected Strike"],"picked":"SKIP","floor":8.0},{"not_picked":["Intimidate","Havoc"],"picked":"Shrug It Off","floor":10.0},{"not_picked":["Pommel Strike","Battle Trance"],"picked":"Flex","floor":13.0},{"not_picked":["Searing Blow","Clash"],"picked":"Shrug It Off","floor":14.0},{"not_picked":["Reaper","Brutality"],"picked":"Impervious","floor":16},{"not_picked":["Rupture+1","Heavy Blade","Headbutt"],"picked":"SKIP","floor":18},{"not_picked":["Cleave","Heavy Blade"],"picked":"Pummel","floor":19},{"not_picked":["Armaments","Havoc","Wild Strike"],"picked":"SKIP","floor":21},{"not_picked":["Flex","Pommel Strike","Carnage"],"picked":"SKIP","floor":24},{"not_picked":["Uppercut+1","Immolate"],"picked":"Warcry","floor":27},{"not_picked":["Anger","Headbutt"],"picked":"Warcry+1","floor":28}],"player_experience":270848,"relics_obtained":[{"floor":7.0,"key":"Vajra"},{"floor":9.0,"key":"Boot"},{"floor":10.0,"key":"Strawberry"},{"floor":14.0,"key":"Tiny Chest"},{"floor":19,"key":"Red Mask"},{"floor":25,"key":"Ancient Tea Set"},{"floor":26,"key":"Paper Frog"},{"floor":27,"key":"Centennial Puzzle"}],"event_choices":[{"damage_healed":0.0,"max_hp_gain":0.0,"max_hp_loss":0.0,"gold_gain":0.0,"event_name":"Lab","player_choice":"Got Potions","floor":2.0,"gold_loss":0.0,"damage_taken":0.0},{"damage_healed":0.0,"max_hp_gain":0.0,"max_hp_loss":0.0,"gold_gain":30.0,"event_name":"Dead Adventurer","player_choice":"Searched \u00272\u0027 times","floor":10.0,"gold_loss":0.0,"damage_taken":0.0},{"damage_healed":0,"gold_gain":0,"player_choice":"Fought Bandits","damage_taken":0,"max_hp_gain":0,"max_hp_loss":0,"event_name":"Masked Bandits","floor":19,"gold_loss":0},{"damage_healed":0,"gold_gain":0,"cards_transformed":["Strike_R"],"player_choice":"Transformed","damage_taken":0,"max_hp_gain":0,"max_hp_loss":0,"event_name":"Transmorgrifier","floor":20,"gold_loss":0,"cards_obtained":["Fire Breathing"]},{"cards_removed":["Strike_R"],"damage_healed":0,"gold_gain":0,"player_choice":"Elegance","damage_taken":0,"max_hp_gain":0,"max_hp_loss":0,"event_name":"Back to Basics","floor":29,"gold_loss":0},{"damage_healed":0,"gold_gain":0,"player_choice":"Read","damage_taken":0,"max_hp_gain":0,"max_hp_loss":0,"event_name":"The Library","floor":30,"gold_loss":0,"cards_obtained":["Entrench"]},{"damage_healed":0,"gold_gain":0,"player_choice":"Smashed Altar","damage_taken":0,"max_hp_gain":0,"max_hp_loss":0,"event_name":"Forgotten Altar","floor":31,"gold_loss":0,"cards_obtained":["Decay"]}],"is_beta":false,"boss_relics":[{"not_picked":["Mark of Pain","Black Star"],"picked":"Black Blood"}],"items_purged_floors":[4,11,22],"is_endless":false,"potions_floor_spawned":[3,5,10,16,18,21,24,28],"killed_by":"Automaton","ascension_level":4}