{"gold_per_floor":[119,119,131,131,152,152,195,195,248,263,284,284,307,307,307,403,403,427,443,282,307,360,394,207,241,241,279,297,315,315,334,334,433,433,449,449,449,399,399,399,443,16,41,41,72,72,72,93,93,93],"floor_reached":51,"playtime":2714,"items_purged":["Pain","Strike_G","Strike_G"],"score":1525,"play_id":"e95091a0-ed3b-441f-95f9-aced5b1e11b6","local_time":"20190427220416","is_ascension_mode":true,"campfire_choices":[{"data":"Escape Plan","floor":6.0,"key":"SMITH"},{"data":"Bullet Time","floor":8.0,"key":"SMITH"},{"floor":15.0,"key":"REST"},{"floor":30.0,"key":"REST"},{"floor":32.0,"key":"REST"},{"floor":40,"key":"REST"},{"floor":44,"key":"REST"},{"floor":47,"key":"REST"},{"floor":49,"key":"REST"}],"neow_cost":"NONE","seed_source_timestamp":35469986385615,"circlet_count":0,"master_deck":["AscendersBane","Defend_G","Defend_G","Defend_G","Defend_G","Defend_G","Strike_G+1","Strike_G","Strike_G","Survivor","Neutralize","Escape Plan+1","Endless Agony","Neutralize","After Image","Poisoned Stab","Deadly Poison","Bullet Time+1","Dagger Throw","Crippling Poison","Corpse Explosion","Backflip+1","Backflip","Predator+1","Riddle With Holes","Mayhem","Dagger Throw+1","Eviscerate","Deadly Poison","Leg Sweep","Envenom","Backflip","Underhanded Strike+1","Backflip","Dash","Cloak And Dagger+1"],"special_seed":0,"relics":["Ring of the Snake","NeowsBlessing","Golden Idol","Oddly Smooth Stone","Tiny Chest","Snake Skull","WarpedTongs","Snecko Eye","Whetstone","Anchor","Bottled Flame","Shuriken","Smiling Mask","Sozu","Happy Flower","Prayer Wheel","Orichalcum","Darkstone Periapt"],"potions_floor_usage":[50],"damage_taken":[{"damage":0.0,"enemies":"Small Slimes","floor":1.0,"turns":1.0},{"damage":0.0,"enemies":"Cultist","floor":3.0,"turns":1.0},{"damage":0.0,"enemies":"Jaw Worm","floor":5.0,"turns":1.0},{"damage":20.0,"enemies":"Lagavulin","floor":7.0,"turns":8.0},{"damage":0.0,"enemies":"3 Louse","floor":10.0,"turns":4.0},{"damage":0.0,"enemies":"Red Slaver","floor":11.0,"turns":3.0},{"damage":3.0,"enemies":"Lots of Slimes","floor":13.0,"turns":5.0},{"damage":8.0,"enemies":"Hexaghost","floor":16.0,"turns":10.0},{"damage":20.0,"enemies":"Shell Parasite","floor":18.0,"turns":6.0},{"damage":0.0,"enemies":"Chosen","floor":19.0,"turns":4.0},{"damage":1.0,"enemies":"Snecko","floor":21.0,"turns":5.0},{"damage":0.0,"enemies":"Gremlin Leader","floor":23.0,"turns":8.0},{"damage":11.0,"enemies":"Book of Stabbing","floor":25.0,"turns":5.0},{"damage":21.0,"enemies":"Gremlin Leader","floor":27.0,"turns":5.0},{"damage":0.0,"enemies":"Snake Plant","floor":28.0,"turns":3.0},{"damage":2.0,"enemies":"Cultist and Chosen","floor":29.0,"turns":4.0},{"damage":1.0,"enemies":"Sentry and Sphere","floor":31.0,"turns":3.0},{"damage":5.0,"enemies":"Collector","floor":33.0,"turns":7.0},{"damage":22.0,"enemies":"3 Shapes","floor":35.0,"turns":4.0},{"damage":22,"enemies":"Nemesis","floor":41,"turns":7},{"damage":12,"enemies":"Reptomancer","floor":45,"turns":5},{"damage":0,"enemies":"Orb Walker","floor":48,"turns":2},{"damage":24,"enemies":"Donu and Deca","floor":50,"turns":6}],"seed_played":"938622722202331427","potions_obtained":[{"floor":1.0,"key":"LiquidBronze"},{"floor":3.0,"key":"Energy Potion"},{"floor":13.0,"key":"Block Potion"},{"floor":16.0,"key":"EssenceOfSteel"},{"floor":23.0,"key":"Energy Potion"},{"floor":28.0,"key":"Explosive Potion"},{"floor":31.0,"key":"LiquidBronze"}],"is_trial":false,"path_per_floor":["M","?","M","?","M","R","E","R","T","M","M","T","M","?","R","B",null,"M","M","$","M","T","E","$","E","T","E","M","M","R","M","R","B",null,"M","?","?","$","?","R","E","$","T","R","E","?","R","M","R","B",null],"character_chosen":"THE_SILENT","items_purchased":["Predator","Mayhem","Backflip","Prayer Wheel"],"campfire_rested":7,"item_purchase_floors":[20,24,42,42],"current_hp_per_floor":[59,59,59,36,36,36,16,16,16,16,16,16,13,13,32,24,56,36,36,36,35,35,35,35,24,24,3,3,1,20,19,38,33,58,36,36,36,36,36,54,32,32,32,50,38,38,56,56,63,39],"gold":93,"neow_bonus":"THREE_ENEMY_KILL","is_prod":false,"is_daily":false,"chose_seed":false,"campfire_upgraded":2,"win_rate":0,"timestamp":1556427856,"path_taken":["M","?","?","?","M","R","E","R","T","M","M","?","M","?","R","BOSS","M","M","$","M","?","E","$","E","T","E","M","M","R","?","R","BOSS","M","?","?","$","?","R","E","$","T","R","E","?","R","M","R","BOSS"],"build_version":"2019-01-23","purchased_purges":3,"victory":true,"max_hp_per_floor":[66,66,66,66,66,66,66,66,66,66,66,66,66,66,66,66,66,66,66,66,66,66,66,66,66,66,66,66,66,66,66,66,66,66,66,66,66,66,63,63,63,63,63,63,63,63,63,63,63,63],"card_choices":[{"not_picked":["Catalyst","All Out Attack"],"picked":"Escape Plan","floor":1.0},{"not_picked":["Underhanded Strike","Riddle With Holes"],"picked":"Quick Slash","floor":3.0},{"not_picked":["Dagger Spray","Skewer"],"picked":"Deadly Poison","floor":5.0},{"not_picked":["Quick Slash","Eviscerate"],"picked":"Bullet Time","floor":7.0},{"not_picked":["Concentrate","PiercingWail"],"picked":"Dagger Throw","floor":10.0},{"not_picked":["Finisher","Flying Knee","Tactician"],"picked":"SKIP","floor":11.0},{"not_picked":["Underhanded Strike","Acrobatics"],"picked":"Crippling Poison","floor":13.0},{"not_picked":["Bullet Time","Night Terror"],"picked":"Corpse Explosion","floor":16.0},{"not_picked":["Sucker Punch","Infinite Blades"],"picked":"Backflip+1","floor":18.0},{"not_picked":["Calculated Gamble","Poisoned Stab"],"picked":"Backflip","floor":19.0},{"not_picked":["Infinite Blades","Bane","All Out Attack"],"picked":"SKIP","floor":21.0},{"not_picked":["Glass Knife","Accuracy"],"picked":"Riddle With Holes","floor":23.0},{"not_picked":["Reflex+1","Glass Knife"],"picked":"Dagger Throw+1","floor":25.0},{"not_picked":["Poisoned Stab+1","Blade Dance"],"picked":"Eviscerate","floor":27.0},{"not_picked":["Masterful Stab","Poisoned Stab"],"picked":"Deadly Poison","floor":28.0},{"not_picked":["Outmaneuver+1","Poisoned Stab"],"picked":"Leg Sweep","floor":29.0},{"not_picked":["Outmaneuver","Night Terror","Concentrate"],"picked":"SKIP","floor":31.0},{"not_picked":["Night Terror","After Image"],"picked":"Envenom","floor":33.0},{"not_picked":["Quick Slash+1","Dodge and Roll"],"picked":"Backflip","floor":35.0},{"not_picked":["Choke","Outmaneuver"],"picked":"Underhanded Strike+1","floor":41},{"not_picked":["Grand Finale","Slice+1"],"picked":"Dash","floor":45},{"not_picked":["Backstab","Quick Slash+1"],"picked":"Cloak And Dagger+1","floor":48},{"not_picked":["Blade Dance","Dodge and Roll","Tactician"],"picked":"SKIP","floor":48}],"player_experience":759025,"relics_obtained":[{"floor":7.0,"key":"Oddly Smooth Stone"},{"floor":9.0,"key":"Tiny Chest"},{"floor":12.0,"key":"Snake Skull"},{"floor":22.0,"key":"Whetstone"},{"floor":23.0,"key":"Anchor"},{"floor":25.0,"key":"Bottled Flame"},{"floor":26.0,"key":"Shuriken"},{"floor":27.0,"key":"Smiling Mask"},{"floor":41,"key":"Happy Flower"},{"floor":43,"key":"Orichalcum"},{"floor":45,"key":"Darkstone Periapt"}],"event_choices":[{"damage_healed":0.0,"max_hp_gain":0.0,"max_hp_loss":0.0,"gold_gain":0.0,"event_name":"Match and Keep!","player_choice":"4 cards matched","floor":2.0,"gold_loss":0.0,"damage_taken":0.0,"cards_obtained":["Endless Agony","Neutralize","After Image","Poisoned Stab"]},{"damage_healed":0.0,"max_hp_gain":0.0,"max_hp_loss":0.0,"gold_gain":0.0,"event_name":"Golden Idol","player_choice":"Take Damage","floor":4.0,"gold_loss":0.0,"damage_taken":23.0,"relics_obtained":["Golden Idol"]},{"damage_healed":0.0,"max_hp_gain":0.0,"max_hp_loss":0.0,"gold_gain":0.0,"event_name":"Accursed Blacksmith","player_choice":"Rummage","floor":14.0,"gold_loss":0.0,"damage_taken":0.0,"relics_obtained":["WarpedTongs"],"cards_obtained":["Pain"]},{"cards_removed":["Quick Slash"],"damage_healed":0.0,"max_hp_gain":0.0,"max_hp_loss":0.0,"gold_gain":0.0,"event_name":"Falling","player_choice":"Removed Attack","floor":36.0,"gold_loss":0.0,"damage_taken":0.0},{"damage_healed":0,"gold_gain":0,"player_choice":"Memory 1","damage_taken":0,"max_hp_gain":0,"max_hp_loss":0,"event_name":"SensoryStone","floor":37,"gold_loss":0},{"damage_healed":0,"gold_gain":0,"player_choice":"Max HP","damage_taken":0,"max_hp_gain":0,"max_hp_loss":3,"event_name":"Winding Halls","floor":39,"gold_loss":0},{"damage_healed":0,"gold_gain":0,"player_choice":"Ignored","damage_taken":0,"max_hp_gain":0,"max_hp_loss":0,"event_name":"The Moai Head","floor":46,"gold_loss":0}],"is_beta":false,"boss_relics":[{"not_picked":["Black Star","Orrery"],"picked":"Snecko Eye"},{"not_picked":["Velvet Choker","Empty Cage"],"picked":"Sozu"}],"items_purged_floors":[20,38,42],"is_endless":false,"potions_floor_spawned":[1,3,13,16,21,23,28,31,35,41],"ascension_level":18}