{"gold_per_floor":[113,130,141,154,4,4,4,24,47,60,74,39,63,63,63,63],"floor_reached":16,"playtime":404,"items_purged":["Doubt"],"score":192,"play_id":"890d9857-1a43-4798-b450-c70bb539a895","local_time":"20190521082407","is_ascension_mode":true,"campfire_choices":[{"data":"Blood for Blood","floor":6,"key":"SMITH"},{"data":"Inflame","floor":15,"key":"SMITH"}],"neow_cost":"CURSE","seed_source_timestamp":2821517449796,"circlet_count":0,"master_deck":["AscendersBane","Strike_R","Strike_R","Strike_R","Strike_R","Strike_R","Defend_R","Defend_R","Defend_R","Defend_R","Bash","Shockwave","Carnage","Sentinel","Inflame+1","Blood for Blood+1","Sword Boomerang","Shrug It Off","Intimidate"],"relics":["Burning Blood","Charon\u0027s Ashes","Golden Idol","Smiling Mask"],"potions_floor_usage":[8,11,16],"damage_taken":[{"damage":12,"enemies":"Cultist","floor":1,"turns":5},{"damage":0,"enemies":"2 Louse","floor":2,"turns":4},{"damage":6,"enemies":"Small Slimes","floor":3,"turns":3},{"damage":11,"enemies":"3 Louse","floor":4,"turns":4},{"damage":19,"enemies":"Gremlin Gang","floor":8,"turns":4},{"damage":17,"enemies":"Lots of Slimes","floor":10,"turns":3},{"damage":2,"enemies":"Red Slaver","floor":11,"turns":3},{"damage":25,"enemies":"Large Slime","floor":13,"turns":5},{"damage":19,"enemies":"The Guardian","floor":16,"turns":2}],"seed_played":"-149150156026686305","potions_obtained":[{"floor":4,"key":"Poison Potion"},{"floor":10,"key":"PowerPotion"},{"floor":13,"key":"GamblersBrew"}],"is_trial":false,"path_per_floor":["M","M","M","M","$","R","?","M","T","M","M","?","M","?","R","B"],"character_chosen":"IRONCLAD","items_purchased":["Blood for Blood"],"campfire_rested":0,"item_purchase_floors":[5],"current_hp_per_floor":[62,68,68,63,63,63,37,24,24,13,17,35,16,16,16,0],"gold":63,"neow_bonus":"ONE_RARE_RELIC","is_prod":false,"is_daily":false,"chose_seed":false,"campfire_upgraded":2,"win_rate":0,"timestamp":1558394647,"path_taken":["M","?","M","M","$","R","?","M","T","M","M","?","M","?","R","BOSS"],"build_version":"2019-01-23","purchased_purges":1,"victory":false,"max_hp_per_floor":[75,75,75,75,75,75,75,75,75,75,75,75,75,75,75,75],"card_choices":[{"not_picked":["Havoc","Perfected Strike"],"picked":"Shockwave","floor":1},{"not_picked":["Headbutt","Ghostly Armor"],"picked":"Carnage","floor":2},{"not_picked":["Heavy Blade","Flex"],"picked":"Sentinel","floor":3},{"not_picked":["Inflame","Twin Strike","Havoc"],"picked":"SKIP","floor":4},{"not_picked":["Twin Strike","Havoc"],"picked":"Inflame","floor":4},{"not_picked":["Cleave","Headbutt"],"picked":"Sword Boomerang","floor":8},{"not_picked":["Sever Soul","Armaments"],"picked":"Shrug It Off","floor":10},{"not_picked":["Body Slam","Uppercut"],"picked":"Intimidate","floor":11},{"not_picked":["Headbutt","Clothesline","Inflame"],"picked":"SKIP","floor":13}],"player_experience":1020146,"relics_obtained":[{"floor":9,"key":"Smiling Mask"}],"event_choices":[{"damage_healed":0,"gold_gain":0,"player_choice":"Take Damage","damage_taken":26,"relics_obtained":["Golden Idol"],"max_hp_gain":0,"max_hp_loss":0,"event_name":"Golden Idol","floor":7,"gold_loss":0},{"damage_healed":18,"gold_gain":0,"player_choice":"Healed","damage_taken":0,"max_hp_gain":0,"max_hp_loss":0,"event_name":"The Cleric","floor":12,"gold_loss":35},{"damage_healed":0,"gold_gain":0,"player_choice":"Ignored","damage_taken":0,"max_hp_gain":0,"max_hp_loss":0,"event_name":"Liars Game","floor":14,"gold_loss":0}],"is_beta":false,"boss_relics":[],"items_purged_floors":[5],"is_endless":false,"potions_floor_spawned":[4,10,13],"killed_by":"The Guardian","ascension_level":20}