{"path_per_floor":["M","M","?","M","?","?","M","R","T","R","M","R","M","$","R","B",null,"M","M","M"],"character_chosen":"IRONCLAD","items_purchased":["Heavy Blade"],"gold_per_floor":[114,128,128,142,142,92,106,106,131,131,155,155,178,54,54,182,182,205,225,243,243],"floor_reached":21,"campfire_rested":1,"playtime":743,"current_hp_per_floor":[80,80,74,74,79,79,52,52,52,52,56,56,48,48,71,57,79,67,47,11,0],"items_purged":["Strike_R"],"gold":243,"score":173,"play_id":"09004145-1c60-441a-87b8-01b625939c00","local_time":"20180513214944","is_prod":false,"is_daily":false,"chose_seed":false,"is_ascension_mode":false,"campfire_upgraded":3,"timestamp":1526215784,"path_taken":["M","?","?","M","?","?","M","R","T","R","M","R","M","$","R","BOSS","M","M","M","M"],"build_version":"2018-05-12v2","seed_source_timestamp":17643225278487,"purchased_purges":1,"victory":false,"master_deck":["Strike_R","Strike_R","Strike_R","Strike_R","Defend_R","Defend_R","Defend_R","Bash+1","Dropkick+1","Thunderclap","Spot Weakness+1","Twin Strike","Heavy Blade","Feed","Battle Trance"],"max_hp_per_floor":[80,80,74,74,79,79,79,79,79,79,79,79,79,79,79,79,79,82,82,82,85],"relics":["Black Blood","Golden Idol","Bag of Preparation"],"card_choices":[{"not_picked":["Disarm","Perfected Strike"],"picked":"Dropkick","floor":1},{"not_picked":["Reckless Charge","Iron Wave"],"picked":"Thunderclap","floor":2},{"not_picked":["Havoc","Barricade"],"picked":"Spot Weakness","floor":4},{"not_picked":["Armaments","Searing Blow"],"picked":"Twin Strike","floor":7},{"not_picked":["Iron Wave","Whirlwind","Entrench"],"picked":"SKIP","floor":11},{"not_picked":["Body Slam","True Grit","Hemokinesis"],"picked":"SKIP","floor":13},{"not_picked":["Dark Embrace","Immolate"],"picked":"Feed","floor":16},{"not_picked":["Pummel","Cleave"],"picked":"Battle Trance","floor":18},{"not_picked":["Havoc","Burning Pact","Sword Boomerang"],"picked":"SKIP","floor":19},{"not_picked":["Sword Boomerang","Cleave+1","Body Slam"],"picked":"SKIP","floor":20}],"player_experience":68444,"potions_floor_usage":[11,21],"damage_taken":[{"damage":1,"enemies":"Cultist","floor":1,"turns":3},{"damage":1,"enemies":"Jaw Worm","floor":2,"turns":3},{"damage":1,"enemies":"2 Louse","floor":4,"turns":2},{"damage":33,"enemies":"Exordium Thugs","floor":7,"turns":7},{"damage":9,"enemies":"3 Louse","floor":11,"turns":2},{"damage":14,"enemies":"2 Fungi Beasts","floor":13,"turns":3},{"damage":20,"enemies":"Slime Boss","floor":16,"turns":7},{"damage":25,"enemies":"3 Byrds","floor":18,"turns":4},{"damage":30,"enemies":"Spheric Guardian","floor":19,"turns":5},{"damage":46,"enemies":"Slaver and Parasite","floor":20,"turns":5},{"damage":16,"enemies":"3 Cultists","floor":21,"turns":3}],"event_choices":[{"event_name":"Golden Idol","player_choice":"Lose Max HP","floor":3,"damage_taken":0},{"event_name":"Big Fish","player_choice":"Donut","floor":5,"damage_taken":0},{"event_name":"The Cleric","player_choice":"Card Removal","floor":6,"damage_taken":0}],"boss_relics":[{"not_picked":["Runic Dome","Tiny House"],"picked":"Black Blood"}],"potions_floor_spawned":[1,2,7,13,18,20],"seed_played":"8548271068000433476","killed_by":"3 Cultists","ascension_level":0,"is_trial":false}