{"gold_per_floor":[110,127,13,13,29,29,56,56,56,84,84,84,6,6,6,106,106,120,60,70,70,70,70,86,86,86,114,142,172,194,225,237,249],"floor_reached":33,"playtime":956,"items_purged":["Strike_R"],"score":386,"play_id":"b5b03c0e-1c5c-422d-af92-8542c103e196","local_time":"20190123123821","is_ascension_mode":true,"campfire_choices":[{"data":"Blood for Blood","floor":6,"key":"SMITH"},{"data":"Bash","floor":8,"key":"SMITH"},{"floor":11,"key":"REST"},{"data":"Blood for Blood","floor":15,"key":"SMITH"},{"floor":23,"key":"REST"},{"data":"Hemogenesis","floor":25,"key":"SMITH"},{"floor":32,"key":"REST"}],"neow_cost":"NONE","seed_source_timestamp":1822617873891,"circlet_count":0,"master_deck":["AscendersBane","Strike_R","Strike_R","Strike_R","Defend_R","Defend_R","Defend_R","Defend_R","Bash+1","Blood for Blood+1","Armaments+1","Feel No Pain","Blood for Blood+1","Hemogenesis+1","Run Through+1","Juggernaut"],"relics":["Burning Blood","NeowsBlessing","ReplayTheSpireMod:Bottled Flurry","Iron Hammer","Pen Nib","Centennial Puzzle","Painkiller Herb","MawBank"],"potions_floor_usage":[33,33,33],"damage_taken":[{"damage":0,"enemies":"Cultist","floor":1,"turns":1},{"damage":0,"enemies":"Small Slimes","floor":2,"turns":1},{"damage":0,"enemies":"Jaw Worm","floor":5,"turns":1},{"damage":31,"enemies":"Lagavulin","floor":7,"turns":7},{"damage":27,"enemies":"Erikyupuro","floor":10,"turns":6},{"damage":34,"enemies":"Fading Forest","floor":16,"turns":11},{"damage":39,"enemies":"3 Byrds","floor":18,"turns":7},{"damage":13,"enemies":"Spheric Guardian","floor":20,"turns":4},{"damage":20,"enemies":"Centurion and Healer","floor":24,"turns":6},{"damage":30,"enemies":"3 Cultists","floor":27,"turns":6},{"damage":19,"enemies":"Cultist and Chosen","floor":28,"turns":6},{"damage":18,"enemies":"Centurion and Healer","floor":29,"turns":5},{"damage":18,"enemies":"Snake Plant","floor":30,"turns":3},{"damage":24,"enemies":"Sentry and Sphere","floor":31,"turns":6},{"damage":66,"enemies":"Champ","floor":33,"turns":8}],"seed_played":"-131488961314841685","potions_obtained":[{"floor":2,"key":"Dexterity Potion"},{"floor":7,"key":"Dexterity Potion"},{"floor":20,"key":"AttackPotion"}],"is_trial":false,"path_per_floor":["M","M","$","?","M","R","E","R","T","E","R","?","$","?","R","B",null,"?","?","?","?","?","T","?","T","T","?","?","?","?","?","T","B"],"character_chosen":"IRONCLAD","items_purchased":["Armaments+1","Blood for Blood"],"campfire_rested":3,"item_purchase_floors":[3,13],"current_hp_per_floor":[78,80,80,80,80,80,55,55,55,34,58,46,46,46,46,18,65,37,37,30,30,30,54,45,45,45,35,30,29,28,21,45,0],"gold":249,"neow_bonus":"THREE_ENEMY_KILL","is_prod":false,"is_daily":false,"chose_seed":false,"campfire_upgraded":4,"win_rate":0,"timestamp":1548214701,"path_taken":["M","M","$","?","?","R","E","R","T","E","R","?","?","?","R","BOSS","?","?","?","?","?","T","?","T","T","?","?","?","?","?","T","BOSS"],"build_version":"2019-01-17v2","purchased_purges":1,"victory":false,"max_hp_per_floor":[80,80,80,80,80,80,80,80,80,80,80,80,80,80,80,80,80,80,80,80,80,80,80,80,80,80,80,80,80,80,80,80,80],"card_choices":[{"not_picked":["Body Slam","Iron Wave"],"picked":"Blood for Blood","floor":1},{"not_picked":["Spot Weakness","Havoc","True Grit"],"picked":"SKIP","floor":2},{"not_picked":["Metallicize","Replay:Undeath\u0027s Touch","Intimidate"],"picked":"SKIP","floor":5},{"not_picked":["ReplayTheSpireMod:Strike From Hell","Sword Boomerang","Anger"],"picked":"SKIP","floor":7},{"not_picked":["Pommel Strike","Warcry","Entrench"],"picked":"SKIP","floor":10},{"not_picked":["Eclipse","Demon Form"],"picked":"Hemogenesis","floor":16},{"not_picked":["Spot Weakness+1","ReplayTheSpireMod:Stacked+1"],"picked":"Run Through+1","floor":18},{"not_picked":["Anger","Wild Strike","Flex"],"picked":"SKIP","floor":20},{"not_picked":["Life Link","Body Slam","Feel No Pain+1"],"picked":"SKIP","floor":24},{"not_picked":["Heavy Blade","Life Link","Flex+1"],"picked":"SKIP","floor":27},{"not_picked":["Flex","Armaments+1"],"picked":"Juggernaut","floor":28},{"not_picked":["Body Slam","Inflame","ReplayTheSpireMod:LeadingStrike"],"picked":"SKIP","floor":29},{"not_picked":["Wild Strike","Shockwave+1","Clash+1"],"picked":"SKIP","floor":30},{"not_picked":["Bludgeon","Inflame","Clash"],"picked":"SKIP","floor":31}],"player_experience":722027,"relics_obtained":[{"floor":7,"key":"ReplayTheSpireMod:Bottled Flurry"},{"floor":9,"key":"Iron Hammer"},{"floor":10,"key":"Pen Nib"},{"floor":26,"key":"MawBank"}],"event_choices":[{"damage_healed":0,"gold_gain":0,"player_choice":"1 cards matched","damage_taken":0,"max_hp_gain":0,"max_hp_loss":0,"event_name":"Match and Keep!","floor":4,"gold_loss":0,"cards_obtained":["Feel No Pain"]},{"damage_healed":0,"gold_gain":0,"player_choice":"Success","damage_taken":12,"relics_obtained":["Centennial Puzzle"],"max_hp_gain":0,"max_hp_loss":0,"event_name":"Scrap Ooze","floor":12,"gold_loss":0},{"damage_healed":0,"gold_gain":0,"player_choice":"Ignored","damage_taken":0,"max_hp_gain":0,"max_hp_loss":0,"event_name":"Liars Game","floor":14,"gold_loss":0},{"cards_removed":["Strike_R"],"damage_healed":0,"gold_gain":0,"player_choice":"Elegance","damage_taken":0,"max_hp_gain":0,"max_hp_loss":0,"event_name":"Back to Basics","floor":21,"gold_loss":0}],"is_beta":false,"boss_relics":[{"not_picked":["Orrery","Coffee Dripper"],"picked":"Painkiller Herb"}],"items_purged_floors":[3],"is_endless":false,"potions_floor_spawned":[2,7,20,24,27,28],"killed_by":"Champ","ascension_level":10}