{"gold_per_floor":[111,125,136,148,162,217,142,142,167,167,186,186,186,206,206,206],"floor_reached":16,"playtime":377,"items_purged":[],"score":208,"play_id":"fa3c68e0-4682-4b9c-8372-a7fc9c4f720e","local_time":"20190524215537","is_ascension_mode":true,"campfire_choices":[{"data":"Carnage","floor":8,"key":"SMITH"},{"data":"Evolve","floor":10,"key":"SMITH"},{"data":"Shrug It Off","floor":12,"key":"SMITH"},{"data":"Shockwave","floor":15,"key":"SMITH"}],"neow_cost":"NONE","seed_source_timestamp":8095737280970,"circlet_count":0,"master_deck":["AscendersBane","Strike_R","Strike_R","Strike_R","Defend_R","Defend_R","Defend_R","Defend_R","Bash","Carnage+1","Power Through","Wild Strike","Shrug It Off+1","Evolve+1","Sentinel","Shockwave+1"],"relics":["Burning Blood","NeowsBlessing","Tiny Chest","Anchor"],"potions_floor_usage":[16],"damage_taken":[{"damage":0,"enemies":"2 Louse","floor":1,"turns":1},{"damage":0,"enemies":"Jaw Worm","floor":2,"turns":1},{"damage":0,"enemies":"Small Slimes","floor":3,"turns":1},{"damage":9,"enemies":"2 Fungi Beasts","floor":4,"turns":4},{"damage":20,"enemies":"Gremlin Gang","floor":5,"turns":6},{"damage":30,"enemies":"3 Sentries","floor":6,"turns":11},{"damage":3,"enemies":"3 Louse","floor":11,"turns":4},{"damage":0,"enemies":"2 Fungi Beasts","floor":14,"turns":4},{"damage":45,"enemies":"Hexaghost","floor":16,"turns":9}],"seed_played":"2495888071982135024","potions_obtained":[{"floor":4,"key":"Weak Potion"},{"floor":5,"key":"Weak Potion"}],"is_trial":false,"path_per_floor":["M","M","M","M","M","E","?","R","T","R","M","R","?","M","R","B"],"character_chosen":"IRONCLAD","items_purchased":[],"campfire_rested":0,"item_purchase_floors":[],"current_hp_per_floor":[74,75,75,72,58,34,34,34,34,34,37,37,37,43,43,0],"gold":206,"neow_bonus":"THREE_ENEMY_KILL","is_prod":false,"is_daily":false,"chose_seed":false,"campfire_upgraded":4,"win_rate":0,"timestamp":1558702537,"path_taken":["M","M","M","M","M","E","?","R","T","R","M","R","?","M","R","BOSS"],"build_version":"2019-01-23","purchased_purges":0,"victory":false,"max_hp_per_floor":[75,75,75,75,75,75,75,75,75,75,75,75,75,75,75,75],"card_choices":[{"not_picked":["Heavy Blade","True Grit"],"picked":"Carnage","floor":1},{"not_picked":["Anger","Iron Wave"],"picked":"Power Through","floor":2},{"not_picked":["Clothesline","Pommel Strike"],"picked":"Wild Strike","floor":3},{"not_picked":["Twin Strike","Wild Strike"],"picked":"Shrug It Off","floor":4},{"not_picked":["Wild Strike","Searing Blow","Heavy Blade"],"picked":"SKIP","floor":5},{"not_picked":["Reckless Charge","Flex"],"picked":"Evolve","floor":6},{"not_picked":["Berserk","Warcry","Entrench"],"picked":"SKIP","floor":11},{"not_picked":["Berserk","Warcry","Entrench"],"picked":"SKIP","floor":11},{"not_picked":["Rupture","Burning Pact"],"picked":"Shockwave","floor":14}],"player_experience":1026464,"relics_obtained":[{"floor":6,"key":"Tiny Chest"},{"floor":9,"key":"Anchor"}],"event_choices":[{"cards_removed":["Strike_R"],"damage_healed":0,"gold_gain":0,"player_choice":"Card Removal","damage_taken":0,"max_hp_gain":0,"max_hp_loss":0,"event_name":"The Cleric","floor":7,"gold_loss":75},{"damage_healed":0,"gold_gain":0,"cards_transformed":["Strike_R"],"player_choice":"Change","damage_taken":0,"max_hp_gain":0,"max_hp_loss":0,"event_name":"Living Wall","floor":13,"gold_loss":0,"cards_obtained":["Sentinel"]}],"is_beta":false,"boss_relics":[],"items_purged_floors":[],"is_endless":false,"potions_floor_spawned":[4,5],"killed_by":"Hexaghost","ascension_level":20}