{"gold_per_floor":[117,117,127,52,52,77,77,77,104,104,133,146,178,178,178,255,255,270,283,300,47,58,58,71,105,129,145,157,157,188,201,201,280,280,299,318,318,333,203,203,0,30,30,80,99,115,115,131,131,131,131],"floor_reached":52,"playtime":2151,"items_purged":["Strike_R"],"score":1888,"play_id":"86dccde8-be36-4c61-868f-c5d2c591269e","local_time":"20190606185802","is_ascension_mode":true,"campfire_choices":[{"data":"Armaments","floor":7.0,"key":"SMITH"},{"data":"Twin Strike","floor":10.0,"key":"SMITH"},{"data":"Defend_R","floor":15.0,"key":"SMITH"},{"data":"Defend_R","floor":23.0,"key":"SMITH"},{"data":"Shrug It Off","floor":29.0,"key":"SMITH"},{"data":"True Grit","floor":32.0,"key":"SMITH"},{"data":"Flame Barrier","floor":40.0,"key":"SMITH"},{"data":"Shrug It Off","floor":47.0,"key":"SMITH"},{"data":"Limit Break","floor":49.0,"key":"SMITH"}],"neow_cost":"NONE","seed_source_timestamp":0,"circlet_count":0,"master_deck":["AscendersBane","Strike_R","Strike_R","Defend_R+1","Defend_R+1","Defend_R","Bash+1","Twin Strike+1","Armaments+1","Immolate+1","Pummel+1","Reckless Charge+1","Reaper+1","Wild Strike+1","Headbutt+1","Whirlwind+1","Shrug It Off+1","Ghostly Armor","True Grit+1","Limit Break+1","Flame Barrier+1","Shrug It Off+1","Headbutt+1"],"special_seed":0,"relics":["Burning Blood","NeowsBlessing","Happy Flower","Red Skull","Centennial Puzzle","Molten Egg 2","Pantograph","Sozu","Chemical X","Unceasing Top","Juzu Bracelet","Letter Opener","Velvet Choker","Red Mask","Ancient Tea Set","Dead Branch","Pen Nib"],"potions_floor_usage":[51],"damage_taken":[{"damage":0.0,"enemies":"Jaw Worm","floor":1.0,"turns":1.0},{"damage":0.0,"enemies":"Cultist","floor":3.0,"turns":1.0},{"damage":0.0,"enemies":"Gremlin Nob","floor":6.0,"turns":1.0},{"damage":19.0,"enemies":"Lagavulin","floor":11.0,"turns":7.0},{"damage":0.0,"enemies":"2 Louse","floor":12.0,"turns":2.0},{"damage":7.0,"enemies":"3 Sentries","floor":13.0,"turns":6.0},{"damage":47.0,"enemies":"The Guardian","floor":16.0,"turns":11.0},{"damage":22.0,"enemies":"2 Thieves","floor":18.0,"turns":3.0},{"damage":11.0,"enemies":"Spheric Guardian","floor":19.0,"turns":3.0},{"damage":16.0,"enemies":"Snake Plant","floor":20.0,"turns":2.0},{"damage":0.0,"enemies":"Centurion and Healer","floor":22.0,"turns":3.0},{"damage":22.0,"enemies":"Shelled Parasite and Fungi","floor":24.0,"turns":2.0},{"damage":33.0,"enemies":"Book of Stabbing","floor":25.0,"turns":4.0},{"damage":0.0,"enemies":"3 Cultists","floor":27.0,"turns":3.0},{"damage":2.0,"enemies":"Snecko","floor":28.0,"turns":3.0},{"damage":9.0,"enemies":"Gremlin Leader","floor":30.0,"turns":6.0},{"damage":19.0,"enemies":"Snake Plant","floor":31.0,"turns":3.0},{"damage":84.0,"enemies":"Automaton","floor":33.0,"turns":10.0},{"damage":22.0,"enemies":"3 Shapes","floor":35.0,"turns":6.0},{"damage":0.0,"enemies":"Orb Walker","floor":36.0,"turns":2.0},{"damage":10.0,"enemies":"3 Darklings","floor":38.0,"turns":3.0},{"damage":60.0,"enemies":"Reptomancer","floor":42.0,"turns":6.0},{"damage":28.0,"enemies":"4 Shapes","floor":45.0,"turns":5.0},{"damage":0.0,"enemies":"Transient","floor":46.0,"turns":6.0},{"damage":9.0,"enemies":"Jaw Worm Horde","floor":48.0,"turns":2.0},{"damage":82.0,"enemies":"Donu and Deca","floor":50.0,"turns":9.0},{"damage":10,"enemies":"Time Eater","floor":51,"turns":5}],"seed_played":"-3769827755279635483","potions_obtained":[{"floor":3.0,"key":"Fruit Juice"},{"floor":6.0,"key":"PowerPotion"}],"is_trial":false,"path_per_floor":["M","?","M","?","?","E","R","?","T","R","E","M","E","?","R","B",null,"M","M","M","$","M","R","M","E","T","M","M","R","E","M","R","B",null,"M","M","?","M","$","R","?","E","T","T","M","M","R","M","R","B","B",null],"character_chosen":"IRONCLAD","items_purchased":["Chemical X","Whirlwind+1","Shrug It Off"],"campfire_rested":0,"item_purchase_floors":[21,21,39],"current_hp_per_floor":[74,74,80,80,80,80,80,73,73,73,60,66,65,65,65,39,70,64,64,54,54,72,72,56,34,34,62,73,73,70,57,57,10,63,61,74,74,76,76,76,76,26,26,26,36,53,53,65,65,25,46],"gold":131,"neow_bonus":"THREE_ENEMY_KILL","is_prod":false,"is_daily":false,"chose_seed":false,"campfire_upgraded":9,"win_rate":0,"timestamp":1559861882,"path_taken":["M","?","?","?","?","E","R","?","T","R","E","M","E","?","R","BOSS","M","?","M","$","M","R","M","E","T","M","M","R","E","M","R","BOSS","M","M","?","M","$","R","?","E","T","?","M","M","R","M","R","BOSS","BOSS"],"build_version":"2019-01-23","purchased_purges":1,"victory":true,"max_hp_per_floor":[75,75,80,80,80,80,80,80,80,80,80,80,80,80,80,80,80,80,80,80,80,80,80,80,80,80,80,80,80,80,80,80,80,80,80,80,80,80,80,80,80,80,80,80,80,80,80,80,80,80,80],"card_choices":[{"not_picked":["Thunderclap","Bloodletting"],"picked":"Iron Wave","floor":1.0},{"not_picked":["Armaments","Entrench"],"picked":"Twin Strike","floor":3.0},{"not_picked":["Headbutt","Warcry"],"picked":"Armaments","floor":6.0},{"not_picked":["True Grit","Flex"],"picked":"Immolate","floor":11.0},{"not_picked":["Fire Breathing","Bloodletting"],"picked":"Pummel+1","floor":12.0},{"not_picked":["Iron Wave+1","Exhume"],"picked":"Reckless Charge+1","floor":13.0},{"not_picked":["Feed+1","Juggernaut"],"picked":"Reaper+1","floor":16.0},{"not_picked":["Second Wind","Twin Strike+1"],"picked":"Wild Strike+1","floor":18.0},{"not_picked":["Twin Strike+1","Flex","Heavy Blade+1"],"picked":"SKIP","floor":19.0},{"not_picked":["Bloodletting","Cleave+1"],"picked":"Headbutt+1","floor":20.0},{"not_picked":["Rupture","Clash+1","Rage"],"picked":"SKIP","floor":22.0},{"not_picked":["Searing Blow+1","Carnage+1","Rage"],"picked":"SKIP","floor":24.0},{"not_picked":["Cleave+1","Pommel Strike+1"],"picked":"Shrug It Off","floor":25.0},{"not_picked":["Carnage+1","Searing Blow+1","Clash+1"],"picked":"SKIP","floor":27.0},{"not_picked":["Searing Blow+1","Anger+1"],"picked":"Ghostly Armor","floor":28.0},{"not_picked":["Warcry","Havoc"],"picked":"True Grit","floor":30.0},{"not_picked":["Dual Wield","Juggernaut","Burning Pact"],"picked":"SKIP","floor":31.0},{"not_picked":["Berserk","Fiend Fire+1"],"picked":"Limit Break","floor":33.0},{"not_picked":["Warcry","Wild Strike+1"],"picked":"Flame Barrier","floor":35.0},{"not_picked":["Entrench","Hemokinesis+1","True Grit"],"picked":"SKIP","floor":36.0},{"not_picked":["Thunderclap+1","Fire Breathing","Clash+1"],"picked":"SKIP","floor":38.0},{"not_picked":["Barricade","Sword Boomerang+1"],"picked":"Headbutt+1","floor":42.0},{"not_picked":["Twin Strike+1","Fire Breathing","Sword Boomerang+1"],"picked":"SKIP","floor":45.0},{"not_picked":["Second Wind","Cleave+1","Wild Strike+1"],"picked":"SKIP","floor":46.0},{"not_picked":["Iron Wave+1","Clash+1","Perfected Strike+1"],"picked":"SKIP","floor":48.0}],"player_experience":763763,"relics_obtained":[{"floor":6.0,"key":"Red Skull"},{"floor":9.0,"key":"Centennial Puzzle"},{"floor":11.0,"key":"Molten Egg 2"},{"floor":13.0,"key":"Pantograph"},{"floor":25.0,"key":"Unceasing Top"},{"floor":26.0,"key":"Juzu Bracelet"},{"floor":30.0,"key":"Letter Opener"},{"floor":42.0,"key":"Ancient Tea Set"},{"floor":43.0,"key":"Dead Branch"},{"floor":44.0,"key":"Pen Nib"}],"event_choices":[{"cards_removed":["Iron Wave"],"damage_healed":0.0,"max_hp_gain":0.0,"max_hp_loss":0.0,"gold_gain":0.0,"event_name":"WeMeetAgain","player_choice":"Gave Card","floor":2.0,"gold_loss":0.0,"damage_taken":0.0,"relics_obtained":["Happy Flower"]},{"cards_removed":["Strike_R"],"damage_healed":0.0,"max_hp_gain":0.0,"max_hp_loss":0.0,"gold_gain":0.0,"event_name":"The Cleric","player_choice":"Card Removal","floor":4.0,"gold_loss":75.0,"damage_taken":0.0},{"damage_healed":0.0,"max_hp_gain":0.0,"max_hp_loss":0.0,"gold_gain":0.0,"event_name":"Living Wall","player_choice":"Grow","floor":5.0,"gold_loss":0.0,"damage_taken":0.0,"cards_upgraded":["Bash"]},{"cards_removed":["Defend_R"],"damage_healed":0.0,"max_hp_gain":0.0,"max_hp_loss":0.0,"gold_gain":0.0,"event_name":"Golden Wing","player_choice":"Card Removal","floor":8.0,"gold_loss":0.0,"damage_taken":7.0},{"cards_removed":["Strike_R"],"damage_healed":0.0,"max_hp_gain":0.0,"max_hp_loss":0.0,"gold_gain":0.0,"event_name":"Purifier","player_choice":"Purged","floor":14.0,"gold_loss":0.0,"damage_taken":0.0},{"damage_healed":0.0,"max_hp_gain":0.0,"max_hp_loss":0.0,"gold_gain":0.0,"event_name":"SensoryStone","player_choice":"Memory 1","floor":37.0,"gold_loss":0.0,"damage_taken":0.0},{"damage_healed":0.0,"max_hp_gain":0.0,"max_hp_loss":0.0,"gold_gain":0.0,"event_name":"Tomb of Lord Red Mask","player_choice":"Paid","floor":41.0,"gold_loss":203.0,"damage_taken":0.0,"relics_obtained":["Red Mask"]}],"is_beta":false,"boss_relics":[{"not_picked":["Runic Cube","Orrery"],"picked":"Sozu"},{"not_picked":["Astrolabe","Black Star"],"picked":"Velvet Choker"}],"items_purged_floors":[39],"is_endless":false,"potions_floor_spawned":[3,6,18,24,25,28,31,35,38,46],"ascension_level":20}