{"gold_per_floor":[119,194,79,109,128,128,157,171,224,259,259,23,50,50,50,58],"floor_reached":16,"playtime":378,"items_purged":["Strike_R","Strike_R"],"score":194,"play_id":"9201e11c-2950-480f-b9c6-1a4a88ab13ea","local_time":"20190410215657","is_ascension_mode":true,"campfire_choices":[{"data":"Uppercut","floor":6,"key":"SMITH"},{"floor":11,"key":"REST"},{"data":"Strike_R","floor":15,"key":"PURGE"}],"neow_cost":"NONE","seed_source_timestamp":14697659890437,"circlet_count":0,"master_deck":["AscendersBane","Strike_R","Strike_R","Defend_R","Defend_R","Defend_R","Bash","Uppercut+1","Immolate","Flex","Whirlwind"],"relics":["Burning Blood","Tiny Chest","Singing Bowl","Bandana","Self Forming Clay"],"potions_floor_usage":[16,16],"damage_taken":[{"damage":9,"enemies":"Jaw Worm","floor":1,"turns":5},{"damage":0,"enemies":"Small Slimes","floor":5,"turns":4},{"damage":24,"enemies":"Gremlin Nob","floor":7,"turns":4},{"damage":0,"enemies":"Cultist","floor":8,"turns":3},{"damage":31,"enemies":"Lagavulin","floor":10,"turns":8},{"damage":14,"enemies":"Red Slaver","floor":13,"turns":4},{"damage":49,"enemies":"Slime Boss","floor":16,"turns":8}],"seed_played":"6013374857272028846","potions_obtained":[{"floor":7,"key":"Venom Potion"}],"is_trial":false,"path_per_floor":["M","?","$","?","M","R","E","M","T","E","R","$","M","$","R","B"],"character_chosen":"IRONCLAD","items_purchased":["Uppercut","Whirlwind","Block Potion"],"campfire_rested":1,"item_purchase_floors":[3,12,12],"current_hp_per_floor":[65,54,54,54,60,60,44,50,50,25,48,48,42,42,42,0],"gold":58,"neow_bonus":"REMOVE_CARD","is_prod":false,"is_daily":false,"chose_seed":false,"campfire_upgraded":1,"win_rate":0,"timestamp":1554901017,"path_taken":["M","?","$","?","M","R","E","M","T","E","R","$","?","?","R","BOSS"],"build_version":"2019-01-23","purchased_purges":2,"victory":false,"max_hp_per_floor":[75,75,75,75,75,75,77,77,77,77,77,77,79,79,79,79],"card_choices":[{"not_picked":["Twin Strike","True Grit"],"picked":"Thunderclap","floor":1},{"not_picked":["Body Slam","Anger","Rupture"],"picked":"SKIP","floor":5},{"not_picked":["Reckless Charge","Warcry","Seeing Red"],"picked":"Singing Bowl","floor":7},{"not_picked":["Flex","Twin Strike"],"picked":"Immolate","floor":8},{"not_picked":["Thunderclap","Fiend Fire"],"picked":"Flex","floor":10},{"not_picked":["Cleave","Body Slam","Searing Blow"],"picked":"Singing Bowl","floor":13}],"player_experience":890838,"relics_obtained":[{"floor":7,"key":"Singing Bowl"},{"floor":9,"key":"Bandana"},{"floor":10,"key":"Self Forming Clay"}],"event_choices":[{"damage_healed":0,"gold_gain":75,"player_choice":"Gather Gold","damage_taken":11,"max_hp_gain":0,"max_hp_loss":0,"event_name":"World of Goop","floor":2,"gold_loss":0},{"cards_removed":["Thunderclap"],"damage_healed":0,"gold_gain":0,"player_choice":"Gave Card","damage_taken":0,"relics_obtained":["Tiny Chest"],"max_hp_gain":0,"max_hp_loss":0,"event_name":"WeMeetAgain","floor":4,"gold_loss":0}],"is_beta":false,"boss_relics":[],"items_purged_floors":[3,12],"is_endless":false,"potions_floor_spawned":[7],"killed_by":"Slime Boss","ascension_level":16}