{"gold_per_floor":[369,85,85,85,99,157,172,172,172,172,191,210,210,236,236,332,332,345,332,232,243,243,278,278,293,319,319,319,329,340,358,358,458,458,476,488,488,219,219,219,237,282,282,282,282,282,305,317,317,317],"floor_reached":50,"playtime":7927,"items_purged":["Injury","Defend_G","Defend_G"],"score":497,"play_id":"6510a8c7-7d4b-4d4b-9b0c-e5ff71afa460","local_time":"20190607090846","is_ascension_mode":false,"campfire_choices":[{"floor":8.0,"key":"REST"},{"data":"Cloak And Dagger","floor":10.0,"key":"SMITH"},{"data":"Poisoned Stab","floor":15.0,"key":"SMITH"},{"floor":24.0,"key":"REST"},{"floor":27.0,"key":"REST"},{"data":"Footwork","floor":32.0,"key":"SMITH"},{"data":"Crippling Poison","floor":40.0,"key":"SMITH"},{"floor":44.0,"key":"REST"},{"data":"After Image","floor":49.0,"key":"SMITH"}],"neow_cost":"CURSE","seed_source_timestamp":0,"circlet_count":0,"master_deck":["Defend_G+1","Defend_G","Defend_G","Survivor","Neutralize","PiercingWail","Dagger Throw","Cloak And Dagger+1","Poisoned Stab+1","Backflip","Crippling Poison+1","Envenom+1","Acrobatics","After Image+1","Sucker Punch+1","Footwork+1","Deflect+1","Bite","Bite","Bite","Bite","Blade Dance+1","Blur+1"],"special_seed":0,"relics":["Ring of the Snake","PreservedInsect","Tingsha","Tiny Chest","Paper Crane","Bottled Tornado","White Beast Statue","Frozen Egg 2","Happy Flower","Boot","Busted Crown","Lantern","Torii","Ginger","Mummified Hand","Bag of Preparation"],"potions_floor_usage":[50,50],"damage_taken":[{"damage":0.0,"enemies":"2 Louse","floor":1.0,"turns":3.0},{"damage":0.0,"enemies":"Small Slimes","floor":5.0,"turns":5.0},{"damage":12.0,"enemies":"Gremlin Nob","floor":6.0,"turns":4.0},{"damage":0.0,"enemies":"Cultist","floor":7.0,"turns":3.0},{"damage":0.0,"enemies":"2 Fungi Beasts","floor":11.0,"turns":3.0},{"damage":3.0,"enemies":"Exordium Thugs","floor":12.0,"turns":4.0},{"damage":4.0,"enemies":"Lagavulin","floor":14.0,"turns":5.0},{"damage":13.0,"enemies":"Slime Boss","floor":16.0,"turns":12.0},{"damage":6.0,"enemies":"3 Byrds","floor":18.0,"turns":8.0},{"damage":16.0,"enemies":"2 Thieves","floor":19.0,"turns":4.0},{"damage":28.0,"enemies":"Sentry and Sphere","floor":21.0,"turns":12.0},{"damage":12.0,"enemies":"Book of Stabbing","floor":23.0,"turns":8.0},{"damage":0.0,"enemies":"Chosen and Byrds","floor":25.0,"turns":7.0},{"damage":8.0,"enemies":"Centurion and Healer","floor":29.0,"turns":10.0},{"damage":9.0,"enemies":"Shelled Parasite and Fungi","floor":30.0,"turns":9.0},{"damage":3.0,"enemies":"Snake Plant","floor":31.0,"turns":8.0},{"damage":46.0,"enemies":"Champ","floor":33.0,"turns":16.0},{"damage":1.0,"enemies":"3 Shapes","floor":35.0,"turns":7.0},{"damage":0.0,"enemies":"Orb Walker","floor":36.0,"turns":3.0},{"damage":0.0,"enemies":"3 Darklings","floor":41.0,"turns":6.0},{"damage":29.0,"enemies":"2 Orb Walkers","floor":42.0,"turns":7.0},{"damage":0.0,"enemies":"Maw","floor":48.0,"turns":7.0},{"damage":67,"enemies":"Time Eater","floor":50,"turns":15}],"seed_played":"-2383002855458830209","potions_obtained":[{"floor":5.0,"key":"SteroidPotion"},{"floor":6.0,"key":"LiquidBronze"},{"floor":11.0,"key":"Dexterity Potion"},{"floor":18.0,"key":"Dexterity Potion"},{"floor":19.0,"key":"GhostInAJar"},{"floor":23.0,"key":"LiquidBronze"},{"floor":25.0,"key":"SkillPotion"},{"floor":29.0,"key":"SteroidPotion"},{"floor":31.0,"key":"GhostInAJar"},{"floor":33.0,"key":"PowerPotion"},{"floor":35.0,"key":"Weak Potion"},{"floor":42.0,"key":"AttackPotion"},{"floor":48.0,"key":"SpeedPotion"}],"is_trial":false,"path_per_floor":["M","$","?","?","M","E","M","R","T","R","M","M","?","E","R","B",null,"M","M","$","M","T","E","R","M","T","R","?","M","M","M","R","B",null,"M","M","?","$","T","R","M","?","T","R","?","?","T","M","R","B"],"character_chosen":"THE_SILENT","items_purchased":["PreservedInsect","Dagger Throw","Lantern"],"campfire_rested":4,"item_purchase_floors":[2,2,38],"current_hp_per_floor":[70,70,63,49,49,37,37,58,58,58,58,55,55,51,51,38,70,64,48,48,20,20,8,29,29,29,50,49,47,49,49,49,20,49,49,49,49,49,49,49,49,27,27,41,41,41,41,49,49,0],"gold":317,"neow_bonus":"TWO_FIFTY_GOLD","is_prod":false,"is_daily":false,"chose_seed":false,"campfire_upgraded":5,"win_rate":0.0,"timestamp":1559862526,"path_taken":["M","$","?","?","M","E","M","R","T","R","M","M","?","E","R","BOSS","M","M","$","M","?","E","R","M","T","R","?","M","M","M","R","BOSS","M","M","?","$","?","R","M","?","T","R","?","?","?","M","R","BOSS"],"build_version":"2019-01-23","purchased_purges":3,"victory":false,"max_hp_per_floor":[70,70,70,70,70,70,70,70,70,70,70,70,70,70,70,70,70,70,70,70,70,70,70,70,70,70,70,49,49,49,49,49,49,49,49,49,49,49,49,49,49,49,49,49,49,49,49,49,49,49],"card_choices":[{"not_picked":["Underhanded Strike","Acrobatics"],"picked":"PiercingWail","floor":1.0},{"not_picked":["Dagger Throw","Backflip"],"picked":"Cloak And Dagger","floor":5.0},{"not_picked":["Backflip","Skewer"],"picked":"Poisoned Stab","floor":6.0},{"not_picked":["Outmaneuver","Flying Knee"],"picked":"Backflip","floor":7.0},{"not_picked":["Dodge and Roll","Poisoned Stab"],"picked":"Crippling Poison","floor":11.0},{"not_picked":["PiercingWail","Flechettes"],"picked":"Envenom","floor":12.0},{"not_picked":["Dagger Spray","Backflip"],"picked":"Acrobatics","floor":14.0},{"not_picked":["Burst","Doppelganger"],"picked":"After Image","floor":16.0},{"not_picked":["Blade Dance","Eviscerate"],"picked":"Sucker Punch+1","floor":18.0},{"not_picked":["Underhanded Strike+1","Well Laid Plans"],"picked":"Footwork","floor":19.0},{"not_picked":["Calculated Gamble+1","Caltrops","Backflip+1"],"picked":"SKIP","floor":21.0},{"not_picked":["Quick Slash","Finisher"],"picked":"Deflect+1","floor":23.0},{"not_picked":["Dagger Spray","Masterful Stab","Flying Knee"],"picked":"SKIP","floor":25.0},{"not_picked":["Backflip+1","Acrobatics","Finisher"],"picked":"SKIP","floor":29.0},{"not_picked":["Slice","Cloak And Dagger","Terror"],"picked":"SKIP","floor":30.0},{"not_picked":["Sucker Punch","PiercingWail"],"picked":"Blade Dance+1","floor":31.0},{"not_picked":["Calculated Gamble"],"picked":"SKIP","floor":35.0},{"not_picked":[],"picked":"Blur+1","floor":36.0},{"not_picked":["Blade Dance"],"picked":"SKIP","floor":41.0},{"not_picked":["Flying Knee+1"],"picked":"SKIP","floor":48.0}],"player_experience":46335,"relics_obtained":[{"floor":6.0,"key":"Tiny Chest"},{"floor":9.0,"key":"Paper Crane"},{"floor":14.0,"key":"Bottled Tornado"},{"floor":22.0,"key":"Frozen Egg 2"},{"floor":23.0,"key":"Happy Flower"},{"floor":26.0,"key":"Boot"},{"floor":39.0,"key":"Torii"},{"floor":42.0,"key":"Ginger"},{"floor":43.0,"key":"Mummified Hand"},{"floor":47.0,"key":"Bag of Preparation"}],"event_choices":[{"damage_healed":0.0,"max_hp_gain":0.0,"max_hp_loss":0.0,"gold_gain":0.0,"event_name":"Scrap Ooze","player_choice":"Success","floor":3.0,"gold_loss":0.0,"damage_taken":7.0,"relics_obtained":["Tingsha"]},{"damage_healed":0.0,"max_hp_gain":0.0,"max_hp_loss":0.0,"gold_gain":0.0,"event_name":"Shining Light","player_choice":"Entered Light","floor":4.0,"gold_loss":0.0,"damage_taken":14.0,"cards_upgraded":["Strike_G","Defend_G"]},{"damage_healed":0.0,"max_hp_gain":0.0,"max_hp_loss":0.0,"gold_gain":0.0,"event_name":"Upgrade Shrine","player_choice":"Upgraded","floor":13.0,"gold_loss":0.0,"damage_taken":0.0,"cards_upgraded":["Envenom"]},{"damage_healed":0.0,"max_hp_gain":0.0,"max_hp_loss":21.0,"gold_gain":0.0,"event_name":"Vampires","player_choice":"Became a vampire","floor":28.0,"gold_loss":0.0,"damage_taken":0.0,"cards_obtained":["Bite","Bite","Bite","Bite","Bite"]},{"damage_healed":0.0,"max_hp_gain":0.0,"max_hp_loss":0.0,"gold_gain":0.0,"event_name":"Purifier","player_choice":"Ignored","floor":37.0,"gold_loss":0.0,"damage_taken":0.0},{"damage_healed":0.0,"max_hp_gain":0.0,"max_hp_loss":0.0,"gold_gain":0.0,"event_name":"Mysterious Sphere","player_choice":"Fight","floor":42.0,"gold_loss":0.0,"damage_taken":0.0},{"cards_removed":["Bite"],"damage_healed":0.0,"max_hp_gain":0.0,"max_hp_loss":0.0,"gold_gain":0.0,"event_name":"Falling","player_choice":"Removed Attack","floor":45.0,"gold_loss":0.0,"damage_taken":0.0},{"damage_healed":0.0,"max_hp_gain":0.0,"max_hp_loss":0.0,"gold_gain":0.0,"event_name":"SensoryStone","player_choice":"Memory 1","floor":46.0,"gold_loss":0.0,"damage_taken":0.0}],"is_beta":false,"boss_relics":[{"not_picked":["Runic Pyramid","Black Star"],"picked":"White Beast Statue"},{"not_picked":["Coffee Dripper","Lizard Tail"],"picked":"Busted Crown"}],"items_purged_floors":[2,20,38],"is_endless":false,"potions_floor_spawned":[5,6,11,18,19,21,23,25,29,30,31,33,35,36,41,42,48],"killed_by":"Time Eater","ascension_level":0}