{"gold_per_floor":[118,118,118,135,60,60,76,92,141,41,41,41,54,74,74,178,178,178],"floor_reached":18,"playtime":630,"items_purged":["Defend_R","Strike_R"],"score":152,"play_id":"f556cae7-b1c5-434f-959c-5cc4769ebe19","local_time":"20190429075345","is_ascension_mode":false,"campfire_choices":[{"data":"True Grit","floor":6,"key":"SMITH"},{"data":"Shrug It Off","floor":12,"key":"SMITH"},{"data":"Bash","floor":15,"key":"SMITH"}],"neow_cost":"TEN_PERCENT_HP_LOSS","seed_source_timestamp":575013011360,"circlet_count":0,"master_deck":["Strike_R","Strike_R","Strike_R","Defend_R","Defend_R","Bash+1","Shrug It Off+1","True Grit+1","Second Wind","Carnage","Barricade"],"relics":["Burning Blood","Bird Faced Urn","Art of War","Runic Pyramid"],"potions_floor_usage":[16],"damage_taken":[{"damage":5,"enemies":"2 Louse","floor":1,"turns":3},{"damage":0,"enemies":"Small Slimes","floor":4,"turns":3},{"damage":7,"enemies":"Cultist","floor":7,"turns":4},{"damage":21,"enemies":"Red Slaver","floor":8,"turns":5},{"damage":0,"enemies":"3 Louse","floor":13,"turns":5},{"damage":10,"enemies":"2 Fungi Beasts","floor":14,"turns":5},{"damage":39,"enemies":"Slime Boss","floor":16,"turns":13},{"damage":0,"enemies":"Spheric Guardian","floor":18,"turns":1}],"seed_played":"-7129743002361700511","potions_obtained":[{"floor":1,"key":"Swift Potion"},{"floor":13,"key":"GamblersBrew"},{"floor":14,"key":"Weak Potion"}],"is_trial":false,"path_per_floor":["M","?","?","M","$","R","M","M","T","$","?","R","M","M","R","B",null,"M"],"character_chosen":"IRONCLAD","items_purchased":[],"campfire_rested":0,"item_purchase_floors":[],"current_hp_per_floor":[72,77,77,77,77,77,76,61,61,61,54,54,60,56,56,23,77,77],"gold":178,"neow_bonus":"ONE_RARE_RELIC","is_prod":false,"is_daily":false,"chose_seed":false,"campfire_upgraded":3,"win_rate":0,"timestamp":1556492025,"path_taken":["M","?","?","?","$","R","M","M","T","?","?","R","M","M","R","BOSS","M"],"build_version":"2019-01-23","purchased_purges":2,"victory":false,"max_hp_per_floor":[72,77,77,77,77,77,77,77,77,77,77,77,77,77,77,77,77,77],"card_choices":[{"not_picked":["Dropkick","Warcry"],"picked":"Shrug It Off","floor":1},{"not_picked":["Anger","Seeing Red"],"picked":"True Grit","floor":4},{"not_picked":["Feel No Pain","True Grit"],"picked":"Second Wind","floor":7},{"not_picked":["Warcry","Havoc","Pommel Strike"],"picked":"SKIP","floor":8},{"not_picked":["Rupture","Pummel","Flex"],"picked":"SKIP","floor":13},{"not_picked":["Pummel","Rupture"],"picked":"Carnage","floor":14},{"not_picked":["Bludgeon","Brutality"],"picked":"Barricade","floor":16}],"player_experience":977921,"relics_obtained":[{"floor":9,"key":"Art of War"}],"event_choices":[{"damage_healed":0,"gold_gain":0,"player_choice":"Donut","damage_taken":0,"max_hp_gain":5,"max_hp_loss":0,"event_name":"Big Fish","floor":2,"gold_loss":0},{"cards_removed":["Defend_R"],"damage_healed":0,"gold_gain":0,"player_choice":"Offered Basic","damage_taken":0,"max_hp_gain":0,"max_hp_loss":0,"event_name":"Bonfire Elementals","floor":3,"gold_loss":0},{"cards_removed":["Strike_R"],"damage_healed":0,"gold_gain":0,"player_choice":"Card Removal","damage_taken":7,"max_hp_gain":0,"max_hp_loss":0,"event_name":"Golden Wing","floor":11,"gold_loss":0}],"is_beta":false,"boss_relics":[{"not_picked":["Orrery","Lizard Tail"],"picked":"Runic Pyramid"}],"items_purged_floors":[5,10],"is_endless":false,"potions_floor_spawned":[1,13,14],"killed_by":"Spheric Guardian","ascension_level":0}