{"gold_per_floor":[114,39,51,51,51,77,94,94,121,154,154,165,193,208,208,208],"floor_reached":16,"playtime":593,"items_purged":[],"score":290,"play_id":"dc2d313d-c7e8-48c8-9b9e-6f42aea446c8","local_time":"20190526223301","is_ascension_mode":true,"campfire_choices":[{"data":"Neutralize","floor":8,"key":"SMITH"},{"data":"Deflect","floor":11,"key":"SMITH"},{"data":"Distraction","floor":15,"key":"SMITH"}],"neow_cost":"NONE","seed_source_timestamp":23484837328280,"circlet_count":0,"master_deck":["AscendersBane","Defend_G","Defend_G","Defend_G","Defend_G","Strike_G","Strike_G","Strike_G","Strike_G","Survivor","Neutralize+1","Backflip","Deflect+1","Dagger Spray","Predator","Dash","Distraction+1","Leg Sweep","Quick Slash"],"relics":["Ring of the Snake","NeowsBlessing","Pen Nib","Happy Flower","Mercury Hourglass","Blood Vial"],"potions_floor_usage":[10,16,16],"damage_taken":[{"damage":0,"enemies":"2 Louse","floor":1,"turns":1},{"damage":0,"enemies":"Cultist","floor":3,"turns":1},{"damage":0,"enemies":"3 Sentries","floor":6,"turns":2},{"damage":1,"enemies":"Small Slimes","floor":7,"turns":3},{"damage":6,"enemies":"Gremlin Nob","floor":10,"turns":3},{"damage":16,"enemies":"Exordium Thugs","floor":12,"turns":4},{"damage":18,"enemies":"Lagavulin","floor":13,"turns":6},{"damage":0,"enemies":"3 Louse","floor":14,"turns":2},{"damage":32,"enemies":"Hexaghost","floor":16,"turns":14}],"seed_played":"-8376735222265577409","potions_obtained":[{"floor":3,"key":"Explosive Potion"},{"floor":7,"key":"FearPotion"},{"floor":12,"key":"SpeedPotion"}],"is_trial":false,"path_per_floor":["M","?","M","?","?","E","M","R","T","E","R","M","E","M","R","B"],"character_chosen":"THE_SILENT","items_purchased":[],"campfire_rested":0,"item_purchase_floors":[],"current_hp_per_floor":[59,59,59,52,66,66,65,65,65,59,59,43,25,27,27,0],"gold":208,"neow_bonus":"THREE_ENEMY_KILL","is_prod":false,"is_daily":false,"chose_seed":false,"campfire_upgraded":3,"win_rate":0,"timestamp":1558935181,"path_taken":["M","?","M","?","?","E","?","R","T","E","R","M","E","M","R","BOSS"],"build_version":"2019-01-23","purchased_purges":0,"victory":false,"max_hp_per_floor":[66,66,66,66,66,66,66,66,66,66,66,66,66,66,66,66],"card_choices":[{"not_picked":["Deadly Poison","Dodge and Roll"],"picked":"Backflip","floor":1},{"not_picked":["Choke","Backflip"],"picked":"Deflect","floor":3},{"not_picked":["Bane","PiercingWail"],"picked":"Dagger Spray","floor":6},{"not_picked":["Bane","Dagger Throw"],"picked":"Predator","floor":7},{"not_picked":["Underhanded Strike","PiercingWail"],"picked":"Dash","floor":10},{"not_picked":["Acrobatics","Accuracy"],"picked":"Distraction","floor":12},{"not_picked":["Skewer","Outmaneuver"],"picked":"Leg Sweep","floor":13},{"not_picked":["Deadly Poison","Poisoned Stab"],"picked":"Quick Slash","floor":14}],"player_experience":803132,"relics_obtained":[{"floor":6,"key":"Pen Nib"},{"floor":9,"key":"Happy Flower"},{"floor":10,"key":"Mercury Hourglass"},{"floor":13,"key":"Blood Vial"}],"event_choices":[{"cards_removed":["Strike_G"],"damage_healed":0,"gold_gain":0,"player_choice":"Card Removal","damage_taken":0,"max_hp_gain":0,"max_hp_loss":0,"event_name":"The Cleric","floor":2,"gold_loss":75},{"cards_removed":["Defend_G"],"damage_healed":0,"gold_gain":0,"player_choice":"Card Removal","damage_taken":7,"max_hp_gain":0,"max_hp_loss":0,"event_name":"Golden Wing","floor":4,"gold_loss":0},{"damage_healed":14,"gold_gain":0,"player_choice":"Full Heal","damage_taken":0,"max_hp_gain":0,"max_hp_loss":0,"event_name":"Wheel of Change","floor":5,"gold_loss":0}],"is_beta":false,"boss_relics":[],"items_purged_floors":[],"is_endless":false,"potions_floor_spawned":[3,7,12,13,14],"killed_by":"Hexaghost","ascension_level":20}