{"path_per_floor":["M","$","M","M","M","R","M","R","T","M","?","?","M","?","R","B",null,"M","M","$"],"character_chosen":"IRONCLAD","items_purchased":["Juzu Bracelet"],"gold_per_floor":[110,35,45,59,70,70,89,89,89,103,103,103,123,123,123,242,242,257,273,28,28],"floor_reached":21,"campfire_rested":0,"playtime":764,"item_purchase_floors":[20],"current_hp_per_floor":[80,80,80,80,80,80,79,79,79,80,80,80,80,60,60,14,80,80,41,41,0],"items_purged":["Strike_R","Defend_R"],"gold":28,"score":182,"play_id":"a231cd13-6dc7-4726-a0d5-48ef49b14fb4","local_time":"20180522020743","is_prod":false,"is_daily":false,"chose_seed":false,"is_ascension_mode":true,"campfire_upgraded":3,"timestamp":1526922463,"campfire_choices":[{"data":"Pommel Strike","floor":6,"key":"SMITH"},{"data":"Shrug It Off","floor":8,"key":"SMITH"},{"data":"Impervious","floor":15,"key":"SMITH"}],"path_taken":["M","$","M","?","M","R","?","R","T","M","?","?","M","?","R","BOSS","M","M","$","M"],"build_version":"2018-05-18","seed_source_timestamp":8793961106715,"purchased_purges":2,"victory":false,"master_deck":["Strike_R","Strike_R","Strike_R","Defend_R","Defend_R","Defend_R","Bash+1","Shrug It Off+1","Pommel Strike+1","Dropkick","Wild Strike","Impervious+1","Dark Embrace","Feel No Pain","Fire Breathing+1"],"max_hp_per_floor":[80,80,80,80,80,80,80,80,80,80,80,80,80,80,80,80,80,80,80,80,80],"relics":["Burning Blood","Ornamental Fan","Golden Idol","Eternal Feather","Juzu Bracelet"],"card_choices":[{"not_picked":["Sword Boomerang","Dropkick"],"picked":"Shrug It Off","floor":1},{"not_picked":["Rupture","Cleave","Shrug It Off"],"picked":"SKIP","floor":3},{"not_picked":["Evolve","Searing Blow","Armaments"],"picked":"SKIP","floor":4},{"not_picked":["Disarm","Sever Soul"],"picked":"Pommel Strike","floor":5},{"not_picked":["True Grit","Headbutt","Whirlwind"],"picked":"SKIP","floor":7},{"not_picked":["Disarm","Twin Strike"],"picked":"Dropkick","floor":10},{"not_picked":["True Grit","Feel No Pain"],"picked":"Impervious","floor":13},{"not_picked":["Berserk","Offering"],"picked":"Dark Embrace","floor":16},{"not_picked":["Battle Trance","Pommel Strike"],"picked":"Feel No Pain","floor":18},{"not_picked":["Evolve","Flex"],"picked":"Fire Breathing+1","floor":19}],"player_experience":113726,"potions_floor_usage":[16,19,21,21],"damage_taken":[{"damage":1,"enemies":"Cultist","floor":1,"turns":3},{"damage":2,"enemies":"Small Slimes","floor":3,"turns":4},{"damage":3,"enemies":"2 Louse","floor":4,"turns":3},{"damage":4,"enemies":"Blue Slaver","floor":5,"turns":4},{"damage":7,"enemies":"2 Fungi Beasts","floor":7,"turns":4},{"damage":0,"enemies":"Exordium Wildlife","floor":10,"turns":3},{"damage":0,"enemies":"Blue Slaver","floor":13,"turns":3},{"damage":52,"enemies":"Slime Boss","floor":16,"turns":12},{"damage":0,"enemies":"Chosen","floor":18,"turns":6},{"damage":53,"enemies":"Spheric Guardian","floor":19,"turns":6},{"damage":45,"enemies":"Snecko","floor":21,"turns":6}],"relics_obtained":[{"floor":9,"key":"Ornamental Fan"}],"event_choices":[{"event_name":"The Lab","player_choice":"Got Potions","floor":11,"damage_taken":0},{"event_name":"Transmorgrifier","player_choice":"Transform","floor":12,"damage_taken":0},{"event_name":"Golden Idol","player_choice":"Take Damage","floor":14,"damage_taken":0}],"boss_relics":[{"not_picked":["Snecko Eye","Runic Dome"],"picked":"Eternal Feather"}],"items_purged_floors":[2,20],"potions_floor_spawned":[3,5,13,16,19],"seed_played":"6042900435490338101","killed_by":"Snecko","ascension_level":1,"potions_obtained":[{"floor":3,"key":"PowerPotion"},{"floor":5,"key":"GamblersBrew"},{"floor":11,"key":"BloodPotion"},{"floor":13,"key":"Dexterity Potion"},{"floor":16,"key":"SteroidPotion"},{"floor":19,"key":"AttackPotion"}],"is_trial":false}