{"gold_per_floor":[119,67,67,17,17,17,48,61,61,10,10,28,28,28,28,131,131,142,67,86,102,102,113,77,87,87,87,87,0,14,25,25,25],"floor_reached":33,"playtime":1066,"items_purged":["Defend_R"],"score":245,"play_id":"4179841c-f3d6-4db4-bac3-9e5dcc619eee","local_time":"20180915113219","is_ascension_mode":false,"campfire_choices":[{"data":"Bash","floor":6,"key":"SMITH"},{"data":"Uppercut","floor":13,"key":"SMITH"},{"data":"Power Through","floor":15,"key":"SMITH"},{"floor":32,"key":"REST"}],"neow_cost":"TEN_PERCENT_HP_LOSS","seed_source_timestamp":146925071485,"circlet_count":0,"master_deck":["Strike_R","Strike_R+1","Strike_R","Strike_R","Strike_R","Defend_R","Bash+1","Pommel Strike","Perfected Strike+1","Berserk","Power Through+1","Uppercut+1","True Grit","Pommel Strike","Perfected Strike+1","Pommel Strike+1","Ghostly Armor","Perfected Strike","Normality","Clash"],"relics":["Burning Blood","Gambling Chip","Orichalcum","Champion Belt","Cursed Key","Unceasing Top"],"potions_floor_usage":[16,25,33,33],"damage_taken":[{"damage":5,"enemies":"Small Slimes","floor":1,"turns":3},{"damage":33,"enemies":"3 Sentries","floor":7,"turns":5},{"damage":0,"enemies":"2 Louse","floor":8,"turns":2},{"damage":0,"enemies":"Cultist","floor":12,"turns":2},{"damage":16,"enemies":"The Guardian","floor":16,"turns":8},{"damage":33,"enemies":"2 Thieves","floor":18,"turns":4},{"damage":4,"enemies":"Spheric Guardian","floor":20,"turns":3},{"damage":8,"enemies":"Chosen and Byrds","floor":21,"turns":3},{"damage":0,"enemies":"Snake Plant","floor":23,"turns":2},{"damage":27,"enemies":"Sentry and Sphere","floor":25,"turns":4},{"damage":2,"enemies":"3 Cultists","floor":30,"turns":4},{"damage":11,"enemies":"Shelled Parasite and Fungi","floor":31,"turns":3},{"damage":11,"enemies":"Automaton","floor":33,"turns":6}],"seed_played":"7742306932073152159","potions_obtained":[{"floor":12,"key":"SkillPotion"},{"floor":16,"key":"SteroidPotion"},{"floor":23,"key":"Swift Potion"},{"floor":31,"key":"Dexterity Potion"}],"is_trial":false,"path_per_floor":["M","$","?","?","?","R","E","M","T","$","?","M","R","$","R","B",null,"M","$","M","M","?","M","$","M","T","?","$","?","M","M","R"],"character_chosen":"IRONCLAD","items_purchased":["Perfected Strike","Swift Potion","Ghostly Armor"],"campfire_rested":1,"item_purchase_floors":[2,10,24],"current_hp_per_floor":[72,72,58,58,58,58,31,37,37,37,42,48,48,48,48,38,77,50,50,52,50,36,42,42,21,21,21,21,21,25,20,44,33],"gold":25,"neow_bonus":"ONE_RARE_RELIC","is_prod":false,"is_daily":false,"chose_seed":false,"campfire_upgraded":3,"win_rate":0,"timestamp":1536978739,"path_taken":["M","$","?","?","?","R","E","M","T","$","?","M","R","?","R","BOSS","M","$","M","M","?","M","$","?","T","?","$","?","?","M","R","BOSS"],"build_version":"2018-09-12","purchased_purges":1,"victory":false,"max_hp_per_floor":[72,72,72,72,72,72,72,72,72,72,77,77,77,77,77,77,77,77,77,77,77,82,82,82,82,82,82,82,82,82,82,82,82],"card_choices":[{"not_picked":["Sentinel","Heavy Blade"],"picked":"Pommel Strike","floor":1},{"not_picked":["Bludgeon","Body Slam","Searing Blow"],"picked":"SKIP","floor":7},{"not_picked":["Shockwave","Warcry"],"picked":"Power Through","floor":8},{"not_picked":["Iron Wave","Cleave"],"picked":"Uppercut","floor":12},{"not_picked":["Disarm+1","Hemokinesis"],"picked":"True Grit","floor":18},{"not_picked":["True Grit","Power Through"],"picked":"Pommel Strike","floor":20},{"not_picked":["Shrug It Off","Iron Wave"],"picked":"Perfected Strike+1","floor":21},{"not_picked":["Thunderclap+1","Hemokinesis"],"picked":"Pommel Strike+1","floor":23},{"not_picked":["Infernal Blade","Body Slam"],"picked":"Perfected Strike","floor":25},{"not_picked":["Limit Break","Body Slam","Cleave+1"],"picked":"SKIP","floor":30},{"not_picked":["Burning Pact","Thunderclap"],"picked":"Clash","floor":31}],"player_experience":205896,"relics_obtained":[{"floor":7,"key":"Orichalcum"},{"floor":9,"key":"Champion Belt"},{"floor":26,"key":"Unceasing Top"}],"event_choices":[{"event_name":"Shining Light","player_choice":"Entered Light","floor":3,"damage_taken":0},{"event_name":"The Cleric","player_choice":"Card Removal","floor":4,"damage_taken":0},{"event_name":"Living Wall","player_choice":"Change","floor":5,"damage_taken":0},{"event_name":"Big Fish","player_choice":"Donut","floor":11,"damage_taken":0},{"event_name":"Forgotten Altar","player_choice":"Shed Blood","floor":22,"damage_taken":0},{"event_name":"Ghosts","player_choice":"Ignored","floor":27,"damage_taken":0},{"event_name":"Masked Bandits","player_choice":"Paid Fearfully","floor":29,"damage_taken":0}],"is_beta":true,"boss_relics":[{"not_picked":["Fusion Hammer","Runic Dome"],"picked":"Cursed Key"}],"items_purged_floors":[19],"is_endless":false,"potions_floor_spawned":[12,16,23,31],"killed_by":"Automaton","ascension_level":0}