{"gold_per_floor":[213,213,230,242,38,38,38,48,48,61,91,107,107,121,121,219,219,238,153,153,172,192,192,206,206,206,206,222,242,89,189,189,293,293,312,312,89,99,117,117,133,133,214,22,22,39,39,57,57,57],"floor_reached":51,"playtime":2096,"items_purged":["Strike_R","Bash+1"],"score":678,"play_id":"399cd15f-4155-4302-bad5-c229643ebe9d","local_time":"20190319223124","is_ascension_mode":false,"campfire_choices":[{"data":"Rampage","floor":6.0,"key":"SMITH"},{"data":"Evolve","floor":13.0,"key":"SMITH"},{"data":"True Grit","floor":15.0,"key":"SMITH"},{"data":"Power Through","floor":23.0,"key":"SMITH"},{"floor":25.0,"key":"REST"},{"data":"Double Tap","floor":27.0,"key":"SMITH"},{"floor":32.0,"key":"REST"},{"data":"Battle Trance","floor":40,"key":"SMITH"},{"data":"Feel No Pain","floor":42,"key":"SMITH"},{"data":"Offering","floor":45,"key":"SMITH"},{"floor":49,"key":"REST"}],"neow_cost":"NONE","seed_source_timestamp":52022007536691,"circlet_count":0,"master_deck":["Defend_R+1","Defend_R","Rampage+1","Headbutt","Evolve+1","Shrug It Off+1","ReplayTheSpireMod:Stacked","Power Through+1","True Grit+1","Second Wind","Double Tap+1","Body Slam+1","Armaments+1","Wild Strike+1","Offering+1","Body Slam+1","Impervious","ReplayTheSpireMod:Faulty Equipment","ReplayTheSpireMod:IOU","Feel No Pain+1","Battle Trance+1","Feel No Pain+1","Dual Wield"],"special_seed":0,"relics":["Burning Blood","Gremlin Food","Molten Egg 2","ReplayTheSpireMod:DimensionalGlitch","Regal Pillow","Enchiridion","Pet Ghost","Magic Flower","Pear","Kintsugi","Happy Flower","Frozen Egg 2"],"potions_floor_usage":[50],"damage_taken":[{"damage":3.0,"enemies":"2 Louse","floor":1.0,"turns":3.0},{"damage":1.0,"enemies":"Cultist","floor":3.0,"turns":3.0},{"damage":2.0,"enemies":"Small Slimes","floor":4.0,"turns":3.0},{"damage":6.0,"enemies":"Gremlin Gang","floor":8.0,"turns":6.0},{"damage":10.0,"enemies":"Looter","floor":10.0,"turns":3.0},{"damage":8.0,"enemies":"Lagavulin","floor":11.0,"turns":7.0},{"damage":0.0,"enemies":"3 Louse","floor":12.0,"turns":2.0},{"damage":14.0,"enemies":"Exordium Wildlife","floor":14.0,"turns":4.0},{"damage":33.0,"enemies":"The Guardian","floor":16.0,"turns":13.0},{"damage":25.0,"enemies":"3 Byrds","floor":18.0,"turns":8.0},{"damage":10.0,"enemies":"Chosen","floor":21.0,"turns":5.0},{"damage":4.0,"enemies":"Snake Plant","floor":22.0,"turns":5.0},{"damage":19.0,"enemies":"3 Cultists","floor":24.0,"turns":6.0},{"damage":11.0,"enemies":"Cultist and Chosen","floor":28.0,"turns":8.0},{"damage":0.0,"enemies":"Centurion and Healer","floor":29.0,"turns":6.0},{"damage":16.0,"enemies":"Colosseum Slavers","floor":31.0,"turns":4.0},{"damage":13.0,"enemies":"Colosseum Nobs","floor":31.0,"turns":3.0},{"damage":13.0,"enemies":"Champ","floor":33.0,"turns":9.0},{"damage":9.0,"enemies":"Orb Walker","floor":35.0,"turns":1.0},{"damage":0,"enemies":"3 Darklings","floor":38,"turns":5},{"damage":15,"enemies":"4 Shapes","floor":39,"turns":4},{"damage":16,"enemies":"Jaw Worm Horde","floor":41,"turns":3},{"damage":12,"enemies":"Spire Growth","floor":46,"turns":4},{"damage":9,"enemies":"4 Shapes","floor":48,"turns":3},{"damage":37,"enemies":"Time Eater","floor":50,"turns":10}],"seed_played":"-4511494602226045887","potions_obtained":[{"floor":4.0,"key":"Dexterity Potion"},{"floor":8.0,"key":"Toxic Potion"},{"floor":11.0,"key":"Swift Potion"},{"floor":12.0,"key":"FairyPotion"},{"floor":28.0,"key":"Reflective Coating"},{"floor":41,"key":"FairyPotion"}],"is_trial":false,"path_per_floor":["M","?","M","M","$","R","?","M","T","M","E","M","R","M","R","B",null,"M","?","?","M","M","R","M","R","T","R","M","M","$","?","R","B",null,"M","?","$","M","M","R","M","R","T","$","R","M","$","M","R","B",null],"character_chosen":"IRONCLAD","items_purchased":["Evolve","Shrug It Off","Offering","Battle Trance","Happy Flower","Dual Wield","PowerPotion"],"campfire_rested":3,"item_purchase_floors":[5,5,30,37,37,44,44],"current_hp_per_floor":[80,80,80,80,80,80,80,80,80,76,74,80,80,72,72,45,80,58,58,33,26,25,25,9,48,48,48,40,43,43,30,72,64,90,86,86,86,90,80,80,69,69,69,69,69,62,62,58,90,58],"gold":57,"neow_bonus":"HUNDRED_GOLD","is_prod":false,"is_daily":false,"chose_seed":false,"campfire_upgraded":8,"win_rate":0,"timestamp":1553002284,"path_taken":["M","?","M","M","?","R","?","M","T","M","E","?","R","M","R","BOSS","M","?","?","M","?","R","M","R","T","R","M","M","$","?","R","BOSS","M","?","$","?","M","R","M","R","T","?","R","M","$","M","R","BOSS"],"build_version":"2019-01-23","purchased_purges":2,"victory":true,"max_hp_per_floor":[80,80,80,80,80,80,80,80,80,80,80,80,80,80,80,80,80,80,80,80,80,80,80,80,80,80,80,80,80,80,90,90,90,90,90,90,90,90,90,90,90,90,90,90,90,90,90,90,90,90],"card_choices":[{"not_picked":["Havoc","Combust"],"picked":"Rampage","floor":1.0},{"not_picked":["Searing Blow","Clothesline"],"picked":"Headbutt","floor":3.0},{"not_picked":["Pummel","Iron Wave","Sword Boomerang"],"picked":"SKIP","floor":4.0},{"not_picked":["Clothesline","Spot Weakness"],"picked":"ReplayTheSpireMod:Stacked","floor":8.0},{"not_picked":["Second Wind","Feel No Pain"],"picked":"Power Through","floor":10.0},{"not_picked":["Armaments","Intimidate"],"picked":"True Grit","floor":11.0},{"not_picked":["Carnage+1","Immolate+1"],"picked":"Second Wind","floor":12.0},{"not_picked":["Sword Boomerang+1","Flex","Havoc"],"picked":"SKIP","floor":14.0},{"not_picked":["Hemogenesis+1","Exhume"],"picked":"Double Tap","floor":16.0},{"not_picked":["Armaments","ReplayTheSpireMod:Strike From Hell+1","Defy Death"],"picked":"SKIP","floor":18.0},{"not_picked":["Dual Wield+1","ReplayTheSpireMod:Corrosion Curse","Cleave+1"],"picked":"SKIP","floor":21.0},{"not_picked":["Clothesline+1","Rampage+1"],"picked":"Body Slam+1","floor":22.0},{"not_picked":["Spot Weakness","Heavy Blade+1"],"picked":"Armaments+1","floor":24.0},{"not_picked":["Uppercut+1","Anger+1"],"picked":"Wild Strike+1","floor":28.0},{"not_picked":["Armaments","Havoc","Infernal Blade"],"picked":"SKIP","floor":29.0},{"not_picked":["ReplayTheSpireMod:Corrosion Curse+1","Perfected Strike+1"],"picked":"Body Slam+1","floor":31.0},{"not_picked":["Limit Break","Offering"],"picked":"Impervious","floor":33.0},{"not_picked":["Shrug It Off","Havoc"],"picked":"Feel No Pain+1","floor":35.0},{"not_picked":["Body Slam+1","Perfected Strike+1","Clash+1"],"picked":"SKIP","floor":38},{"not_picked":["Pummel+1","Infernal Blade","Dropkick+1"],"picked":"SKIP","floor":39},{"not_picked":["Pommel Strike+1","Iron Wave+1"],"picked":"Feel No Pain","floor":41},{"not_picked":["Warcry","Rampage+1","True Grit"],"picked":"SKIP","floor":46},{"not_picked":["Havoc+1","Cleave+1","Replay:Undeath\u0027s Touch+1"],"picked":"SKIP","floor":48}],"player_experience":854341,"relics_obtained":[{"floor":9.0,"key":"Gremlin Food"},{"floor":11.0,"key":"Molten Egg 2"},{"floor":20.0,"key":"Enchiridion"},{"floor":26.0,"key":"Pet Ghost"},{"floor":31.0,"key":"Magic Flower"},{"floor":31.0,"key":"Pear"},{"floor":43,"key":"Frozen Egg 2"}],"event_choices":[{"damage_healed":0.0,"max_hp_gain":0.0,"max_hp_loss":0.0,"gold_gain":0.0,"event_name":"Wheel of Change","player_choice":"Full Heal","floor":2.0,"gold_loss":0.0,"damage_taken":0.0},{"damage_healed":0.0,"max_hp_gain":0.0,"max_hp_loss":0.0,"gold_gain":0.0,"event_name":"Upgrade Shrine","player_choice":"Upgraded","floor":7.0,"gold_loss":0.0,"damage_taken":0.0,"cards_upgraded":["Bash"]},{"damage_healed":0.0,"max_hp_gain":0.0,"max_hp_loss":0.0,"gold_gain":0.0,"event_name":"Addict","player_choice":"Obtained Relic","floor":19.0,"gold_loss":85.0,"damage_taken":0.0,"relics_obtained":["Regal Pillow"]},{"damage_healed":0.0,"max_hp_gain":0.0,"max_hp_loss":0.0,"gold_gain":0.0,"event_name":"Cursed Tome","player_choice":"Obtained Book","floor":20.0,"gold_loss":0.0,"damage_taken":16.0},{"damage_healed":0.0,"max_hp_gain":0.0,"max_hp_loss":0.0,"gold_gain":0.0,"event_name":"Colosseum","player_choice":"Fight","floor":31.0,"gold_loss":0.0,"damage_taken":0.0},{"damage_healed":0.0,"max_hp_gain":0.0,"max_hp_loss":0.0,"gold_gain":0.0,"event_name":"Colosseum","player_choice":"Fought Nobs","floor":31.0,"gold_loss":0.0,"damage_taken":0.0},{"cards_removed":["Defend_R"],"damage_healed":0.0,"max_hp_gain":0.0,"max_hp_loss":0.0,"gold_gain":0.0,"event_name":"Purifier","player_choice":"Purged","floor":36.0,"gold_loss":0.0,"damage_taken":0.0}],"is_beta":false,"boss_relics":[{"not_picked":["Honey Jar","Ectoplasm"],"picked":"ReplayTheSpireMod:DimensionalGlitch"},{"not_picked":["Painkiller Herb","Busted Crown"],"picked":"Kintsugi"}],"items_purged_floors":[5,44],"is_endless":false,"potions_floor_spawned":[4,8,11,12,22,24,28,29,31,41],"ascension_level":0}