{"gold_per_floor":[118,98,110,110,124,124,141,173,173,173,200,220,220,220],"floor_reached":14,"playtime":647,"items_purged":[],"score":200,"play_id":"992addcf-c667-4006-879b-2f062be7f727","local_time":"20190528023821","is_ascension_mode":true,"campfire_choices":[{"floor":6.0,"key":"REST"},{"floor":10.0,"key":"REST"}],"neow_cost":"PERCENT_DAMAGE","seed_source_timestamp":55093750983067,"circlet_count":0,"master_deck":["AscendersBane","Defend_G","Defend_G","Defend_G","Defend_G","Defend_G","Strike_G","Strike_G","Strike_G","Strike_G","Survivor","Neutralize","Deep Breath","Flash of Steel","Quick Slash","Backflip","Bullet Time","Sucker Punch","Slice","A Thousand Cuts","Quick Slash+1"],"special_seed":0,"relics":["Ring of the Snake","PreservedInsect","Snake Skull","Molten Egg 2"],"potions_floor_usage":[],"damage_taken":[{"damage":14.0,"enemies":"Jaw Worm","floor":1.0,"turns":6.0},{"damage":1.0,"enemies":"Cultist","floor":3.0,"turns":5.0},{"damage":1.0,"enemies":"Small Slimes","floor":5.0,"turns":4.0},{"damage":1.0,"enemies":"2 Fungi Beasts","floor":7.0,"turns":6.0},{"damage":23.0,"enemies":"3 Sentries","floor":8.0,"turns":12.0},{"damage":19.0,"enemies":"Gremlin Nob","floor":11.0,"turns":4.0},{"damage":8.0,"enemies":"Blue Slaver","floor":12.0,"turns":3.0},{"damage":10,"enemies":"3 Louse","floor":14,"turns":1}],"seed_played":"-2342741519835329261","potions_obtained":[{"floor":1.0,"key":"Swift Potion"},{"floor":2.0,"key":"Strength Potion"},{"floor":5.0,"key":"Block Potion"},{"floor":8.0,"key":"Swift Potion"}],"is_trial":false,"path_per_floor":["M","?","M","?","M","R","M","E","T","R","E","M","?","M"],"character_chosen":"THE_SILENT","items_purchased":[],"campfire_rested":2,"item_purchase_floors":[],"current_hp_per_floor":[30,30,29,22,21,40,39,16,16,35,16,8,8,0],"gold":220,"neow_bonus":"RANDOM_COLORLESS_2","is_prod":false,"is_daily":false,"chose_seed":false,"campfire_upgraded":0,"win_rate":0,"timestamp":1559036301,"path_taken":["M","?","?","?","M","R","M","E","T","R","E","M","?","M"],"build_version":"2019-01-23","purchased_purges":0,"victory":false,"max_hp_per_floor":[66,66,66,66,66,66,66,66,66,66,66,66,66,66],"card_choices":[{"not_picked":["Prepared","Underhanded Strike"],"picked":"Quick Slash","floor":1.0},{"not_picked":["Bane","Prepared"],"picked":"Backflip","floor":3.0},{"not_picked":["Outmaneuver","PiercingWail"],"picked":"Bullet Time","floor":5.0},{"not_picked":["Dodge and Roll","Prepared"],"picked":"Sucker Punch","floor":7.0},{"not_picked":["Blade Dance","Endless Agony"],"picked":"Slice","floor":8.0},{"not_picked":["Burst","Acrobatics"],"picked":"A Thousand Cuts","floor":11.0},{"not_picked":["Flying Knee+1","Prepared"],"picked":"Quick Slash+1","floor":12.0}],"player_experience":810370,"relics_obtained":[{"floor":8.0,"key":"PreservedInsect"},{"floor":9.0,"key":"Snake Skull"},{"floor":11.0,"key":"Molten Egg 2"}],"event_choices":[{"damage_healed":0.0,"max_hp_gain":0.0,"max_hp_loss":0.0,"gold_gain":0.0,"event_name":"The Woman in Blue","player_choice":"Bought 1 Potion","floor":2.0,"gold_loss":0.0,"damage_taken":0.0},{"cards_removed":["Strike_G"],"damage_healed":0.0,"max_hp_gain":0.0,"max_hp_loss":0.0,"gold_gain":0.0,"event_name":"Golden Wing","player_choice":"Card Removal","floor":4.0,"gold_loss":0.0,"damage_taken":7.0},{"damage_healed":0,"gold_gain":0,"player_choice":"Searched \u00270\u0027 times","damage_taken":0,"max_hp_gain":0,"max_hp_loss":0,"event_name":"Dead Adventurer","floor":13,"gold_loss":0}],"is_beta":false,"boss_relics":[],"items_purged_floors":[],"is_endless":false,"potions_floor_spawned":[1,5,8],"killed_by":"3 Louse","ascension_level":20}