{"path_per_floor":["M","M","$","M","?","R","M","R","T","M","R","M","$","M","R","B",null,"M","M","M","?","?","R","M","R","T","M","$","M","?","M","R","B",null,"M","M","$","M","M","R","M","M","T","R","$","E","R","M","R"],"character_chosen":"IRONCLAD","items_purchased":["Flame Barrier","Bandage Up","Flex","Headbutt"],"gold_per_floor":[113,126,17,28,28,28,43,43,69,83,83,96,2,21,21,116,116,135,151,169,92,92,92,102,102,102,120,20,31,31,51,51,147,147,159,172,24,44,60,60,77,93,118,118,68,98,98,108,108,108],"floor_reached":50,"campfire_rested":2,"playtime":2715,"current_hp_per_floor":[46,49,49,55,55,55,50,50,50,53,53,51,51,61,61,8,96,68,41,33,33,33,33,43,43,43,37,37,43,27,39,67,42,96,86,93,93,82,66,66,80,91,91,91,91,47,47,38,66,0],"items_purged":["Strike_R","Clumsy","Injury"],"gold":108,"score":597,"play_id":"e54cc25a-96d9-4aab-8413-34bd09487fd7","local_time":"20180509022111","is_prod":false,"is_daily":false,"chose_seed":false,"is_ascension_mode":false,"campfire_upgraded":9,"timestamp":1525800071,"path_taken":["M","M","$","M","?","R","M","R","T","M","R","M","$","?","R","BOSS","M","M","M","?","?","R","M","R","T","?","$","M","?","M","R","BOSS","M","M","$","M","M","R","M","M","T","R","$","E","R","M","R","BOSS"],"build_version":"2018-05-07","seed_source_timestamp":16255628119211,"purchased_purges":3,"victory":false,"master_deck":["Defend_R","Defend_R","Defend_R","Defend_R","Bash","Flex","Searing Blow+9","Flame Barrier","Warcry","Battle Trance","Ghostly Armor","Battle Trance","Bandage Up","Burning Pact","Demon Form","Parasite","Thunderclap+1","Headbutt","Intimidate","J.A.X.","Bite","Bite","Bite","Bite","Bite","Limit Break","Headbutt+1","Headbutt+1","Flame Barrier+1","Necronomicurse","Anger","Double Tap","Anger","Flex","Seeing Red","Shockwave+1","Inflame+1","Headbutt","Flex+1"],"max_hp_per_floor":[96,96,96,96,96,96,96,96,96,96,96,96,96,96,96,96,96,96,96,96,96,96,96,96,96,96,96,96,96,96,96,96,96,96,96,96,96,96,96,96,96,96,96,96,96,96,96,96,96,96],"relics":["Black Blood","Prayer Wheel","Calling Bell","Ice Cream","Gremlin Horn","Gambling Chip","Necronomicon","Bronze Scales","Bag of Marbles"],"card_choices":[{"not_picked":["Clothesline","Burning Pact"],"picked":"Flex","floor":1},{"not_picked":["Thunderclap","Wild Strike"],"picked":"Searing Blow","floor":2},{"not_picked":["Perfected Strike","True Grit"],"picked":"Warcry","floor":4},{"not_picked":["Clothesline","Wild Strike"],"picked":"Battle Trance","floor":7},{"not_picked":["Clash","Feel No Pain"],"picked":"Ghostly Armor","floor":10},{"not_picked":["Thunderclap","Brutality"],"picked":"Battle Trance","floor":12},{"not_picked":["Intimidate","Armaments"],"picked":"Burning Pact","floor":14},{"not_picked":["Bludgeon","Fiend Fire"],"picked":"Demon Form","floor":16},{"not_picked":["Twin Strike","Heavy Blade"],"picked":"Thunderclap","floor":18},{"not_picked":["Wild Strike","Flex"],"picked":"Headbutt","floor":19},{"not_picked":["Hemokinesis","Thunderclap"],"picked":"Intimidate","floor":20},{"not_picked":["Disarm","Pommel Strike"],"picked":"Limit Break","floor":24},{"not_picked":["Iron Wave","Heavy Blade"],"picked":"Headbutt","floor":26},{"not_picked":["Thunderclap","Clothesline"],"picked":"Headbutt","floor":27},{"not_picked":["Twin Strike","Burning Pact"],"picked":"Flame Barrier","floor":29},{"not_picked":["Intimidate","Thunderclap"],"picked":"Anger","floor":31},{"not_picked":["Juggernaut","Brutality"],"picked":"Double Tap","floor":33},{"not_picked":["Clash","Body Slam"],"picked":"Anger","floor":35},{"not_picked":["Bloodletting","Shrug It Off"],"picked":"Seeing Red","floor":41},{"not_picked":["Power Through","Clash"],"picked":"Shockwave","floor":42},{"not_picked":["Anger","Flex"],"picked":"Inflame","floor":43},{"not_picked":["Entrench","Twin Strike"],"picked":"Flex","floor":48}],"player_experience":13734,"potions_floor_usage":[16,24,33,33,38,46,50,50],"damage_taken":[{"damage":8,"enemies":"Cultist","floor":1,"turns":5},{"damage":3,"enemies":"Small Slimes","floor":2,"turns":3},{"damage":0,"enemies":"Jaw Worm","floor":4,"turns":4},{"damage":11,"enemies":"Blue Slaver","floor":7,"turns":5},{"damage":3,"enemies":"3 Louse","floor":10,"turns":4},{"damage":8,"enemies":"Large Slime","floor":12,"turns":5},{"damage":0,"enemies":"Looter","floor":14,"turns":3},{"damage":63,"enemies":"Hexaghost","floor":16,"turns":12},{"damage":38,"enemies":"3 Byrds","floor":18,"turns":7},{"damage":39,"enemies":"Spheric Guardian","floor":19,"turns":7},{"damage":20,"enemies":"Centurion and Healer","floor":20,"turns":7},{"damage":8,"enemies":"Snecko","floor":24,"turns":4},{"damage":26,"enemies":"Chosen and Byrds","floor":27,"turns":7},{"damage":0,"enemies":"Snake Plant","floor":29,"turns":2},{"damage":0,"enemies":"Snecko","floor":31,"turns":2},{"damage":35,"enemies":"Automaton","floor":33,"turns":5},{"damage":24,"enemies":"3 Darklings","floor":35,"turns":4},{"damage":3,"enemies":"Orb Walker","floor":36,"turns":1},{"damage":34,"enemies":"4 Shapes","floor":38,"turns":4},{"damage":38,"enemies":"Sphere and 2 Shapes","floor":39,"turns":4},{"damage":2,"enemies":"Maw","floor":41,"turns":3},{"damage":3,"enemies":"Spire Growth","floor":42,"turns":3},{"damage":58,"enemies":"2 Orb Walkers","floor":46,"turns":5},{"damage":23,"enemies":"Sphere and 2 Shapes","floor":48,"turns":4},{"damage":77,"enemies":"Donu and Deca","floor":50,"turns":5}],"event_choices":[{"event_name":"Liars Game","player_choice":"disagreed","floor":5,"damage_taken":0},{"event_name":"Drug Dealer","player_choice":"Got JAXXED","floor":21,"damage_taken":0},{"event_name":"Vampires","player_choice":"Became a vampire (Vial)","floor":22,"damage_taken":0},{"event_name":"Cursed Tome","player_choice":"Obtained Book","floor":30,"damage_taken":0}],"boss_relics":[{"not_picked":["Cursed Key","Ectoplasm"],"picked":"Calling Bell"},{"not_picked":["Runic Pyramid","Lizard Tail"],"picked":"Black Blood"}],"potions_floor_spawned":[4,7,12,14,16,18,19,24,31,33,36,39,42],"seed_played":"2193682442604809793","killed_by":"Donu and Deca","ascension_level":0,"is_trial":false}