{"path_per_floor":["M","M","M","$","M","R","E","R","T","M","$","?","M","M","R","B",null,"M","$","?","M","M","R","M","E","T","E","M","?"],"character_chosen":"IRONCLAD","items_purchased":["Seeing Red","Clash","Dark Shackles","Anger"],"gold_per_floor":[119,134,151,66,83,83,116,116,186,202,21,21,39,56,56,156,156,156,8,8,8,8,8,8,8,8,8,8,8,8],"floor_reached":30,"campfire_rested":2,"playtime":1416,"current_hp_per_floor":[76,80,77,77,80,80,31,55,55,52,52,52,58,64,80,13,80,76,76,76,80,77,77,80,38,38,13,13,13,0],"items_purged":["Strike_R","Strike_R"],"gold":8,"score":274,"play_id":"66adc766-9a49-42dc-b27c-348d9ec81727","local_time":"20180509153529","is_prod":false,"is_daily":false,"chose_seed":false,"is_ascension_mode":false,"campfire_upgraded":2,"timestamp":1525847729,"path_taken":["M","M","M","$","M","R","E","R","T","?","$","?","M","?","R","BOSS","M","$","?","M","M","R","M","E","T","E","M","?","?"],"build_version":"2018-05-07","seed_source_timestamp":11064970542437,"purchased_purges":2,"victory":false,"master_deck":["Strike_R","Strike_R","Defend_R","Defend_R","Defend_R","Defend_R","Bash","Rage","Armaments+1","Seeing Red+1","Clash","Pommel Strike+1","Dark Shackles","Anger+1","Demon Form","Anger+1","Anger+1","Flex","Shrug It Off","Juggernaut","Rage"],"max_hp_per_floor":[80,80,80,80,80,80,80,80,80,80,80,80,80,80,80,80,80,80,80,80,80,80,80,80,80,80,80,80,80,80],"relics":["Burning Blood","Bird Faced Urn","Molten Egg 2","Ectoplasm","Anchor","Gremlin Horn","Dream Catcher"],"card_choices":[{"not_picked":["Feel No Pain","Inflame"],"picked":"Armaments","floor":2},{"not_picked":["Shrug It Off","Double Tap"],"picked":"Pommel Strike","floor":7},{"not_picked":["Perfected Strike","Heavy Blade"],"picked":"Anger","floor":14},{"not_picked":["Exhume","Immolate"],"picked":"Demon Form","floor":16},{"not_picked":["Clash","Feel No Pain"],"picked":"Flex","floor":21},{"not_picked":["Twin Strike","Havoc"],"picked":"Shrug It Off","floor":22},{"not_picked":["Heavy Blade","Perfected Strike"],"picked":"Juggernaut","floor":24},{"not_picked":["Impervious","Havoc"],"picked":"Rage","floor":27}],"player_experience":27956,"potions_floor_usage":[16,16,27,28,28],"damage_taken":[{"damage":10,"enemies":"Cultist","floor":1,"turns":4},{"damage":2,"enemies":"Jaw Worm","floor":2,"turns":4},{"damage":9,"enemies":"2 Louse","floor":3,"turns":3},{"damage":3,"enemies":"2 Fungi Beasts","floor":5,"turns":4},{"damage":55,"enemies":"Gremlin Nob","floor":7,"turns":6},{"damage":9,"enemies":"Exordium Thugs","floor":10,"turns":4},{"damage":0,"enemies":"Exordium Wildlife","floor":13,"turns":5},{"damage":0,"enemies":"Red Slaver","floor":14,"turns":4},{"damage":75,"enemies":"Hexaghost","floor":16,"turns":11},{"damage":10,"enemies":"Chosen","floor":18,"turns":5},{"damage":2,"enemies":"Shell Parasite","floor":21,"turns":4},{"damage":9,"enemies":"Centurion and Healer","floor":22,"turns":6},{"damage":4,"enemies":"3 Cultists","floor":24,"turns":5},{"damage":52,"enemies":"Book of Stabbing","floor":25,"turns":6},{"damage":33,"enemies":"Gremlin Leader","floor":27,"turns":7},{"damage":10,"enemies":"Snecko","floor":28,"turns":4},{"damage":17,"enemies":"Centurion and Healer","floor":30,"turns":2}],"event_choices":[{"event_name":"Living Wall","player_choice":"Grow","floor":12,"damage_taken":0},{"event_name":"The Library","player_choice":"Read","floor":20,"damage_taken":0},{"event_name":"Vampires","player_choice":"Ignored","floor":29,"damage_taken":0}],"boss_relics":[{"not_picked":["Lizard Tail","Snecko Eye"],"picked":"Ectoplasm"}],"potions_floor_spawned":[1,7,16,18,25],"seed_played":"-3781515645940729630","killed_by":"Centurion and Healer","ascension_level":0,"is_trial":false}