{"gold_per_floor":[119,119,44,97,97,130,130,130,130,143,143,154,188,203,203,275,275,275,1,1,1,1,1,1,1,1,1,0,0,0,0,0,0,0,0,0,0,0,0,0,0,0,0,0,0,0,0,0,0,0],"floor_reached":51,"playtime":2075,"items_purged":[],"score":1549,"play_id":"f5db277c-3537-445b-a2b4-77500e5de015","local_time":"20190606141928","is_ascension_mode":true,"campfire_choices":[{"data":"Bash","floor":7.0,"key":"SMITH"},{"data":"Disarm","floor":11.0,"key":"SMITH"},{"data":"Limit Break","floor":15.0,"key":"SMITH"},{"floor":24.0,"key":"REST"},{"data":"1","floor":27.0,"key":"LIFT"},{"data":"2","floor":29.0,"key":"LIFT"},{"floor":32.0,"key":"REST"},{"data":"3","floor":40,"key":"LIFT"},{"floor":42,"key":"REST"},{"floor":49,"key":"REST"}],"neow_cost":"TEN_PERCENT_HP_LOSS","seed_source_timestamp":0,"circlet_count":0,"master_deck":["AscendersBane","Strike_R","Strike_R","Strike_R","Strike_R","Defend_R","Defend_R","Bash+1","Inflame","Disarm+1","Twin Strike","Cleave","Limit Break+1","Battle Trance","Demon Form","Ghostly Armor","Shrug It Off+1","Warcry+1","Metallicize","Flame Barrier","Feed","Metallicize+1","Clash+1","Twin Strike+1"],"special_seed":0,"relics":["Burning Blood","Thread and Needle","Red Skull","Oddly Smooth Stone","Bottled Lightning","Paper Frog","Gambling Chip","Ectoplasm","Kunai","Dodecahedron","Girya","Gremlin Horn","Letter Opener","Frozen Egg 2","Fusion Hammer","Red Mask","MawBank","The Courier","Prayer Wheel"],"potions_floor_usage":[44,45,50,50],"damage_taken":[{"damage":3.0,"enemies":"2 Louse","floor":1.0,"turns":3.0},{"damage":42.0,"enemies":"3 Sentries","floor":6.0,"turns":9.0},{"damage":0.0,"enemies":"Jaw Worm","floor":10.0,"turns":4.0},{"damage":0.0,"enemies":"Small Slimes","floor":12.0,"turns":3.0},{"damage":17.0,"enemies":"Gremlin Nob","floor":13.0,"turns":4.0},{"damage":11.0,"enemies":"Exordium Thugs","floor":14.0,"turns":3.0},{"damage":0.0,"enemies":"The Guardian","floor":16.0,"turns":6.0},{"damage":20.0,"enemies":"Shell Parasite","floor":18.0,"turns":4.0},{"damage":39.0,"enemies":"Slavers","floor":23.0,"turns":5.0},{"damage":0.0,"enemies":"Book of Stabbing","floor":25.0,"turns":5.0},{"damage":1.0,"enemies":"2 Thieves","floor":28.0,"turns":2.0},{"damage":6.0,"enemies":"Chosen and Byrds","floor":30.0,"turns":5.0},{"damage":24.0,"enemies":"Slavers","floor":31.0,"turns":5.0},{"damage":30.0,"enemies":"Automaton","floor":33.0,"turns":8.0},{"damage":12,"enemies":"Orb Walker","floor":35,"turns":4},{"damage":11,"enemies":"3 Darklings","floor":36,"turns":4},{"damage":30,"enemies":"Jaw Worm Horde","floor":39,"turns":5},{"damage":0,"enemies":"Transient","floor":41,"turns":6},{"damage":13,"enemies":"Reptomancer","floor":44,"turns":5},{"damage":28,"enemies":"2 Orb Walkers","floor":45,"turns":5},{"damage":11,"enemies":"4 Shapes","floor":46,"turns":4},{"damage":34,"enemies":"Time Eater","floor":50,"turns":6}],"seed_played":"-123930932990484036","potions_obtained":[{"floor":10.0,"key":"BloodPotion"},{"floor":14.0,"key":"EssenceOfSteel"},{"floor":23.0,"key":"SkillPotion"},{"floor":25.0,"key":"SkillPotion"},{"floor":28.0,"key":"LiquidBronze"},{"floor":33.0,"key":"Strength Potion"},{"floor":44,"key":"SpeedPotion"},{"floor":46,"key":"SteroidPotion"}],"is_trial":false,"path_per_floor":["M","?","?","T","?","E","R","T","T","M","R","M","E","M","R","B",null,"M","$","T","?","$","E","R","E","T","R","M","R","M","E","R","B",null,"M","M","$","?","M","R","M","R","T","E","?","M","?","$","R","B",null],"character_chosen":"IRONCLAD","items_purchased":["Kunai"],"campfire_rested":4,"item_purchase_floors":[19],"current_hp_per_floor":[68,68,68,68,68,32,32,32,32,38,38,44,33,28,28,34,60,46,46,46,46,46,13,33,39,39,39,44,44,44,26,46,22,57,51,49,49,49,28,28,34,56,56,56,34,29,29,29,51,23],"gold":0,"neow_bonus":"ONE_RARE_RELIC","is_prod":false,"is_daily":false,"chose_seed":false,"campfire_upgraded":3,"win_rate":0,"timestamp":1559801968,"path_taken":["M","?","?","?","?","E","R","?","T","M","R","M","E","M","R","BOSS","M","?","?","?","$","E","R","E","T","R","M","R","M","E","R","BOSS","M","?","$","?","M","R","M","R","T","E","?","M","?","$","R","BOSS"],"build_version":"2019-01-23","purchased_purges":0,"victory":true,"max_hp_per_floor":[68,68,68,68,68,68,68,68,68,68,68,68,68,68,68,68,68,68,68,68,68,68,68,68,68,68,68,68,68,68,68,68,68,68,68,71,71,71,74,74,74,74,74,74,74,74,74,74,74,74],"card_choices":[{"not_picked":["Anger","Sword Boomerang"],"picked":"Inflame","floor":1.0},{"not_picked":["Sword Boomerang","Feel No Pain"],"picked":"Disarm","floor":6.0},{"not_picked":["Clash","Thunderclap"],"picked":"Twin Strike","floor":10.0},{"not_picked":["Clash","Wild Strike"],"picked":"Cleave","floor":12.0},{"not_picked":["Sword Boomerang","Sentinel"],"picked":"Limit Break","floor":13.0},{"not_picked":["Rage","Anger"],"picked":"Battle Trance","floor":14.0},{"not_picked":["Immolate","Berserk"],"picked":"Demon Form","floor":16.0},{"not_picked":["Wild Strike","Bloodletting+1"],"picked":"Ghostly Armor","floor":18.0},{"not_picked":["Wild Strike","Iron Wave","Clash"],"picked":"SKIP","floor":23.0},{"not_picked":["Uppercut+1","Rampage"],"picked":"Shrug It Off+1","floor":25.0},{"not_picked":["Clothesline","Cleave"],"picked":"Warcry+1","floor":28.0},{"not_picked":["Pommel Strike+1","Clothesline"],"picked":"Metallicize","floor":30.0},{"not_picked":["Reckless Charge","Blood for Blood"],"picked":"Flame Barrier","floor":31.0},{"not_picked":["Juggernaut+1","Exhume"],"picked":"Feed","floor":33.0},{"not_picked":["Evolve+1","Thunderclap+1"],"picked":"Metallicize+1","floor":35},{"not_picked":["Iron Wave","Twin Strike","Havoc"],"picked":"SKIP","floor":36},{"not_picked":["Seeing Red","Perfected Strike+1"],"picked":"Clash+1","floor":39},{"not_picked":["Dual Wield","Spot Weakness","Pommel Strike+1"],"picked":"SKIP","floor":41},{"not_picked":["True Grit+1","Warcry"],"picked":"Twin Strike+1","floor":44},{"not_picked":["Perfected Strike","Juggernaut+1","Shrug It Off"],"picked":"SKIP","floor":46},{"not_picked":["Anger","Wild Strike+1","Rage"],"picked":"SKIP","floor":46}],"player_experience":635199,"relics_obtained":[{"floor":4.0,"key":"Red Skull"},{"floor":6.0,"key":"Oddly Smooth Stone"},{"floor":8.0,"key":"Bottled Lightning"},{"floor":9.0,"key":"Paper Frog"},{"floor":13.0,"key":"Gambling Chip"},{"floor":20.0,"key":"Dodecahedron"},{"floor":23.0,"key":"Girya"},{"floor":25.0,"key":"Gremlin Horn"},{"floor":26.0,"key":"Letter Opener"},{"floor":31.0,"key":"Frozen Egg 2"},{"floor":43,"key":"MawBank"},{"floor":44,"key":"The Courier"},{"floor":45,"key":"Prayer Wheel"}],"event_choices":[{"damage_healed":0.0,"max_hp_gain":0.0,"max_hp_loss":0.0,"gold_gain":0.0,"event_name":"Liars Game","player_choice":"Ignored","floor":2.0,"gold_loss":0.0,"damage_taken":0.0},{"cards_removed":["Strike_R"],"damage_healed":0.0,"max_hp_gain":0.0,"max_hp_loss":0.0,"gold_gain":0.0,"event_name":"The Cleric","player_choice":"Card Removal","floor":3.0,"gold_loss":75.0,"damage_taken":0.0},{"cards_removed":["Defend_R"],"damage_healed":0.0,"max_hp_gain":0.0,"max_hp_loss":0.0,"gold_gain":0.0,"event_name":"Living Wall","player_choice":"Forget","floor":5.0,"gold_loss":0.0,"damage_taken":0.0},{"damage_healed":0.0,"max_hp_gain":0.0,"max_hp_loss":0.0,"gold_gain":0.0,"event_name":"Match and Keep!","player_choice":"0 cards matched","floor":21.0,"gold_loss":0.0,"damage_taken":0.0,"cards_obtained":[]},{"damage_healed":0,"gold_gain":0,"player_choice":"Paid","damage_taken":0,"relics_obtained":["Red Mask"],"max_hp_gain":0,"max_hp_loss":0,"event_name":"Tomb of Lord Red Mask","floor":38,"gold_loss":0},{"damage_healed":0,"gold_gain":0,"player_choice":"Fight","damage_taken":0,"max_hp_gain":0,"max_hp_loss":0,"event_name":"Mysterious Sphere","floor":45,"gold_loss":0},{"cards_removed":["Defend_R"],"damage_healed":0,"gold_gain":0,"player_choice":"Removed Skill","damage_taken":0,"max_hp_gain":0,"max_hp_loss":0,"event_name":"Falling","floor":47,"gold_loss":0}],"is_beta":false,"boss_relics":[{"not_picked":["Black Blood","Mark of Pain"],"picked":"Ectoplasm"},{"not_picked":["White Beast Statue","Calling Bell"],"picked":"Fusion Hammer"}],"items_purged_floors":[],"is_endless":false,"potions_floor_spawned":[10,14,23,25,28,33,39,41,44,46],"ascension_level":18}