{"gold_per_floor":[12,28,39,4,4,4,30,30,55,55,69,92,92,5,5,81,81,95,95,95,95,114,114,125,125,125,125,137,169,3,3,3,77,77,97,97,97,97],"floor_reached":38,"playtime":1045,"items_purged":[],"score":736,"play_id":"602c6d6e-ffd6-41f5-bfff-c1204b1d599b","local_time":"20190528011745","is_ascension_mode":true,"campfire_choices":[{"data":"Rampage","floor":6.0,"key":"SMITH"},{"data":"Shockwave","floor":8.0,"key":"SMITH"},{"data":"Havoc","floor":13.0,"key":"SMITH"},{"data":"Offering","floor":15.0,"key":"SMITH"},{"floor":23.0,"key":"REST"},{"data":"Warcry","floor":25.0,"key":"SMITH"},{"data":"Immolate","floor":27.0,"key":"SMITH"},{"floor":32.0,"key":"REST"}],"neow_cost":"NO_GOLD","seed_source_timestamp":5537585025088,"circlet_count":0,"master_deck":["AscendersBane","Defend_R","Defend_R","Defend_R","Bash","Havoc+1","Headbutt","Rampage+1","Shockwave+1","Shrug It Off","Warcry+1","Offering+1","Immolate+1","Seeing Red","Flame Barrier","Sentinel","Feel No Pain","Dropkick","Ghostly Armor+1","Intimidate","Exhume","Brutality","Flash of Steel","Finesse","Juggernaut"],"special_seed":0,"relics":["Burning Blood","PreservedInsect","Centennial Puzzle","Peace Pipe","Odd Mushroom","Empty Cage","Enchiridion","Thread and Needle","Red Mask","Black Star"],"potions_floor_usage":[],"damage_taken":[{"damage":15.0,"enemies":"2 Louse","floor":1.0,"turns":2.0},{"damage":7.0,"enemies":"Jaw Worm","floor":2.0,"turns":3.0},{"damage":9.0,"enemies":"Small Slimes","floor":3.0,"turns":2.0},{"damage":22.0,"enemies":"Gremlin Nob","floor":7.0,"turns":4.0},{"damage":11.0,"enemies":"2 Fungi Beasts","floor":11.0,"turns":3.0},{"damage":19.0,"enemies":"The Mushroom Lair","floor":12.0,"turns":4.0},{"damage":26.0,"enemies":"The Guardian","floor":16.0,"turns":7.0},{"damage":19.0,"enemies":"Shell Parasite","floor":18.0,"turns":3.0},{"damage":13.0,"enemies":"Spheric Guardian","floor":22.0,"turns":4.0},{"damage":6.0,"enemies":"Snake Plant","floor":24.0,"turns":4.0},{"damage":6.0,"enemies":"Cultist and Chosen","floor":28.0,"turns":4.0},{"damage":6.0,"enemies":"Masked Bandits","floor":29.0,"turns":2.0},{"damage":30.0,"enemies":"Collector","floor":33.0,"turns":7.0},{"damage":43.0,"enemies":"3 Darklings","floor":35.0,"turns":3.0},{"damage":27,"enemies":"Orb Walker","floor":38,"turns":5}],"seed_played":"-2918295695155830321","potions_obtained":[{"floor":2.0,"key":"AttackPotion"},{"floor":11.0,"key":"Fire Potion"},{"floor":16.0,"key":"GamblersBrew"},{"floor":18.0,"key":"SteroidPotion"},{"floor":24.0,"key":"PowerPotion"},{"floor":33.0,"key":"Poison Potion"}],"is_trial":false,"path_per_floor":["M","M","M","?","?","R","E","R","T","?","M","?","R","$","R","B",null,"M","?","?","?","M","R","M","R","T","R","M","?","$","?","R","B",null,"M","?","?","M"],"character_chosen":"IRONCLAD","items_purchased":["Offering","Exhume","Regen Potion"],"campfire_rested":2,"item_purchase_floors":[14,30,30],"current_hp_per_floor":[59,58,55,73,78,78,62,62,62,57,52,39,39,39,39,19,65,52,52,52,31,24,48,48,48,48,48,48,48,48,25,50,41,74,37,27,27,0],"gold":97,"neow_bonus":"TRANSFORM_TWO_CARDS","is_prod":false,"is_daily":false,"chose_seed":false,"campfire_upgraded":6,"win_rate":0,"timestamp":1558973865,"path_taken":["M","M","M","?","?","R","E","R","T","?","M","?","R","$","R","BOSS","M","?","?","?","M","R","M","R","T","R","M","?","$","?","R","BOSS","M","?","?","M"],"build_version":"2019-01-23","purchased_purges":0,"victory":false,"max_hp_per_floor":[75,75,75,75,80,80,80,80,80,80,80,80,80,80,80,80,80,80,80,80,80,80,80,80,80,80,80,80,80,80,85,85,85,85,85,85,85,85],"card_choices":[{"not_picked":["Armaments","Anger"],"picked":"Rampage","floor":1.0},{"not_picked":["Headbutt","True Grit"],"picked":"Shockwave","floor":2.0},{"not_picked":["Havoc","Heavy Blade","Juggernaut"],"picked":"SKIP","floor":3.0},{"not_picked":["Iron Wave","Pummel","Headbutt"],"picked":"SKIP","floor":7.0},{"not_picked":["True Grit","Thunderclap"],"picked":"Shrug It Off","floor":11.0},{"not_picked":["Perfected Strike","Sentinel"],"picked":"Warcry","floor":12.0},{"not_picked":["Fiend Fire","Bludgeon"],"picked":"Immolate","floor":16.0},{"not_picked":["Searing Blow+1","Pommel Strike"],"picked":"Seeing Red","floor":18.0},{"not_picked":["Anger","Bloodletting","Heavy Blade"],"picked":"SKIP","floor":22.0},{"not_picked":["Fire Breathing","Spot Weakness"],"picked":"Dropkick","floor":24.0},{"not_picked":["Warcry","Carnage"],"picked":"Ghostly Armor+1","floor":28.0},{"not_picked":["Havoc","Warcry"],"picked":"Intimidate","floor":29.0},{"not_picked":["Demon Form","Berserk"],"picked":"Brutality","floor":33.0},{"not_picked":["Sentinel","Wild Strike","Clothesline"],"picked":"SKIP","floor":35.0},{"not_picked":["Dark Shackles","Swift Strike"],"picked":"Flash of Steel","floor":36.0},{"not_picked":["The Bomb","Metamorphosis"],"picked":"Finesse","floor":36.0}],"player_experience":1037090,"relics_obtained":[{"floor":7.0,"key":"PreservedInsect"},{"floor":9.0,"key":"Centennial Puzzle"},{"floor":12.0,"key":"Odd Mushroom"},{"floor":21.0,"key":"Enchiridion"},{"floor":26.0,"key":"Thread and Needle"},{"floor":29.0,"key":"Red Mask"}],"event_choices":[{"damage_healed":18.0,"max_hp_gain":0.0,"max_hp_loss":0.0,"gold_gain":0.0,"event_name":"The Cleric","player_choice":"Healed","floor":4.0,"gold_loss":35.0,"damage_taken":0.0},{"damage_healed":0.0,"max_hp_gain":5.0,"max_hp_loss":0.0,"gold_gain":0.0,"event_name":"Big Fish","player_choice":"Donut","floor":5.0,"gold_loss":0.0,"damage_taken":0.0},{"damage_healed":0.0,"max_hp_gain":0.0,"max_hp_loss":0.0,"gold_gain":0.0,"event_name":"Scrap Ooze","player_choice":"Success","floor":10.0,"gold_loss":0.0,"damage_taken":5.0,"relics_obtained":["Peace Pipe"]},{"damage_healed":0.0,"max_hp_gain":0.0,"max_hp_loss":0.0,"gold_gain":0.0,"event_name":"Mushrooms","player_choice":"Fought Mushrooms","floor":12.0,"gold_loss":0.0,"damage_taken":0.0},{"damage_healed":0.0,"max_hp_gain":0.0,"max_hp_loss":0.0,"gold_gain":0.0,"cards_transformed":["Strike_R","Strike_R"],"event_name":"Drug Dealer","player_choice":"Became Test Subject","floor":19.0,"gold_loss":0.0,"damage_taken":0.0,"cards_obtained":["Flame Barrier","Sentinel"]},{"damage_healed":0.0,"max_hp_gain":0.0,"max_hp_loss":0.0,"gold_gain":0.0,"event_name":"The Library","player_choice":"Read","floor":20.0,"gold_loss":0.0,"damage_taken":0.0,"cards_obtained":["Feel No Pain"]},{"damage_healed":0.0,"max_hp_gain":0.0,"max_hp_loss":0.0,"gold_gain":0.0,"event_name":"Cursed Tome","player_choice":"Obtained Book","floor":21.0,"gold_loss":0.0,"damage_taken":21.0},{"damage_healed":0.0,"max_hp_gain":0.0,"max_hp_loss":0.0,"gold_gain":0.0,"event_name":"Masked Bandits","player_choice":"Fought Bandits","floor":29.0,"gold_loss":0.0,"damage_taken":0.0},{"damage_healed":0.0,"max_hp_gain":5.0,"max_hp_loss":0.0,"gold_gain":0.0,"event_name":"Forgotten Altar","player_choice":"Shed Blood","floor":31.0,"gold_loss":0.0,"damage_taken":28.0},{"damage_healed":0.0,"max_hp_gain":0.0,"max_hp_loss":0.0,"gold_gain":0.0,"event_name":"SensoryStone","player_choice":"Memory 3","floor":36.0,"gold_loss":0.0,"damage_taken":10.0},{"damage_healed":0,"gold_gain":0,"player_choice":"1 cards matched","damage_taken":0,"max_hp_gain":0,"max_hp_loss":0,"event_name":"Match and Keep!","floor":37,"gold_loss":0,"cards_obtained":["Juggernaut"]}],"is_beta":false,"boss_relics":[{"not_picked":["Sozu","Cursed Key"],"picked":"Empty Cage"},{"not_picked":["Philosopher\u0027s Stone","Snecko Eye"],"picked":"Black Star"}],"items_purged_floors":[],"is_endless":false,"potions_floor_spawned":[2,11,16,18,24,33],"killed_by":"Orb Walker","ascension_level":20}