{"gold_per_floor":[111,131,26,42,7,7,39,50,50,81,81,108,137,148,148,222,222,242,292,342,359,379,379,394,394,394,447,372,383,393,393,393,465,465,483,330,348,348,366,366,466,466,466,491,491,504,518,532,532,532,532],"floor_reached":52,"playtime":1705,"items_purged":["Zap","Anger"],"score":1908,"play_id":"8e55988c-7b2c-49e1-bb64-d357d645c8f8","local_time":"20190602193034","daily_mods":["Chimera","Heirloom"],"is_ascension_mode":true,"campfire_choices":[{"data":"Body Slam","floor":6.0,"key":"SMITH"},{"data":"Armaments","floor":11.0,"key":"SMITH"},{"data":"Entrench","floor":15.0,"key":"SMITH"},{"data":"Barricade","floor":23.0,"key":"SMITH"},{"data":"Immolate","floor":25.0,"key":"SMITH"},{"data":"Bloodletting","floor":32.0,"key":"SMITH"},{"data":"True Grit","floor":40.0,"key":"SMITH"},{"data":"Impervious","floor":42.0,"key":"SMITH"},{"data":"Panacea","floor":45.0,"key":"SMITH"},{"data":"Shrug It Off","floor":49,"key":"SMITH"}],"neow_cost":"","seed_source_timestamp":0,"circlet_count":0,"master_deck":["AscendersBane","Bash","Survivor","Strike_B","Defend_R","Defend_G","Defend_B","Body Slam+1","Blood for Blood","Armaments+1","Barricade+1","Entrench+1","Immolate+1","Shrug It Off+1","Bloodletting+1","Impervious+1","True Grit+1","Panacea+1","Evolve+1"],"special_seed":0,"relics":["Burning Blood","Pocketwatch","Meat on the Bone","Self Forming Clay","Mercury Hourglass","Oddly Smooth Stone","Odd Mushroom","Runic Cube","Ornamental Fan","Dream Catcher","Mark of Pain","Bird Faced Urn","Bottled Flame","Blue Candle"],"potions_floor_usage":[48,50],"damage_taken":[{"damage":0.0,"enemies":"2 Louse","floor":1.0,"turns":4.0},{"damage":1.0,"enemies":"Small Slimes","floor":2.0,"turns":4.0},{"damage":0.0,"enemies":"Cultist","floor":4.0,"turns":3.0},{"damage":32.0,"enemies":"Gremlin Nob","floor":7.0,"turns":4.0},{"damage":16.0,"enemies":"Exordium Thugs","floor":8.0,"turns":5.0},{"damage":11.0,"enemies":"Lagavulin","floor":10.0,"turns":5.0},{"damage":6.0,"enemies":"Gremlin Nob","floor":12.0,"turns":3.0},{"damage":9.0,"enemies":"The Mushroom Lair","floor":13.0,"turns":2.0},{"damage":0.0,"enemies":"Exordium Wildlife","floor":14.0,"turns":3.0},{"damage":30.0,"enemies":"The Guardian","floor":16.0,"turns":7.0},{"damage":6.0,"enemies":"Chosen","floor":18.0,"turns":5.0},{"damage":13.0,"enemies":"2 Thieves","floor":21.0,"turns":4.0},{"damage":1.0,"enemies":"Sentry and Sphere","floor":22.0,"turns":7.0},{"damage":18.0,"enemies":"Snake Plant","floor":24.0,"turns":4.0},{"damage":2.0,"enemies":"Chosen and Byrds","floor":29.0,"turns":4.0},{"damage":17.0,"enemies":"Cultist and Chosen","floor":30.0,"turns":6.0},{"damage":27.0,"enemies":"Automaton","floor":33.0,"turns":9.0},{"damage":19.0,"enemies":"Orb Walker","floor":35.0,"turns":4.0},{"damage":3.0,"enemies":"3 Shapes","floor":37.0,"turns":2.0},{"damage":36.0,"enemies":"Jaw Worm Horde","floor":39.0,"turns":5.0},{"damage":0.0,"enemies":"Mind Bloom Boss Battle","floor":41.0,"turns":6.0},{"damage":15.0,"enemies":"Reptomancer","floor":44.0,"turns":6.0},{"damage":6.0,"enemies":"3 Darklings","floor":46.0,"turns":4.0},{"damage":0.0,"enemies":"Maw","floor":47.0,"turns":8.0},{"damage":3,"enemies":"Transient","floor":48,"turns":6},{"damage":17,"enemies":"Time Eater","floor":50,"turns":10},{"damage":25,"enemies":"Awakened One","floor":51,"turns":8}],"seed_played":"-16536424305268449","potions_obtained":[{"floor":1.0,"key":"EssenceOfSteel"},{"floor":4.0,"key":"EssenceOfSteel"},{"floor":8.0,"key":"Fire Potion"},{"floor":16.0,"key":"LiquidBronze"},{"floor":21.0,"key":"EntropicBrew"},{"floor":24.0,"key":"EssenceOfSteel"},{"floor":46.0,"key":"Swift Potion"},{"floor":48,"key":"EssenceOfSteel"}],"is_trial":true,"path_per_floor":["M","M","$","M","?","R","E","M","T","E","R","E","?","M","R","B",null,"M","?","?","M","M","R","M","R","T","T","?","M","M","?","R","B",null,"M","$","M","?","M","R","?","R","T","E","R","M","M","M","R","B","B",null],"character_chosen":"IRONCLAD","items_purchased":["Anger","Swift Potion"],"campfire_rested":0,"item_purchase_floors":[3,36],"current_hp_per_floor":[74,75,75,75,75,75,49,51,51,46,46,46,55,61,61,49,69,69,69,62,55,60,60,48,48,48,48,48,52,53,53,53,44,67,54,54,57,47,29,29,47,47,47,52,52,54,62,67,67,60,45],"gold":532,"neow_bonus":"","is_prod":false,"is_daily":false,"chose_seed":false,"campfire_upgraded":10,"win_rate":0,"timestamp":1559471434,"path_taken":["M","M","$","M","?","R","E","M","T","E","R","E","?","M","R","BOSS","M","?","?","?","M","R","M","R","T","?","?","M","M","?","R","BOSS","M","$","M","?","M","R","?","R","T","E","R","M","?","M","R","BOSS","BOSS"],"build_version":"2019-01-23","purchased_purges":2,"victory":true,"max_hp_per_floor":[75,75,75,75,75,75,75,75,75,75,75,75,75,75,75,75,75,75,75,75,75,75,75,75,75,75,75,75,75,75,75,75,75,75,75,75,75,75,75,75,75,75,75,75,75,75,75,75,75,75,75],"card_choices":[{"not_picked":["Reckless Charge","Combust","Pummel"],"picked":"SKIP","floor":1.0},{"not_picked":["Flame Barrier","Pommel Strike"],"picked":"Body Slam","floor":2.0},{"not_picked":["Sever Soul","Sword Boomerang","Iron Wave"],"picked":"SKIP","floor":4.0},{"not_picked":["Brutality","Anger"],"picked":"Blood for Blood","floor":7.0},{"not_picked":["Rage","Sword Boomerang"],"picked":"Armaments","floor":8.0},{"not_picked":["Carnage","Dropkick"],"picked":"Barricade","floor":10.0},{"not_picked":["Havoc","Burning Pact"],"picked":"Entrench","floor":12.0},{"not_picked":["Rupture","Whirlwind","Twin Strike"],"picked":"SKIP","floor":14.0},{"not_picked":["Limit Break","Feed"],"picked":"Immolate","floor":16.0},{"not_picked":["Disarm","Sword Boomerang"],"picked":"Shrug It Off","floor":18.0},{"not_picked":["Thunderclap","Cleave","Shrug It Off"],"picked":"SKIP","floor":21.0},{"not_picked":["Sword Boomerang","Rupture","Immolate"],"picked":"SKIP","floor":22.0},{"not_picked":["True Grit","Heavy Blade+1","Havoc"],"picked":"SKIP","floor":24.0},{"not_picked":["Sever Soul","Combust","Body Slam"],"picked":"SKIP","floor":29.0},{"not_picked":["Intimidate","Warcry+1"],"picked":"Bloodletting","floor":30.0},{"not_picked":["Dark Embrace","Demon Form"],"picked":"Impervious","floor":33.0},{"not_picked":["Clash","Perfected Strike"],"picked":"True Grit","floor":35.0},{"not_picked":["Thunderclap+1","Perfected Strike","Sentinel+1"],"picked":"SKIP","floor":37.0},{"not_picked":["PanicButton","Impatience"],"picked":"Panacea","floor":38.0},{"not_picked":["Heavy Blade","Intimidate+1","Corruption"],"picked":"SKIP","floor":39.0},{"not_picked":["Thunderclap+1","Anger+1","Searing Blow"],"picked":"SKIP","floor":44.0},{"not_picked":["Pommel Strike","Perfected Strike","Body Slam"],"picked":"SKIP","floor":46.0},{"not_picked":["Iron Wave","Shrug It Off+1","Twin Strike"],"picked":"SKIP","floor":47.0},{"not_picked":["Clash","Havoc"],"picked":"Evolve+1","floor":48}],"player_experience":1053119,"relics_obtained":[{"floor":7.0,"key":"Meat on the Bone"},{"floor":9.0,"key":"Self Forming Clay"},{"floor":10.0,"key":"Mercury Hourglass"},{"floor":12.0,"key":"Oddly Smooth Stone"},{"floor":13.0,"key":"Odd Mushroom"},{"floor":26.0,"key":"Ornamental Fan"},{"floor":27.0,"key":"Dream Catcher"},{"floor":41.0,"key":"Bird Faced Urn"},{"floor":43.0,"key":"Bottled Flame"},{"floor":44.0,"key":"Blue Candle"}],"event_choices":[{"damage_healed":18.0,"max_hp_gain":0.0,"max_hp_loss":0.0,"gold_gain":0.0,"event_name":"The Cleric","player_choice":"Healed","floor":5.0,"gold_loss":35.0,"damage_taken":0.0},{"damage_healed":0.0,"max_hp_gain":0.0,"max_hp_loss":0.0,"gold_gain":0.0,"event_name":"Mushrooms","player_choice":"Fought Mushrooms","floor":13.0,"gold_loss":0.0,"damage_taken":0.0},{"damage_healed":0.0,"max_hp_gain":0.0,"max_hp_loss":0.0,"gold_gain":50.0,"event_name":"Nest","player_choice":"Stole From Cult","floor":19.0,"gold_loss":0.0,"damage_taken":0.0},{"damage_healed":0.0,"max_hp_gain":0.0,"max_hp_loss":0.0,"gold_gain":50.0,"event_name":"FaceTrader","player_choice":"Touch","floor":20.0,"gold_loss":0.0,"damage_taken":7.0},{"cards_removed":["Strike_G"],"damage_healed":0.0,"max_hp_gain":0.0,"max_hp_loss":0.0,"gold_gain":0.0,"event_name":"Beggar","player_choice":"Gave Gold","floor":28.0,"gold_loss":75.0,"damage_taken":0.0},{"cards_removed":["Strike_R"],"damage_healed":0.0,"max_hp_gain":0.0,"max_hp_loss":0.0,"gold_gain":0.0,"event_name":"Back to Basics","player_choice":"Elegance","floor":31.0,"gold_loss":0.0,"damage_taken":0.0},{"damage_healed":0.0,"max_hp_gain":0.0,"max_hp_loss":0.0,"gold_gain":0.0,"event_name":"SensoryStone","player_choice":"Memory 3","floor":38.0,"gold_loss":0.0,"damage_taken":10.0},{"damage_healed":0.0,"max_hp_gain":0.0,"max_hp_loss":0.0,"gold_gain":0.0,"event_name":"MindBloom","player_choice":"Fight","floor":41.0,"gold_loss":0.0,"damage_taken":0.0}],"is_beta":false,"boss_relics":[{"not_picked":["Ectoplasm","Runic Dome"],"picked":"Runic Cube"},{"not_picked":["Busted Crown","Philosopher\u0027s Stone"],"picked":"Mark of Pain"}],"items_purged_floors":[3,36],"is_endless":false,"potions_floor_spawned":[1,4,7,8,16,21,22,24,35,46,48],"ascension_level":20}