{"gold_per_floor":[117,117,42,42,57,57,87,87,164,164],"floor_reached":10,"playtime":366,"items_purged":["Regret"],"score":122,"play_id":"54b12752-8ffb-43b1-b30b-3d50113a28aa","local_time":"20190426160718","is_ascension_mode":true,"campfire_choices":[{"data":"Neutralize","floor":6,"key":"SMITH"},{"floor":8,"key":"REST"}],"neow_cost":"PERCENT_DAMAGE","seed_source_timestamp":15783488624304,"circlet_count":0,"master_deck":["AscendersBane","Defend_G","Defend_G","Defend_G","Defend_G","Defend_G","Strike_G","Strike_G","Strike_G","Strike_G","Strike_G","Survivor","Neutralize+1","Deflect","Dagger Throw","Adrenaline"],"special_seed":0,"relics":["Ring of the Snake","Blood Vial","Gremlin Horn","Letter Opener"],"potions_floor_usage":[10],"damage_taken":[{"damage":0.0,"enemies":"Small Slimes","floor":1.0,"turns":6.0},{"damage":4,"enemies":"2 Louse","floor":5,"turns":5},{"damage":51,"enemies":"Gremlin Nob","floor":7,"turns":6},{"damage":35,"enemies":"Lagavulin","floor":10,"turns":7}],"seed_played":"5248912404896589960","potions_obtained":[{"floor":5,"key":"Energy Potion"}],"is_trial":false,"path_per_floor":["M","?","$","?","M","R","E","R","T","E"],"character_chosen":"THE_SILENT","items_purchased":[],"campfire_rested":1,"item_purchase_floors":[],"current_hp_per_floor":[56,56,56,56,54,54,5,28,28,0],"gold":164,"neow_bonus":"TWENTY_PERCENT_HP_BONUS","is_prod":false,"is_daily":false,"chose_seed":false,"campfire_upgraded":1,"win_rate":0,"timestamp":1556320038,"path_taken":["M","?","$","?","M","R","E","R","T","E"],"build_version":"2019-01-23","purchased_purges":1,"victory":false,"max_hp_per_floor":[78,78,78,78,78,78,78,78,78,78],"card_choices":[{"not_picked":["Blade Dance","Underhanded Strike"],"picked":"Deflect","floor":1},{"not_picked":["Prepared","Poisoned Stab"],"picked":"Dagger Throw","floor":5},{"not_picked":["Prepared","Quick Slash"],"picked":"Adrenaline","floor":7}],"player_experience":754644,"relics_obtained":[{"floor":7,"key":"Gremlin Horn"},{"floor":9,"key":"Letter Opener"}],"event_choices":[{"damage_healed":0,"gold_gain":0,"player_choice":"Box","damage_taken":0,"relics_obtained":["Blood Vial"],"max_hp_gain":0,"max_hp_loss":0,"event_name":"Big Fish","floor":2,"gold_loss":0,"cards_obtained":["Regret"]},{"damage_healed":0,"gold_gain":0,"player_choice":"Ignored","damage_taken":0,"max_hp_gain":0,"max_hp_loss":0,"event_name":"Liars Game","floor":4,"gold_loss":0}],"is_beta":false,"boss_relics":[],"items_purged_floors":[3],"is_endless":false,"potions_floor_spawned":[5],"killed_by":"Lagavulin","ascension_level":18}