{"gold_per_floor":[112,132,132,146,196,225,225,240,240,265,288,288,363,363,363,438,438,454,484,584,584,79,108,108,126,126,126,141,141,151,186,186,257,257,271,286,305,36,36,36,68,68,68,68,78,93,103,4,4,4,4],"floor_reached":52,"playtime":1536,"items_purged":["Sever Soul"],"score":2031,"play_id":"f0913bdf-4b87-4d70-8417-74be6bca2ab4","local_time":"20190424183026","is_ascension_mode":true,"campfire_choices":[{"data":"Shrug It Off","floor":7.0,"key":"SMITH"},{"data":"Blood for Blood","floor":12.0,"key":"SMITH"},{"data":"Bash","floor":15.0,"key":"SMITH"},{"data":"Flex","floor":24.0,"key":"SMITH"},{"data":"Limit Break","floor":27.0,"key":"SMITH"},{"data":"Limit Break","floor":32.0,"key":"SMITH"},{"data":"Offering","floor":40.0,"key":"SMITH"},{"data":"Feel No Pain","floor":42.0,"key":"SMITH"},{"data":"Power Through","floor":49.0,"key":"SMITH"}],"neow_cost":"NONE","seed_source_timestamp":11033754810919,"circlet_count":0,"master_deck":["AscendersBane","Shrug It Off+1","Whirlwind+1","Thunderclap","Blood for Blood+1","Bludgeon","Feel No Pain+1","Fiend Fire","Pommel Strike","Offering+1","Thunderclap","Fiend Fire","Seeing Red","Flame Barrier","Flex+1","Limit Break+1","Armaments+1","Reaper","Shrug It Off","Sword Boomerang+1","Limit Break+1","Exhume","Feel No Pain","Flex+1","Feel No Pain","Regret","Dual Wield+1","Warcry+1","Power Through+1"],"special_seed":0,"relics":["Burning Blood","Lantern","Paper Frog","Pocketwatch","Odd Mushroom","Red Mask","WingedGreaves","Blue Candle","Nloth\u0027s Gift","Prayer Wheel","Bag of Marbles","Molten Egg 2","Self Forming Clay","Cursed Key","ClockworkSouvenir","Anchor","Gambling Chip","Centennial Puzzle"],"potions_floor_usage":[50,51],"damage_taken":[{"damage":1.0,"enemies":"Cultist","floor":1.0,"turns":3.0},{"damage":6.0,"enemies":"Small Slimes","floor":2.0,"turns":5.0},{"damage":7.0,"enemies":"Jaw Worm","floor":4.0,"turns":3.0},{"damage":10.0,"enemies":"3 Sentries","floor":6.0,"turns":2.0},{"damage":11.0,"enemies":"Large Slime","floor":8.0,"turns":5.0},{"damage":8.0,"enemies":"Gremlin Nob","floor":10.0,"turns":3.0},{"damage":0.0,"enemies":"The Mushroom Lair","floor":11.0,"turns":1.0},{"damage":55.0,"enemies":"Hexaghost","floor":16.0,"turns":9.0},{"damage":6.0,"enemies":"Spheric Guardian","floor":18.0,"turns":1.0},{"damage":7.0,"enemies":"Masked Bandits","floor":19.0,"turns":2.0},{"damage":19.0,"enemies":"Colosseum Slavers","floor":20.0,"turns":3.0},{"damage":11.0,"enemies":"Colosseum Nobs","floor":20.0,"turns":2.0},{"damage":0.0,"enemies":"Slavers","floor":23.0,"turns":1.0},{"damage":0.0,"enemies":"Chosen","floor":25.0,"turns":2.0},{"damage":6.0,"enemies":"3 Cultists","floor":28.0,"turns":3.0},{"damage":0.0,"enemies":"Cultist and Chosen","floor":30.0,"turns":3.0},{"damage":6.0,"enemies":"Gremlin Leader","floor":31.0,"turns":3.0},{"damage":76.0,"enemies":"Collector","floor":33.0,"turns":8.0},{"damage":6.0,"enemies":"Orb Walker","floor":35.0,"turns":1.0},{"damage":12.0,"enemies":"3 Darklings","floor":36.0,"turns":3.0},{"damage":56.0,"enemies":"Writhing Mass","floor":37.0,"turns":7.0},{"damage":6.0,"enemies":"Reptomancer","floor":41.0,"turns":2.0},{"damage":4.0,"enemies":"4 Shapes","floor":45.0,"turns":1.0},{"damage":30.0,"enemies":"Maw","floor":46.0,"turns":5.0},{"damage":7.0,"enemies":"Writhing Mass","floor":47.0,"turns":3.0},{"damage":28,"enemies":"Time Eater","floor":50,"turns":4},{"damage":44,"enemies":"Donu and Deca","floor":51,"turns":6}],"seed_played":"-971480727218142487","potions_obtained":[{"floor":1.0,"key":"SteroidPotion"},{"floor":6.0,"key":"FairyPotion"},{"floor":10.0,"key":"Explosive Potion"},{"floor":11.0,"key":"AttackPotion"},{"floor":19.0,"key":"GamblersBrew"},{"floor":23.0,"key":"FairyPotion"},{"floor":35.0,"key":"Energy Potion"},{"floor":47.0,"key":"Dexterity Potion"}],"is_trial":false,"path_per_floor":["M","M","?","M","?","E","R","M","T","E","?","R","?","?","R","B",null,"M","?","?","?","$","E","R","M","T","R","M","?","M","E","R","B",null,"M","M","M","$","?","R","E","R","T","?","M","M","M","?","R","B","B",null],"character_chosen":"IRONCLAD","items_purchased":["Flex","Prayer Wheel","SteroidPotion","ClockworkSouvenir","SteroidPotion"],"campfire_rested":0,"item_purchase_floors":[22,22,22,38,38],"current_hp_per_floor":[80,80,80,79,79,75,75,70,70,68,74,74,63,63,63,14,65,65,64,46,46,46,52,52,58,58,58,76,82,82,82,82,29,69,69,63,66,66,66,66,82,82,82,78,78,78,77,77,77,55,62],"gold":4,"neow_bonus":"TEN_PERCENT_HP_BONUS","is_prod":false,"is_daily":false,"chose_seed":false,"campfire_upgraded":9,"win_rate":0,"timestamp":1556098226,"path_taken":["M","M","?","M","?","E","R","?","T","E","?","R","?","?","R","BOSS","M","?","?","?","$","E","R","?","T","R","M","?","M","E","R","BOSS","M","M","?","$","?","R","E","R","T","?","M","M","M","?","R","BOSS","BOSS"],"build_version":"2019-01-23","purchased_purges":1,"victory":true,"max_hp_per_floor":[82,82,82,82,82,82,82,82,82,82,82,82,82,82,82,82,82,82,82,82,82,82,82,82,82,82,82,82,82,82,82,82,82,82,82,82,82,82,82,82,82,82,82,78,78,78,78,78,78,78,78],"card_choices":[{"not_picked":["Power Through","Shockwave"],"picked":"Shrug It Off","floor":1.0},{"not_picked":["Hemokinesis","Intimidate"],"picked":"Whirlwind","floor":2.0},{"not_picked":["Spot Weakness","Sever Soul"],"picked":"Thunderclap","floor":4.0},{"not_picked":["Sentinel","Pummel","Clash"],"picked":"SKIP","floor":6.0},{"not_picked":["Perfected Strike","Sever Soul"],"picked":"Blood for Blood","floor":8.0},{"not_picked":["Twin Strike","Berserk","Clash"],"picked":"SKIP","floor":10.0},{"not_picked":["Juggernaut","Impervious"],"picked":"Bludgeon","floor":16.0},{"not_picked":["Wild Strike","Havoc","Whirlwind"],"picked":"SKIP","floor":18.0},{"not_picked":["Thunderclap","Reckless Charge"],"picked":"Flame Barrier","floor":20.0},{"not_picked":["Power Through","Sword Boomerang"],"picked":"Limit Break","floor":23.0},{"not_picked":["Shrug It Off","Warcry"],"picked":"Armaments+1","floor":25.0},{"not_picked":["Sword Boomerang+1","Perfected Strike"],"picked":"Reaper","floor":25.0},{"not_picked":["Sever Soul+1","Clothesline+1"],"picked":"Shrug It Off","floor":28.0},{"not_picked":["Wild Strike+1","Twin Strike+1"],"picked":"Sword Boomerang+1","floor":28.0},{"not_picked":["Armaments","Perfected Strike+1","Barricade"],"picked":"SKIP","floor":30.0},{"not_picked":["Sword Boomerang+1","Iron Wave+1","Cleave+1"],"picked":"SKIP","floor":30.0},{"not_picked":["Armaments+1","Perfected Strike+1"],"picked":"Limit Break","floor":31.0},{"not_picked":["Barricade","Reaper+1"],"picked":"Exhume","floor":33.0},{"not_picked":["Clash+1","Havoc"],"picked":"Feel No Pain","floor":35.0},{"not_picked":["Rupture","Infernal Blade+1"],"picked":"Flex+1","floor":35.0},{"not_picked":["Blood for Blood+1","Shrug It Off","Immolate+1"],"picked":"SKIP","floor":36.0},{"not_picked":["Second Wind","Flex","Wild Strike+1"],"picked":"SKIP","floor":36.0},{"not_picked":["Cleave+1","Brutality"],"picked":"Feel No Pain","floor":37.0},{"not_picked":["Disarm","Flex","Rage"],"picked":"SKIP","floor":37.0},{"not_picked":["Brutality","Warcry","Flex+1"],"picked":"SKIP","floor":41.0},{"not_picked":["Shrug It Off","Bloodletting","Heavy Blade+1"],"picked":"SKIP","floor":45.0},{"not_picked":["Limit Break","Clash+1","Cleave+1"],"picked":"SKIP","floor":45.0},{"not_picked":["Flex","Brutality"],"picked":"Dual Wield+1","floor":46.0},{"not_picked":["Clothesline+1","Thunderclap+1"],"picked":"Warcry+1","floor":46.0},{"not_picked":["Clothesline+1","Sentinel"],"picked":"Power Through","floor":47.0},{"not_picked":["Iron Wave+1","Sword Boomerang+1","Carnage+1"],"picked":"SKIP","floor":47.0}],"player_experience":955655,"relics_obtained":[{"floor":6.0,"key":"Lantern"},{"floor":9.0,"key":"Paper Frog"},{"floor":10.0,"key":"Pocketwatch"},{"floor":11.0,"key":"Odd Mushroom"},{"floor":19.0,"key":"Red Mask"},{"floor":20.0,"key":"WingedGreaves"},{"floor":20.0,"key":"Blue Candle"},{"floor":23.0,"key":"Bag of Marbles"},{"floor":26.0,"key":"Molten Egg 2"},{"floor":31.0,"key":"Self Forming Clay"},{"floor":41.0,"key":"Anchor"},{"floor":43.0,"key":"Gambling Chip"}],"event_choices":[{"damage_healed":0.0,"max_hp_gain":0.0,"max_hp_loss":0.0,"gold_gain":0.0,"event_name":"Living Wall","player_choice":"Grow","floor":3.0,"gold_loss":0.0,"damage_taken":0.0,"cards_upgraded":["Whirlwind"]},{"damage_healed":0.0,"max_hp_gain":0.0,"max_hp_loss":0.0,"gold_gain":50.0,"event_name":"Golden Shrine","player_choice":"Pray","floor":5.0,"gold_loss":0.0,"damage_taken":0.0},{"damage_healed":0.0,"max_hp_gain":0.0,"max_hp_loss":0.0,"gold_gain":0.0,"event_name":"Mushrooms","player_choice":"Fought Mushrooms","floor":11.0,"gold_loss":0.0,"damage_taken":0.0},{"damage_healed":0.0,"max_hp_gain":0.0,"max_hp_loss":0.0,"gold_gain":75.0,"event_name":"World of Goop","player_choice":"Gather Gold","floor":13.0,"gold_loss":0.0,"damage_taken":11.0},{"damage_healed":0.0,"max_hp_gain":0.0,"max_hp_loss":0.0,"gold_gain":0.0,"event_name":"Liars Game","player_choice":"Ignored","floor":14.0,"gold_loss":0.0,"damage_taken":0.0},{"damage_healed":0.0,"max_hp_gain":0.0,"max_hp_loss":0.0,"gold_gain":0.0,"event_name":"Masked Bandits","player_choice":"Fought Bandits","floor":19.0,"gold_loss":0.0,"damage_taken":0.0},{"damage_healed":0.0,"max_hp_gain":0.0,"max_hp_loss":0.0,"gold_gain":0.0,"event_name":"Colosseum","player_choice":"Fight","floor":20.0,"gold_loss":0.0,"damage_taken":0.0},{"damage_healed":0.0,"max_hp_gain":0.0,"max_hp_loss":0.0,"gold_gain":0.0,"event_name":"Colosseum","player_choice":"Fought Nobs","floor":20.0,"gold_loss":0.0,"damage_taken":0.0},{"damage_healed":0.0,"max_hp_gain":0.0,"max_hp_loss":0.0,"gold_gain":0.0,"event_name":"N\u0027loth","player_choice":"Traded Relic","floor":21.0,"relics_lost":["Pandora\u0027s Box"],"gold_loss":0.0,"damage_taken":0.0,"relics_obtained":["Nloth\u0027s Gift"]},{"cards_removed":["Infernal Blade"],"damage_healed":6.0,"max_hp_gain":0.0,"max_hp_loss":0.0,"gold_gain":0.0,"event_name":"Bonfire Elementals","player_choice":"Offered Uncommon","floor":29.0,"gold_loss":0.0,"damage_taken":0.0},{"cards_removed":["Bash"],"damage_healed":0.0,"max_hp_gain":0.0,"max_hp_loss":0.0,"gold_gain":0.0,"event_name":"Falling","player_choice":"Removed Attack","floor":39.0,"gold_loss":0.0,"damage_taken":0.0},{"damage_healed":0.0,"max_hp_gain":0.0,"max_hp_loss":4.0,"gold_gain":0.0,"event_name":"Winding Halls","player_choice":"Max HP","floor":44.0,"gold_loss":0.0,"damage_taken":0.0},{"damage_healed":0.0,"max_hp_gain":0.0,"max_hp_loss":0.0,"gold_gain":0.0,"event_name":"WeMeetAgain","player_choice":"Paid Gold","floor":48.0,"gold_loss":99.0,"damage_taken":0.0,"relics_obtained":["Centennial Puzzle"]}],"is_beta":false,"boss_relics":[{"not_picked":["Runic Dome","Lizard Tail"],"picked":"Pandora\u0027s Box"},{"not_picked":["Sozu","Empty Cage"],"picked":"Cursed Key"}],"items_purged_floors":[22],"is_endless":false,"potions_floor_spawned":[1,6,10,11,19,23,25,35,36,47],"ascension_level":20}