{"path_per_floor":["M","M","$","M","M","E","M","R","T","M","M","?","M","$","R","B",null,"M","M","M","?","M"],"character_chosen":"IRONCLAD","items_purchased":["Dramatic Entrance","Spot Weakness","Heavy Blade"],"gold_per_floor":[114,134,36,50,63,90,100,100,126,144,154,154,170,8,8,105,105,123,139,157,189,206,206],"floor_reached":23,"campfire_rested":0,"playtime":1185,"current_hp_per_floor":[75,76,76,80,80,77,80,80,80,76,72,65,60,60,60,29,80,80,76,78,71,57,0],"items_purged":["Strike_R"],"gold":206,"score":199,"play_id":"a2a46842-387f-49eb-b029-aeb3c5787d2f","local_time":"20180508180342","is_prod":false,"is_daily":false,"chose_seed":false,"is_ascension_mode":false,"campfire_upgraded":2,"timestamp":1525770222,"path_taken":["M","M","$","M","M","E","M","R","T","M","M","?","M","$","R","BOSS","M","M","M","?","M","E"],"build_version":"2018-05-03","seed_source_timestamp":11516070997963,"purchased_purges":1,"victory":false,"master_deck":["Strike_R","Strike_R","Strike_R","Defend_R","Defend_R","Defend_R","Bash","Thunderclap","Ghostly Armor","Dramatic Entrance","Pommel Strike","Heavy Blade+1","Intimidate","Armaments+1","Shrug It Off","Flex","Perfected Strike","Spot Weakness","Heavy Blade","Infernal Blade+1","Shockwave","Flex"],"max_hp_per_floor":[80,80,80,80,80,80,80,80,80,80,80,80,80,80,80,80,80,80,80,80,80,80,80],"relics":["Burning Blood","Happy Flower","Bronze Scales","Runic Cube","Red Mask"],"card_choices":[{"not_picked":["True Grit","Power Through"],"picked":"Ghostly Armor","floor":2},{"not_picked":["Power Through","Uppercut"],"picked":"Pommel Strike","floor":4},{"not_picked":["Shockwave","Seeing Red"],"picked":"Heavy Blade","floor":5},{"not_picked":["Ghostly Armor","Iron Wave"],"picked":"Intimidate","floor":6},{"not_picked":["Warcry","Clothesline"],"picked":"Armaments","floor":7},{"not_picked":["Flame Barrier","Cleave"],"picked":"Shrug It Off","floor":10},{"not_picked":["Warcry","Shrug It Off"],"picked":"Flex","floor":11},{"not_picked":["Rampage","Corruption"],"picked":"Perfected Strike","floor":13},{"not_picked":["Spot Weakness","Perfected Strike"],"picked":"Infernal Blade","floor":18},{"not_picked":["Pummel","Sword Boomerang"],"picked":"Shockwave","floor":20},{"not_picked":["Sword Boomerang","Pommel Strike"],"picked":"Flex","floor":22}],"player_experience":7322,"potions_floor_usage":[6,16,16,21,22,23],"damage_taken":[{"damage":11,"enemies":"Jaw Worm","floor":1,"turns":3},{"damage":5,"enemies":"2 Louse","floor":2,"turns":3},{"damage":1,"enemies":"Cultist","floor":4,"turns":4},{"damage":3,"enemies":"Red Slaver","floor":5,"turns":3},{"damage":21,"enemies":"3 Sentries","floor":6,"turns":9},{"damage":0,"enemies":"Exordium Wildlife","floor":7,"turns":4},{"damage":10,"enemies":"Looter","floor":10,"turns":2},{"damage":10,"enemies":"Exordium Thugs","floor":11,"turns":3},{"damage":11,"enemies":"Blue Slaver","floor":13,"turns":3},{"damage":37,"enemies":"The Guardian","floor":16,"turns":11},{"damage":0,"enemies":"Chosen","floor":18,"turns":4},{"damage":10,"enemies":"Spheric Guardian","floor":19,"turns":3},{"damage":4,"enemies":"Snecko","floor":20,"turns":3},{"damage":13,"enemies":"가면 도적단","floor":21,"turns":4},{"damage":20,"enemies":"3 Cultists","floor":22,"turns":5},{"damage":64,"enemies":"Gremlin Leader","floor":23,"turns":5}],"event_choices":[{"event_name":"Golden Wing","player_choice":"Card Removal","floor":12,"damage_taken":0},{"event_name":"Masked Bandits","player_choice":"Fought over 157 gold","floor":21,"damage_taken":0}],"boss_relics":[{"not_picked":["Black Star","Orrery"],"picked":"Runic Cube"}],"potions_floor_spawned":[2,4,5,7,13,16,18,20],"seed_played":"-3129152445879957105","killed_by":"Gremlin Leader","ascension_level":0,"is_trial":false}