{"gold_per_floor":[111,124,74,89,89,89,121,121,121,121,146,59,78,107,107,202,202,215,230,230,76,88,88,99,99,122,150,150,169,169,16,28,139,151,181,293,305,317,48,73,73,93,93,126,126,139,15,29,29,29],"floor_reached":50,"playtime":2530,"items_purged":["Iron Wave"],"score":601,"play_id":"4a316d27-8315-47f2-9ea9-7ef3c58a2730","local_time":"20181027231843","daily_mods":["SealedDeck"],"is_ascension_mode":false,"campfire_choices":[{"data":"Armaments","floor":6,"key":"SMITH"},{"data":"Rampage","floor":8,"key":"SMITH"},{"data":"Uppercut","floor":10,"key":"SMITH"},{"data":"Deep Breath","floor":15,"key":"SMITH"},{"data":"Barricade","floor":23,"key":"SMITH"},{"data":"True Grit","floor":25,"key":"SMITH"},{"data":"Iron Wave","floor":30,"key":"PURGE"},{"data":"Ghostly Armor","floor":32,"key":"SMITH"},{"data":"Cleave","floor":41,"key":"PURGE"},{"data":"Thunderclap","floor":45,"key":"PURGE"},{"data":"Warcry","floor":49,"key":"PURGE"}],"neow_cost":"","seed_source_timestamp":0,"circlet_count":0,"master_deck":["Battle Trance","Armaments+1","Burning Pact","Rampage+1","Uppercut+1","Bloodletting","Flame Barrier","Deep Breath+1","Disarm","Offering","Barricade+1","True Grit+1","Entrench+1","Ghostly Armor+1","Shrug It Off+1","Headbutt","Madness","Feel No Pain+1","Dual Wield+1","Demon Form","Master of Strategy","Evolve","Reckless Charge+1","Blood for Blood+1"],"relics":["Burning Blood","Peace Pipe","Unceasing Top","Odd Mushroom","Magic Flower","Coffee Dripper","PreservedInsect","Happy Flower","Juzu Bracelet","MawBank","Runic Cube","Prayer Wheel","Membership Card","Bottled Flame","Matryoshka","Kunai"],"potions_floor_usage":[24,44,46,50,50,50],"damage_taken":[{"damage":0,"enemies":"Jaw Worm","floor":1,"turns":2},{"damage":7,"enemies":"2 Louse","floor":2,"turns":2},{"damage":0,"enemies":"Cultist","floor":4,"turns":2},{"damage":16,"enemies":"Gremlin Nob","floor":7,"turns":3},{"damage":3,"enemies":"The Mushroom Lair","floor":11,"turns":2},{"damage":0,"enemies":"2 Fungi Beasts","floor":13,"turns":3},{"damage":31,"enemies":"3 Sentries","floor":14,"turns":6},{"damage":29,"enemies":"Slime Boss","floor":16,"turns":8},{"damage":6,"enemies":"3 Byrds","floor":18,"turns":3},{"damage":14,"enemies":"Shell Parasite","floor":19,"turns":7},{"damage":26,"enemies":"Sentry and Sphere","floor":22,"turns":5},{"damage":7,"enemies":"Snecko","floor":24,"turns":4},{"damage":34,"enemies":"Slavers","floor":27,"turns":3},{"damage":9,"enemies":"Chosen and Byrds","floor":29,"turns":9},{"damage":12,"enemies":"Automaton","floor":33,"turns":11},{"damage":9,"enemies":"3 Shapes","floor":35,"turns":8},{"damage":9,"enemies":"Mind Bloom Boss Battle","floor":36,"turns":10},{"damage":9,"enemies":"Giant Head","floor":40,"turns":8},{"damage":20,"enemies":"Orb Walker","floor":42,"turns":4},{"damage":19,"enemies":"Nemesis","floor":44,"turns":7},{"damage":19,"enemies":"Sphere and 2 Shapes","floor":46,"turns":9},{"damage":26,"enemies":"4 Shapes","floor":48,"turns":5},{"damage":44,"enemies":"Donu and Deca","floor":50,"turns":7}],"seed_played":"1084718171176482415","potions_obtained":[{"floor":1,"key":"BloodPotion"},{"floor":16,"key":"Fire Potion"},{"floor":19,"key":"AttackPotion"},{"floor":24,"key":"BloodPotion"},{"floor":37,"key":"Energy Potion"},{"floor":37,"key":"Ancient Potion"},{"floor":44,"key":"GamblersBrew"},{"floor":46,"key":"FearPotion"}],"is_trial":true,"path_per_floor":["M","M","?","M","?","R","E","R","T","R","?","$","M","E","R","B",null,"M","M","?","$","M","R","M","R","T","E","?","M","R","$","R","B",null,"M","?","?","?","$","E","R","M","T","E","R","M","$","M","R"],"character_chosen":"IRONCLAD","items_purchased":["Deep Breath","PreservedInsect","MawBank","Membership Card","Madness","Master of Strategy","Evolve"],"campfire_rested":0,"item_purchase_floors":[12,21,31,39,39,47,47],"current_hp_per_floor":[80,79,79,80,80,80,70,70,70,70,73,73,79,54,54,34,80,80,75,75,75,58,58,72,72,72,47,47,47,47,47,47,44,80,80,80,80,80,80,80,80,69,69,59,59,61,61,44,44,0],"gold":29,"neow_bonus":"","is_prod":false,"is_daily":false,"chose_seed":false,"campfire_upgraded":7,"win_rate":0,"timestamp":1540649923,"path_taken":["M","M","?","M","?","R","E","R","T","R","?","?","M","E","R","BOSS","M","M","?","$","M","R","?","R","T","E","?","M","R","$","R","BOSS","M","?","?","?","$","E","R","M","T","E","R","M","$","M","R","BOSS"],"build_version":"2018-10-25v2","purchased_purges":1,"victory":false,"max_hp_per_floor":[80,80,80,80,80,80,80,80,80,80,80,80,80,80,80,80,80,80,80,80,80,80,80,80,80,80,80,80,80,80,80,80,80,80,80,80,80,80,80,80,80,80,80,80,80,80,80,80,80,80],"card_choices":[{"not_picked":["Heavy Blade","Pommel Strike"],"picked":"Uppercut","floor":1},{"not_picked":["Clash","Searing Blow","Spot Weakness"],"picked":"SKIP","floor":2},{"not_picked":["Pommel Strike","Armaments"],"picked":"Bloodletting","floor":4},{"not_picked":["Sever Soul","Feel No Pain"],"picked":"Flame Barrier","floor":7},{"not_picked":["Corruption","Fire Breathing"],"picked":"Disarm","floor":13},{"not_picked":["Pummel","Ghostly Armor"],"picked":"Offering","floor":14},{"not_picked":["Reaper","Feed"],"picked":"Barricade","floor":16},{"not_picked":["Iron Wave","Sword Boomerang+1"],"picked":"True Grit","floor":18},{"not_picked":["Spot Weakness","True Grit","Heavy Blade"],"picked":"SKIP","floor":19},{"not_picked":["Bludgeon","Iron Wave","Cleave"],"picked":"SKIP","floor":22},{"not_picked":["Perfected Strike","Flex","True Grit"],"picked":"SKIP","floor":24},{"not_picked":["Wild Strike","Sever Soul+1"],"picked":"Entrench+1","floor":27},{"not_picked":["Pommel Strike","Combust"],"picked":"Ghostly Armor","floor":29},{"not_picked":["Carnage","Havoc+1"],"picked":"Shrug It Off+1","floor":35},{"not_picked":["Seeing Red","True Grit+1"],"picked":"Headbutt","floor":36},{"not_picked":["Fire Breathing","Havoc"],"picked":"Feel No Pain+1","floor":40},{"not_picked":["Wild Strike+1","Armaments"],"picked":"Dual Wield+1","floor":42},{"not_picked":["Flex+1","Wild Strike+1","Thunderclap"],"picked":"SKIP","floor":42},{"not_picked":["Twin Strike","Searing Blow+1"],"picked":"Demon Form","floor":44},{"not_picked":["Perfected Strike+1","Uppercut","Heavy Blade+1"],"picked":"SKIP","floor":46},{"not_picked":["Dual Wield","Clothesline","Spot Weakness"],"picked":"SKIP","floor":46},{"not_picked":["Havoc+1","Twin Strike"],"picked":"Reckless Charge+1","floor":48},{"not_picked":["Wild Strike","Inflame+1","Blood for Blood+1"],"picked":"SKIP","floor":48},{"not_picked":["Wild Strike","Inflame+1"],"picked":"Blood for Blood+1","floor":48}],"player_experience":205920,"relics_obtained":[{"floor":7,"key":"Peace Pipe"},{"floor":9,"key":"Unceasing Top"},{"floor":11,"key":"Odd Mushroom"},{"floor":14,"key":"Magic Flower"},{"floor":26,"key":"Happy Flower"},{"floor":27,"key":"Juzu Bracelet"},{"floor":36,"key":"Prayer Wheel"},{"floor":40,"key":"Bottled Flame"},{"floor":43,"key":"Matryoshka"},{"floor":44,"key":"Kunai"}],"event_choices":[{"cards_removed":["Iron Wave"],"damage_healed":0,"gold_gain":0,"player_choice":"Card Removal","damage_taken":0,"max_hp_gain":0,"max_hp_loss":0,"event_name":"The Cleric","floor":3,"gold_loss":50},{"damage_healed":0,"gold_gain":0,"player_choice":"Ignored","damage_taken":0,"max_hp_gain":0,"max_hp_loss":0,"event_name":"Liars Game","floor":5,"gold_loss":0},{"damage_healed":0,"gold_gain":0,"player_choice":"Fought Mushrooms","damage_taken":0,"max_hp_gain":0,"max_hp_loss":0,"event_name":"Mushrooms","floor":11,"gold_loss":0},{"damage_healed":0,"gold_gain":0,"player_choice":"Ignored","damage_taken":0,"max_hp_gain":0,"max_hp_loss":0,"event_name":"The Mausoleum","floor":20,"gold_loss":0},{"damage_healed":0,"gold_gain":0,"player_choice":"Ignored","damage_taken":0,"max_hp_gain":0,"max_hp_loss":0,"event_name":"Ghosts","floor":28,"gold_loss":0},{"damage_healed":0,"gold_gain":0,"player_choice":"Fight","damage_taken":0,"max_hp_gain":0,"max_hp_loss":0,"event_name":"MindBloom","floor":36,"gold_loss":0},{"damage_healed":0,"gold_gain":0,"player_choice":"Got Potions","damage_taken":0,"max_hp_gain":0,"max_hp_loss":0,"event_name":"The Lab","floor":37,"gold_loss":0},{"damage_healed":0,"gold_gain":0,"player_choice":"Ignored","damage_taken":0,"max_hp_gain":0,"max_hp_loss":0,"event_name":"Tomb of Lord Red Mask","floor":38,"gold_loss":0}],"is_beta":false,"boss_relics":[{"not_picked":["Mark of Pain","Snecko Eye"],"picked":"Coffee Dripper"},{"not_picked":["Runic Pyramid","Orrery"],"picked":"Runic Cube"}],"items_purged_floors":[39],"is_endless":false,"potions_floor_spawned":[1,16,19,24,27,40,44,46],"killed_by":"Donu and Deca","ascension_level":0}