{"gold_per_floor":[118,118,136,136,52,80,96,96],"floor_reached":8,"playtime":266,"items_purged":[],"score":112,"play_id":"46053879-7793-4d79-a0ef-3dd6aff7d93a","local_time":"20190525204801","is_ascension_mode":true,"campfire_choices":[],"neow_cost":"NONE","seed_source_timestamp":18089079980161,"circlet_count":0,"master_deck":["AscendersBane","Strike_B","Strike_B","Strike_B","Strike_B","Defend_B","Defend_B","Defend_B","Defend_B+1","Zap","Dualcast","Compile Driver+1","Rebound","Go for the Eyes","Chill"],"relics":["Cracked Core","Pen Nib","Ornamental Fan","Meat on the Bone"],"potions_floor_usage":[6,6],"damage_taken":[{"damage":2,"enemies":"Jaw Worm","floor":1,"turns":5},{"damage":0,"enemies":"Small Slimes","floor":3,"turns":2},{"damage":16,"enemies":"Lagavulin","floor":6,"turns":5},{"damage":0,"enemies":"2 Louse","floor":7,"turns":2},{"damage":34,"enemies":"Gremlin Nob","floor":8,"turns":3}],"seed_played":"7818454676196386490","potions_obtained":[{"floor":3,"key":"Block Potion"}],"is_trial":false,"path_per_floor":["M","?","M","?","$","E","M","E"],"character_chosen":"DEFECT","items_purchased":["Regen Potion"],"campfire_rested":0,"item_purchase_floors":[5],"current_hp_per_floor":[62,41,41,23,23,21,33,0],"gold":96,"neow_bonus":"RANDOM_COMMON_RELIC","is_prod":false,"is_daily":false,"chose_seed":false,"campfire_upgraded":0,"win_rate":0,"timestamp":1558842481,"path_taken":["M","?","M","?","$","E","M","E"],"build_version":"2019-01-23","purchased_purges":0,"victory":false,"max_hp_per_floor":[71,71,71,71,71,71,71,71],"card_choices":[{"not_picked":["Barrage","Ball Lightning"],"picked":"Compile Driver","floor":1},{"not_picked":["Reinforced Body","Force Field"],"picked":"Rebound","floor":3},{"not_picked":["Steam","Scrape"],"picked":"Go for the Eyes","floor":6},{"not_picked":["Stack","Barrage"],"picked":"Chill","floor":7}],"player_experience":797588,"relics_obtained":[{"floor":6,"key":"Meat on the Bone"}],"event_choices":[{"damage_healed":0,"gold_gain":0,"player_choice":"Entered Light","damage_taken":21,"max_hp_gain":0,"max_hp_loss":0,"event_name":"Shining Light","floor":2,"gold_loss":0,"cards_upgraded":["Compile Driver","Defend_B"]},{"damage_healed":0,"gold_gain":0,"player_choice":"Success","damage_taken":18,"relics_obtained":["Ornamental Fan"],"max_hp_gain":0,"max_hp_loss":0,"event_name":"Scrap Ooze","floor":4,"gold_loss":0}],"is_beta":false,"boss_relics":[],"items_purged_floors":[],"is_endless":false,"potions_floor_spawned":[3],"killed_by":"Gremlin Nob","ascension_level":20}