{"gold_per_floor":[119,119,119,130,27,27,62,62,130,145,145,89,106,122,122,122],"floor_reached":16,"playtime":348,"items_purged":["Strike_R"],"score":200,"play_id":"2db80691-7f79-4ed9-a176-d4b05eec7e51","local_time":"20190521083310","is_ascension_mode":true,"campfire_choices":[{"data":"Dark Embrace","floor":6.0,"key":"SMITH"},{"data":"Reckless Charge","floor":8.0,"key":"SMITH"},{"data":"Armaments","floor":15.0,"key":"SMITH"}],"neow_cost":"PERCENT_DAMAGE","seed_source_timestamp":3244132591536,"circlet_count":0,"master_deck":["AscendersBane","Strike_R","Strike_R","Defend_R","Defend_R","Defend_R","Defend_R","Bash","Dark Embrace+1","Evolve","Reckless Charge+1","Twin Strike","Second Wind","Wild Strike","Armaments+1"],"special_seed":0,"relics":["Burning Blood","Happy Flower","Dodecahedron"],"potions_floor_usage":[],"damage_taken":[{"damage":5.0,"enemies":"Small Slimes","floor":1.0,"turns":4.0},{"damage":9.0,"enemies":"2 Louse","floor":4.0,"turns":3.0},{"damage":25.0,"enemies":"Lagavulin","floor":7.0,"turns":7.0},{"damage":1.0,"enemies":"Cultist","floor":10.0,"turns":3.0},{"damage":0.0,"enemies":"2 Fungi Beasts","floor":13.0,"turns":2.0},{"damage":24.0,"enemies":"Exordium Thugs","floor":14.0,"turns":5.0},{"damage":26,"enemies":"The Guardian","floor":16,"turns":6}],"seed_played":"7040320963733468113","potions_obtained":[{"floor":1.0,"key":"Weak Potion"},{"floor":10.0,"key":"AttackPotion"}],"is_trial":false,"path_per_floor":["M","?","?","M","$","R","E","R","T","M","?","$","M","M","R","B"],"character_chosen":"IRONCLAD","items_purchased":["Twin Strike","Wild Strike"],"campfire_rested":0,"item_purchase_floors":[5,12],"current_hp_per_floor":[51,56,56,53,53,53,34,34,34,39,39,39,45,27,27,1],"gold":122,"neow_bonus":"THREE_RARE_CARDS","is_prod":false,"is_daily":false,"chose_seed":false,"campfire_upgraded":3,"win_rate":0,"timestamp":1558395190,"path_taken":["M","?","?","?","$","R","E","R","T","M","?","?","?","M","R","BOSS"],"build_version":"2019-01-23","purchased_purges":1,"victory":false,"max_hp_per_floor":[75,80,80,80,80,80,80,80,80,80,80,80,80,80,80,80],"card_choices":[{"not_picked":["Brutality","Berserk"],"picked":"Dark Embrace","floor":0.0},{"not_picked":["Flex","Intimidate"],"picked":"Evolve","floor":1.0},{"not_picked":["Iron Wave","Headbutt"],"picked":"Reckless Charge","floor":4.0},{"not_picked":["Anger","Thunderclap","Inflame"],"picked":"SKIP","floor":7.0},{"not_picked":["Rage","Pommel Strike"],"picked":"Second Wind","floor":10.0},{"not_picked":["Heavy Blade","Pommel Strike"],"picked":"Armaments","floor":13.0},{"not_picked":["Anger","Heavy Blade","Corruption"],"picked":"SKIP","floor":14.0}],"player_experience":1020550,"relics_obtained":[{"floor":7.0,"key":"Happy Flower"},{"floor":9.0,"key":"Dodecahedron"}],"event_choices":[{"damage_healed":0.0,"max_hp_gain":5.0,"max_hp_loss":0.0,"gold_gain":0.0,"event_name":"Big Fish","player_choice":"Donut","floor":2.0,"gold_loss":0.0,"damage_taken":0.0},{"cards_removed":["Strike_R"],"damage_healed":0.0,"max_hp_gain":0.0,"max_hp_loss":0.0,"gold_gain":0.0,"event_name":"Purifier","player_choice":"Purged","floor":3.0,"gold_loss":0.0,"damage_taken":0.0},{"cards_removed":["Strike_R"],"damage_healed":0.0,"max_hp_gain":0.0,"max_hp_loss":0.0,"gold_gain":0.0,"event_name":"Bonfire Elementals","player_choice":"Offered Basic","floor":11.0,"gold_loss":0.0,"damage_taken":0.0}],"is_beta":false,"boss_relics":[],"items_purged_floors":[5],"is_endless":false,"potions_floor_spawned":[1,10],"killed_by":"The Guardian","ascension_level":20}