{"gold_per_floor":[111,111,130,149,160,160,191,191,216,244,244,244,244,175,175,265,265,278,293,318,240,240],"floor_reached":22,"playtime":1369,"items_purged":[],"score":323,"play_id":"b3042a5d-3220-441a-ba81-58a361cee688","local_time":"20190607084104","is_ascension_mode":true,"campfire_choices":[{"data":"Noxious Fumes","floor":6.0,"key":"SMITH"},{"floor":8.0,"key":"REST"},{"floor":12.0,"key":"REST"},{"floor":15.0,"key":"REST"}],"neow_cost":"NONE","seed_source_timestamp":0,"circlet_count":0,"master_deck":["AscendersBane","Defend_G","Defend_G","Defend_G","Defend_G","Defend_G","Strike_G","Strike_G","Strike_G","Strike_G","Strike_G","Survivor","Neutralize","Flechettes","Noxious Fumes+1","Deadly Poison","Catalyst","Terror","Escape Plan","Footwork","Adrenaline","Sucker Punch","PiercingWail","Backflip","Poisoned Stab","Prepared+1","Poisoned Stab+1","Catalyst","Backstab"],"special_seed":0,"relics":["Runic Pyramid","Potion Belt","Lantern","Art of War","Golden Idol","Orrery"],"potions_floor_usage":[22,22],"damage_taken":[{"damage":0.0,"enemies":"2 Louse","floor":1.0,"turns":3.0},{"damage":2.0,"enemies":"Jaw Worm","floor":3.0,"turns":5.0},{"damage":1.0,"enemies":"Cultist","floor":4.0,"turns":4.0},{"damage":27.0,"enemies":"Lots of Slimes","floor":5.0,"turns":4.0},{"damage":25.0,"enemies":"Lagavulin","floor":7.0,"turns":6.0},{"damage":20.0,"enemies":"3 Sentries","floor":10.0,"turns":6.0},{"damage":2.0,"enemies":"Exordium Wildlife","floor":11.0,"turns":4.0},{"damage":23.0,"enemies":"Hexaghost","floor":16.0,"turns":10.0},{"damage":15.0,"enemies":"Spheric Guardian","floor":18.0,"turns":5.0},{"damage":9.0,"enemies":"Chosen","floor":19.0,"turns":6.0},{"damage":24,"enemies":"Snecko","floor":20,"turns":6},{"damage":7,"enemies":"Centurion and Healer","floor":22,"turns":1}],"seed_played":"5944130365527248653","potions_obtained":[{"floor":5.0,"key":"Block Potion"},{"floor":7.0,"key":"SmokeBomb"},{"floor":10.0,"key":"GamblersBrew"},{"floor":20,"key":"EntropicBrew"}],"is_trial":false,"path_per_floor":["M","?","M","M","M","R","E","R","T","E","M","R","?","$","R","B",null,"M","M","M","$","M"],"character_chosen":"THE_SILENT","items_purchased":["Footwork","Backstab"],"campfire_rested":3,"item_purchase_floors":[14,21],"current_hp_per_floor":[63,63,61,60,33,33,8,29,29,9,7,28,28,28,47,24,55,40,31,7,7,0],"gold":240,"neow_bonus":"BOSS_RELIC","is_prod":false,"is_daily":false,"chose_seed":false,"campfire_upgraded":1,"win_rate":0,"timestamp":1559868064,"path_taken":["M","?","M","M","M","R","E","R","T","E","M","R","?","$","R","BOSS","M","M","M","$","M"],"build_version":"2019-01-23","purchased_purges":0,"victory":false,"max_hp_per_floor":[70,70,70,70,70,70,70,70,70,70,70,70,65,65,65,65,65,65,65,65,65,65],"card_choices":[{"not_picked":["Acrobatics","Bane"],"picked":"Flechettes","floor":1.0},{"not_picked":["Acrobatics","Deadly Poison"],"picked":"Noxious Fumes","floor":3.0},{"not_picked":["Prepared","Dagger Spray"],"picked":"Deadly Poison","floor":4.0},{"not_picked":["Bane","Quick Slash"],"picked":"Catalyst","floor":5.0},{"not_picked":["Dodge and Roll","Blur"],"picked":"Terror","floor":7.0},{"not_picked":["Deflect","Night Terror"],"picked":"Escape Plan","floor":10.0},{"not_picked":["Unload","A Thousand Cuts"],"picked":"Adrenaline","floor":16.0},{"not_picked":["Bane","Deflect"],"picked":"Sucker Punch","floor":17.0},{"not_picked":["Well Laid Plans","Dodge and Roll"],"picked":"PiercingWail","floor":17.0},{"not_picked":["Blade Dance","Prepared"],"picked":"Backflip","floor":17.0},{"not_picked":["Slice","Deflect"],"picked":"Poisoned Stab","floor":17.0},{"not_picked":["Backflip","Dagger Spray"],"picked":"Prepared+1","floor":18.0},{"not_picked":["Endless Agony+1","Sucker Punch"],"picked":"Poisoned Stab+1","floor":19},{"not_picked":["Backflip","Accuracy"],"picked":"Catalyst","floor":20}],"player_experience":784977,"relics_obtained":[{"floor":7.0,"key":"Potion Belt"},{"floor":9.0,"key":"Lantern"},{"floor":10.0,"key":"Art of War"}],"event_choices":[{"damage_healed":0.0,"max_hp_gain":0.0,"max_hp_loss":0.0,"gold_gain":0.0,"event_name":"Golden Wing","player_choice":"Ignored","floor":2.0,"gold_loss":0.0,"damage_taken":0.0},{"damage_healed":0.0,"max_hp_gain":0.0,"max_hp_loss":5.0,"gold_gain":0.0,"event_name":"Golden Idol","player_choice":"Lose Max HP","floor":13.0,"gold_loss":0.0,"damage_taken":0.0,"relics_obtained":["Golden Idol"]}],"is_beta":false,"boss_relics":[{"not_picked":["HoveringKite","Snecko Eye"],"picked":"Orrery"}],"items_purged_floors":[],"is_endless":false,"potions_floor_spawned":[5,7,10,20],"killed_by":"Centurion and Healer","ascension_level":13}