{"path_per_floor":["M","M","?","M","?","R","?","E","T","M","$","E","M","M","R","B",null,"M","?","M","$","M","R","M","?","T","E","M","R","M","M","R","B",null,"M","$","$","M","$","R","E","M","T","R","M","R","M","$","R","B"],"character_chosen":"IRONCLAD","items_purchased":["Flex","Corruption","Pommel Strike","Jack Of All Trades","Bottled Flame","Flex"],"gold_per_floor":[17,33,33,45,45,45,145,189,189,213,41,76,99,120,120,240,240,263,263,283,60,79,79,98,98,98,125,135,135,147,167,167,263,263,275,25,25,42,16,16,44,64,110,110,127,127,146,21,21,21],"floor_reached":51,"campfire_rested":2,"playtime":2744,"current_hp_per_floor":[79,78,78,78,58,58,58,30,30,34,34,28,34,35,59,17,80,80,80,71,71,68,68,71,71,71,65,25,49,58,71,71,38,80,77,77,77,58,58,58,71,57,62,62,75,75,73,73,73,55],"items_purged":["Strike_R","Strike_R","Strike_R"],"gold":21,"score":711,"play_id":"731d2285-b6fb-4e38-8183-262be1d69cee","local_time":"20180509013506","is_prod":false,"is_daily":false,"chose_seed":false,"is_ascension_mode":false,"campfire_upgraded":7,"timestamp":1525797306,"path_taken":["M","M","?","M","?","R","?","E","T","M","$","E","M","M","R","BOSS","M","?","M","$","M","R","?","?","T","E","M","R","?","M","R","BOSS","M","?","$","M","$","R","E","M","T","R","M","R","M","?","R","BOSS"],"build_version":"2018-05-07","seed_source_timestamp":13448529236386,"purchased_purges":3,"victory":true,"master_deck":["Strike_R","Strike_R","Defend_R","Defend_R","Defend_R","Defend_R","Bash","Pommel Strike","Whirlwind+1","Anger+1","Armaments","Flex","Corruption+1","Shockwave","Thunderclap","Demon Form+1","Twin Strike","Blood for Blood+1","Pommel Strike+1","Jack Of All Trades+1","Shrug It Off+1","Heavy Blade","Inflame","Seeing Red+1","Inflame","Dark Embrace+1","Injury","Shrug It Off","Rampage","Flex","Inflame","Inflame","Shrug It Off+1"],"max_hp_per_floor":[80,80,80,80,80,80,80,80,80,80,80,80,80,80,80,80,80,80,80,80,80,80,80,80,80,80,80,80,80,80,80,80,80,80,80,80,80,80,80,80,80,80,80,80,80,80,80,80,80,80],"relics":["Black Blood","Ginger","Bloody Idol","Bird Faced Urn","Champion Belt","Oddly Smooth Stone","Thread and Needle","Omamori","Calling Bell","Happy Flower","Toolbox","Magic Flower","Bottled Flame","Ancient Tea Set","Vajra"],"card_choices":[{"not_picked":["Sword Boomerang","Warcry"],"picked":"Pommel Strike","floor":1},{"not_picked":["Carnage","Ghostly Armor"],"picked":"Whirlwind","floor":2},{"not_picked":["Heavy Blade","True Grit"],"picked":"Anger","floor":4},{"not_picked":["Cleave","Second Wind"],"picked":"Armaments","floor":8},{"not_picked":["Iron Wave","Heavy Blade"],"picked":"Shockwave","floor":12},{"not_picked":["Body Slam","Armaments"],"picked":"Thunderclap","floor":14},{"not_picked":["Offering","Fiend Fire"],"picked":"Demon Form","floor":16},{"not_picked":["Iron Wave","Searing Blow"],"picked":"Twin Strike","floor":18},{"not_picked":["Clothesline","Reckless Charge"],"picked":"Blood for Blood","floor":20},{"not_picked":["Burning Pact","Dropkick"],"picked":"Shrug It Off","floor":22},{"not_picked":["Ghostly Armor","Shrug It Off"],"picked":"Heavy Blade","floor":24},{"not_picked":["Warcry","Flame Barrier"],"picked":"Inflame","floor":28},{"not_picked":["Carnage","Disarm"],"picked":"Seeing Red","floor":30},{"not_picked":["Hemokinesis","Pummel"],"picked":"Inflame","floor":31},{"not_picked":["Impervious","Brutality"],"picked":"Dark Embrace","floor":33},{"not_picked":["Thunderclap","Power Through"],"picked":"Shrug It Off","floor":35},{"not_picked":["Clothesline","Entrench"],"picked":"Rampage","floor":38},{"not_picked":["Body Slam","Impervious"],"picked":"Inflame","floor":41},{"not_picked":["Disarm","Twin Strike"],"picked":"Inflame","floor":42},{"not_picked":["Thunderclap","Blood for Blood"],"picked":"Shrug It Off","floor":45}],"player_experience":10990,"potions_floor_usage":[12,12,14,16,27,27,33,41,47,50,50],"damage_taken":[{"damage":7,"enemies":"Small Slimes","floor":1,"turns":3},{"damage":7,"enemies":"2 Louse","floor":2,"turns":3},{"damage":6,"enemies":"Cultist","floor":4,"turns":3},{"damage":34,"enemies":"Gremlin Nob","floor":8,"turns":5},{"damage":2,"enemies":"Looter","floor":10,"turns":3},{"damage":16,"enemies":"Lagavulin","floor":12,"turns":7},{"damage":0,"enemies":"Exordium Wildlife","floor":13,"turns":1},{"damage":5,"enemies":"3 Louse","floor":14,"turns":3},{"damage":50,"enemies":"Hexaghost","floor":16,"turns":10},{"damage":0,"enemies":"3 Byrds","floor":18,"turns":5},{"damage":24,"enemies":"Chosen","floor":20,"turns":6},{"damage":22,"enemies":"Snecko","floor":22,"turns":6},{"damage":16,"enemies":"Cultist and Chosen","floor":24,"turns":6},{"damage":40,"enemies":"Book of Stabbing","floor":27,"turns":6},{"damage":57,"enemies":"Slaver and Parasite","floor":28,"turns":5},{"damage":10,"enemies":"Snake Plant","floor":30,"turns":4},{"damage":6,"enemies":"Snecko","floor":31,"turns":5},{"damage":54,"enemies":"Collector","floor":33,"turns":7},{"damage":23,"enemies":"Orb Walker","floor":35,"turns":5},{"damage":50,"enemies":"3 Shapes","floor":38,"turns":4},{"damage":48,"enemies":"Nemesis","floor":41,"turns":7},{"damage":49,"enemies":"Sphere and 2 Shapes","floor":42,"turns":7},{"damage":22,"enemies":"3 Darklings","floor":45,"turns":4},{"damage":46,"enemies":"Flame Bruiser 2 Orb","floor":47,"turns":7},{"damage":51,"enemies":"Awakened One","floor":50,"turns":7}],"event_choices":[{"event_name":"Living Wall","player_choice":"Grow","floor":3,"damage_taken":0},{"event_name":"Golden Idol","player_choice":"Take Damage","floor":5,"damage_taken":0},{"event_name":"Golden Shrine","player_choice":"Pray","floor":7,"damage_taken":0},{"event_name":"Forgotten Altar","player_choice":"Gave Idol","floor":19,"damage_taken":0},{"event_name":"Vampires","player_choice":"Ignored","floor":25,"damage_taken":0}],"boss_relics":[{"not_picked":["Philosopher\u0027s Stone","Eternal Feather"],"picked":"Black Blood"},{"not_picked":["Runic Pyramid","Mark of Pain"],"picked":"Calling Bell"}],"potions_floor_spawned":[8,10,13,14,16,18,22,24,33,38,42,45,47],"seed_played":"-3838802421796571644","ascension_level":0,"is_trial":false}