{"gold_per_floor":[117,117,42,53,70,70,89,117,140,172,184,230,242,265,277,388,400,395,407,439,451,463],"floor_reached":22,"playtime":732,"items_purged":["Strike_R"],"score":245,"play_id":"7357f397-1dcf-4213-8c96-97d537c0f33c","local_time":"20181102230553","is_ascension_mode":true,"campfire_choices":[{"data":"Demon Form","floor":6.0,"key":"SMITH"},{"floor":11.0,"key":"REST"},{"floor":13.0,"key":"REST"},{"floor":15.0,"key":"REST"}],"neow_cost":"PERCENT_DAMAGE","seed_source_timestamp":0,"circlet_count":0,"master_deck":["Strike_R","Strike_R","Strike_R","Defend_R","Defend_R","Defend_R","Defend_R","Bash","Demon Form+1","Havoc","Ghostly Armor","Demon Form","Clothesline","Flame Barrier","True Grit","Demon Form+1","Bloodletting+1"],"special_seed":0,"relics":["Burning Blood","PreservedInsect","Pen Nib","MawBank","Torii","Black Star"],"potions_floor_usage":[20],"damage_taken":[{"damage":5.0,"enemies":"Small Slimes","floor":1.0,"turns":5.0},{"damage":9.0,"enemies":"Cultist","floor":4.0,"turns":5.0},{"damage":13.0,"enemies":"Jaw Worm","floor":5.0,"turns":4.0},{"damage":1.0,"enemies":"Lots of Slimes","floor":7.0,"turns":2.0},{"damage":25.0,"enemies":"3 Sentries","floor":8.0,"turns":9.0},{"damage":26.0,"enemies":"Gremlin Nob","floor":10.0,"turns":5.0},{"damage":35.0,"enemies":"3 Sentries","floor":12.0,"turns":7.0},{"damage":16.0,"enemies":"Gremlin Gang","floor":14.0,"turns":6.0},{"damage":16.0,"enemies":"Hexaghost","floor":16.0,"turns":9.0},{"damage":52,"enemies":"2 Thieves","floor":18,"turns":5},{"damage":28,"enemies":"Shell Parasite","floor":20,"turns":7},{"damage":14,"enemies":"Snake Plant","floor":22,"turns":2}],"seed_played":"-2672269095849896192","potions_obtained":[{"floor":4.0,"key":"Explosive Potion"},{"floor":5.0,"key":"Weak Potion"},{"floor":7.0,"key":"Poison Potion"},{"floor":14.0,"key":"PowerPotion"},{"floor":16.0,"key":"Weak Potion"},{"floor":20,"key":"SpeedPotion"}],"is_trial":false,"path_per_floor":["M","?","$","M","M","R","M","E","T","E","R","E","R","M","R","B",null,"M","$","M","?","M"],"character_chosen":"IRONCLAD","items_purchased":[],"campfire_rested":3,"item_purchase_floors":[],"current_hp_per_floor":[57,57,57,54,47,47,52,33,33,13,37,8,32,22,46,36,80,34,34,12,12,0],"gold":463,"neow_bonus":"THREE_RARE_CARDS","is_prod":false,"is_daily":false,"chose_seed":false,"campfire_upgraded":1,"win_rate":0,"timestamp":1541167553,"path_taken":["M","?","$","?","M","R","M","E","T","E","R","E","R","?","R","BOSS","M","$","M","?","?"],"build_version":"2018-11-01","purchased_purges":1,"victory":false,"max_hp_per_floor":[80,80,80,80,80,80,80,80,80,80,80,80,80,80,80,80,80,80,80,80,80,80],"card_choices":[{"not_picked":["Double Tap","Impervious"],"picked":"Demon Form","floor":0.0},{"not_picked":["Cleave","Power Through"],"picked":"Havoc","floor":1.0},{"not_picked":["Anger","Evolve"],"picked":"Ghostly Armor","floor":4.0},{"not_picked":["Armaments","Thunderclap","Corruption"],"picked":"SKIP","floor":5.0},{"not_picked":["Armaments","Clash","Fire Breathing"],"picked":"SKIP","floor":7.0},{"not_picked":["Cleave","Flex"],"picked":"Demon Form","floor":8.0},{"not_picked":["Feel No Pain","Body Slam"],"picked":"Clothesline","floor":10.0},{"not_picked":["Clothesline","Armaments"],"picked":"Flame Barrier","floor":12.0},{"not_picked":["Perfected Strike","Pommel Strike"],"picked":"True Grit","floor":14.0},{"not_picked":["Fiend Fire","Brutality"],"picked":"Demon Form","floor":16.0},{"not_picked":["Fire Breathing","Iron Wave","Wild Strike"],"picked":"SKIP","floor":18},{"not_picked":["Anger","Headbutt"],"picked":"Bloodletting+1","floor":20}],"player_experience":271938,"relics_obtained":[{"floor":8.0,"key":"PreservedInsect"},{"floor":9.0,"key":"Pen Nib"},{"floor":10.0,"key":"MawBank"},{"floor":12.0,"key":"Torii"}],"event_choices":[{"cards_removed":["Strike_R"],"damage_healed":0.0,"max_hp_gain":0.0,"max_hp_loss":0.0,"gold_gain":0.0,"event_name":"Purifier","player_choice":"Purged","floor":2.0,"gold_loss":0.0,"damage_taken":0.0},{"damage_healed":0,"gold_gain":0,"player_choice":"Forge","damage_taken":0,"max_hp_gain":0,"max_hp_loss":0,"event_name":"Accursed Blacksmith","floor":21,"gold_loss":0,"cards_upgraded":["Demon Form"]}],"is_beta":false,"boss_relics":[{"not_picked":["Tiny House","Snecko Eye"],"picked":"Black Star"}],"items_purged_floors":[3],"is_endless":false,"potions_floor_spawned":[4,5,7,14,16,20],"killed_by":"Snake Plant","ascension_level":4}