{"gold_per_floor":[99,118,137,148,148,148,180,199,222,241,241,241,75,104,104,208,208,219,219,219,219,219,319,319,219,247,281,293,305,351,363,375,466,478,490,600,612,641,663,315,315,30,30,65,65,65,65,92,38,68,0,0,0],"floor_reached":54,"playtime":1358,"items_purged":["Strike_R","Strike_R","Strike_R"],"score":1031,"play_id":"2d5600c3-93b5-4e5d-bf07-8345cc8b57ea","local_time":"20190115011047","daily_mods":["Heirloom","Flight"],"is_ascension_mode":false,"campfire_choices":[{"data":"Bash","floor":6,"key":"SMITH"},{"data":"Enlightenment","floor":15,"key":"SMITH"},{"data":"1","floor":35,"key":"LIFT"},{"data":"Limit Break","floor":43,"key":"SMITH"},{"data":"2","floor":45,"key":"LIFT"},{"data":"3","floor":52,"key":"LIFT"}],"neow_cost":"NONE","seed_source_timestamp":0,"circlet_count":0,"master_deck":["Defend_R","Defend_R","Defend_R","Defend_R","Bash+1","Battle Trance+1","ReplayTheSpireMod:Limb From Limb","Run Through","Replay:Many Hands+1","Pot Of Greed","Pot Of Greed","Inflame","Enlightenment+1","Ghostly Armor","Feed","ReplayTheSpireMod:Stacked","Sword Boomerang","Offering","Limit Break+1","Run Through+1","Trip","Headbutt+1","Pot Of Greed","Shrug It Off","Second Wind+1"],"relics":["Burning Blood","Bird Faced Urn","Torii","Grinning Jar","Art of War","NeowsBlessing","PreservedInsect","Sozu","NeowsBlessing","Girya","Replay:Accelerometer","NeowsBlessing","Pen Nib","MawBank","Pantograph","Juzu Bracelet","Replay:Ringing Soul","NeowsBlessing","Ring of Chaos","Lantern","FossilizedHelix","Counterbalance","Blue Candle","Dream Catcher","ReplayTheSpireMod:Spearhead","Red Mask"],"potions_floor_usage":[53],"damage_taken":[{"damage":10,"enemies":"Jaw Worm","floor":2,"turns":5},{"damage":0,"enemies":"2 Louse","floor":3,"turns":3},{"damage":1,"enemies":"Small Slimes","floor":4,"turns":4},{"damage":13,"enemies":"Lagavulin","floor":7,"turns":3},{"damage":1,"enemies":"Looter","floor":8,"turns":3},{"damage":10,"enemies":"Exordium Thugs","floor":10,"turns":4},{"damage":0,"enemies":"Gremlin Nob","floor":14,"turns":1},{"damage":0,"enemies":"Hexaghost","floor":16,"turns":1},{"damage":0,"enemies":"2 Thieves","floor":18,"turns":1},{"damage":0,"enemies":"Colosseum Slavers","floor":23,"turns":1},{"damage":0,"enemies":"Colosseum Nobs","floor":23,"turns":1},{"damage":0,"enemies":"Book of Stabbing","floor":26,"turns":1},{"damage":0,"enemies":"Replay:Snechameleon","floor":27,"turns":1},{"damage":0,"enemies":"Slavers","floor":30,"turns":1},{"damage":0,"enemies":"Champ","floor":36,"turns":1},{"damage":0,"enemies":"3 Shapes","floor":38,"turns":2},{"damage":0,"enemies":"Orb Walker","floor":39,"turns":1},{"damage":0,"enemies":"Giant Head","floor":44,"turns":4},{"damage":0,"enemies":"Reptomancer","floor":48,"turns":2},{"damage":0,"enemies":"R_Hoarder","floor":50,"turns":2},{"damage":74,"enemies":"Time Eater","floor":53,"turns":5}],"seed_played":"4836953102385200102","potions_obtained":[{"floor":4,"key":"PowerPotion"},{"floor":7,"key":"SpeedPotion"},{"floor":8,"key":"LiquidBronze"},{"floor":10,"key":"Elixir"}],"is_trial":true,"path_per_floor":["WH","M","M","M","?","R","E","M","T","M","?","WH","$","E","R","B",null,"M","WH","PTL","PTL","PTL","?","WH","$","E","E","WH","T","E","?","?","T","WH","R","B",null,"M","M","$","?","$","R","E","R","T","?","E","$","E","?","R","B",null],"character_chosen":"IRONCLAD","items_purchased":["Enlightenment","Lantern","Trip","FossilizedHelix","Shrug It Off"],"campfire_rested":0,"item_purchase_floors":[13,40,40,42,49],"current_hp_per_floor":[80,76,80,80,80,80,73,78,78,76,76,76,76,80,80,80,80,80,80,80,80,80,83,83,83,83,83,91,91,91,91,91,91,91,91,94,94,100,100,103,103,103,103,103,103,103,103,109,112,115,115,115,51],"gold":0,"neow_bonus":"THREE_ENEMY_KILL","is_prod":false,"is_daily":false,"chose_seed":false,"campfire_upgraded":3,"win_rate":0,"timestamp":1547482247,"path_taken":["WH","M","M","M","?","R","E","M","T","M","?","WH","$","E","R","BOSS","M","WH","PTL","PTL","PTL","?","WH","$","E","E","WH","T","E","?","?","?","WH","R","BOSS","M","M","$","?","$","R","E","R","T","?","E","$","E","?","R","BOSS"],"build_version":"2019-01-10","purchased_purges":3,"victory":true,"max_hp_per_floor":[80,80,80,80,80,80,80,80,80,80,80,80,80,80,80,80,80,80,80,80,80,80,83,83,83,83,83,91,91,91,91,91,91,91,91,94,94,100,100,103,103,103,103,103,103,103,103,109,112,115,115,115,115],"card_choices":[{"not_picked":["Iron Wave","Clothesline"],"picked":"Battle Trance","floor":2},{"not_picked":["Headbutt","Flex"],"picked":"ReplayTheSpireMod:Limb From Limb","floor":3},{"not_picked":["Life Link","Ghostly Armor"],"picked":"Run Through","floor":4},{"not_picked":["Wild Strike","Replay:Undeath\u0027s Touch","Perfected Strike"],"picked":"SKIP","floor":7},{"not_picked":["ReplayTheSpireMod:Strike From Hell","Clash"],"picked":"Inflame","floor":8},{"not_picked":["Massacre","Flex","Headbutt"],"picked":"SKIP","floor":10},{"not_picked":["Bloodletting","Perfected Strike"],"picked":"Ghostly Armor","floor":14},{"not_picked":["Reaper","Demon Form"],"picked":"Feed","floor":16},{"not_picked":["Thunderclap","Warcry"],"picked":"ReplayTheSpireMod:Stacked","floor":18},{"not_picked":["Sever Soul","Fire Breathing","Dual Wield"],"picked":"SKIP","floor":26},{"not_picked":["Shrug It Off","Havoc+1"],"picked":"Sword Boomerang","floor":27},{"not_picked":["Perfected Strike","Havoc"],"picked":"Offering","floor":30},{"not_picked":["Impervious","Demonic Infusion"],"picked":"Limit Break","floor":36},{"not_picked":["Clash","Dual Wield"],"picked":"Run Through+1","floor":38},{"not_picked":["Searing Blow+1","Heavy Blade","Ghostly Armor"],"picked":"SKIP","floor":39},{"not_picked":["Warcry+1","Body Slam+1","Whirlwind"],"picked":"SKIP","floor":44},{"not_picked":["Defy Death+1","Seeing Red"],"picked":"Headbutt+1","floor":48},{"not_picked":["Immolate","Iron Wave"],"picked":"Second Wind+1","floor":50}],"player_experience":687771,"relics_obtained":[{"floor":7,"key":"Grinning Jar"},{"floor":9,"key":"Art of War"},{"floor":14,"key":"PreservedInsect"},{"floor":23,"key":"Girya"},{"floor":23,"key":"Replay:Accelerometer"},{"floor":26,"key":"Pen Nib"},{"floor":27,"key":"MawBank"},{"floor":29,"key":"Pantograph"},{"floor":30,"key":"Juzu Bracelet"},{"floor":33,"key":"Replay:Ringing Soul"},{"floor":44,"key":"Counterbalance"},{"floor":46,"key":"Blue Candle"},{"floor":48,"key":"Dream Catcher"},{"floor":50,"key":"ReplayTheSpireMod:Spearhead"}],"event_choices":[{"damage_healed":0,"gold_gain":0,"player_choice":"Fight","damage_taken":0,"max_hp_gain":0,"max_hp_loss":0,"event_name":"Colosseum","floor":23,"gold_loss":0},{"damage_healed":0,"gold_gain":0,"player_choice":"Fought Nobs","damage_taken":0,"max_hp_gain":0,"max_hp_loss":0,"event_name":"Colosseum","floor":23,"gold_loss":0},{"cards_removed":["Strike_R"],"damage_healed":0,"gold_gain":0,"player_choice":"Elegance","damage_taken":0,"max_hp_gain":0,"max_hp_loss":0,"event_name":"Back to Basics","floor":31,"gold_loss":0},{"damage_healed":0,"gold_gain":0,"player_choice":"Ignored","damage_taken":0,"max_hp_gain":0,"max_hp_loss":0,"event_name":"Ghosts","floor":32,"gold_loss":0},{"damage_healed":0,"gold_gain":0,"player_choice":"Got Potions","damage_taken":0,"max_hp_gain":0,"max_hp_loss":0,"event_name":"Lab","floor":41,"gold_loss":0},{"damage_healed":0,"gold_gain":0,"player_choice":"0 cards matched","damage_taken":0,"max_hp_gain":0,"max_hp_loss":0,"event_name":"Match and Keep!","floor":47,"gold_loss":0,"cards_obtained":[]},{"damage_healed":0,"gold_gain":0,"player_choice":"Paid","damage_taken":0,"relics_obtained":["Red Mask"],"max_hp_gain":0,"max_hp_loss":0,"event_name":"Tomb of Lord Red Mask","floor":51,"gold_loss":68}],"is_beta":false,"boss_relics":[{"not_picked":["Cursed Key","Honey Jar"],"picked":"Sozu"},{"not_picked":["Kintsugi","Snecko Eye"],"picked":"Ring of Chaos"}],"items_purged_floors":[13,25,40],"is_endless":false,"potions_floor_spawned":[4,7,8,10,14,23,30,44,50],"ascension_level":0}