{"gold_per_floor":[115,129,139,139,152,183,195,195,220,220,240,273,273,286,286,361,361,376,144,144,144,162,162,162,162,162,172,72,72,87,87],"floor_reached":31,"playtime":916,"items_purged":["Strike_R","Defend_R"],"score":494,"play_id":"3c5fa3d7-e133-47a3-bf8a-a5808eef4b0d","local_time":"20190508225036","is_ascension_mode":true,"campfire_choices":[{"data":"Body Slam","floor":8.0,"key":"SMITH"},{"floor":10.0,"key":"REST"},{"data":"Rage","floor":13.0,"key":"SMITH"},{"floor":15.0,"key":"REST"},{"floor":23,"key":"REST"},{"data":"Evolve","floor":25,"key":"SMITH"}],"neow_cost":"NONE","seed_source_timestamp":20636108846412,"circlet_count":0,"master_deck":["AscendersBane","Strike_R","Strike_R","Defend_R","Defend_R","Defend_R","Bash","Body Slam+1","Rage+1","Second Wind","Clothesline","Feel No Pain","Iron Wave","Dark Embrace+1","Impervious","Carnage","Evolve+1","Clumsy"],"special_seed":0,"relics":["Burning Blood","Happy Flower","Regal Pillow","Orichalcum","Cursed Key","Lantern","Enchiridion","Bottled Tornado"],"potions_floor_usage":[],"damage_taken":[{"damage":9.0,"enemies":"Jaw Worm","floor":1.0,"turns":5.0},{"damage":0.0,"enemies":"2 Louse","floor":2.0,"turns":4.0},{"damage":6.0,"enemies":"Cultist","floor":3.0,"turns":4.0},{"damage":15.0,"enemies":"Looter","floor":5.0,"turns":5.0},{"damage":51.0,"enemies":"Gremlin Nob","floor":6.0,"turns":5.0},{"damage":12.0,"enemies":"Exordium Wildlife","floor":7.0,"turns":4.0},{"damage":18.0,"enemies":"3 Louse","floor":11.0,"turns":5.0},{"damage":18.0,"enemies":"3 Sentries","floor":12.0,"turns":10.0},{"damage":3.0,"enemies":"Blue Slaver","floor":14.0,"turns":4.0},{"damage":62,"enemies":"The Guardian","floor":16,"turns":17},{"damage":37,"enemies":"3 Byrds","floor":18,"turns":9},{"damage":24,"enemies":"Spheric Guardian","floor":22,"turns":6},{"damage":32,"enemies":"Shelled Parasite and Fungi","floor":27,"turns":6},{"damage":0,"enemies":"Cultist and Chosen","floor":30,"turns":5},{"damage":31,"enemies":"Snake Plant","floor":31,"turns":4}],"seed_played":"6941070072314875446","potions_obtained":[{"floor":2.0,"key":"LiquidBronze"},{"floor":6.0,"key":"Dexterity Potion"},{"floor":7.0,"key":"Fruit Juice"},{"floor":16,"key":"SteroidPotion"},{"floor":22,"key":"Poison Potion"}],"is_trial":false,"path_per_floor":["M","M","M","?","M","E","M","R","T","R","M","E","R","M","R","B",null,"M","$","?","?","M","R","?","R","T","M","$","?","M","M"],"character_chosen":"IRONCLAD","items_purchased":["Lantern"],"campfire_rested":3,"item_purchase_floors":[19],"current_hp_per_floor":[72,78,78,83,74,29,28,28,28,70,58,46,46,49,91,35,78,47,47,47,47,29,71,50,50,50,24,24,24,30,0],"gold":87,"neow_bonus":"TEN_PERCENT_HP_BONUS","is_prod":false,"is_daily":false,"chose_seed":false,"campfire_upgraded":3,"win_rate":0,"timestamp":1557323436,"path_taken":["M","M","M","?","M","E","M","R","T","R","M","E","R","M","R","BOSS","M","$","?","?","?","R","?","R","T","M","$","?","M","M"],"build_version":"2019-01-23","purchased_purges":2,"victory":false,"max_hp_per_floor":[82,82,82,87,87,87,92,92,92,92,92,92,92,92,92,92,92,92,92,92,92,92,92,92,92,92,92,92,92,92,92],"card_choices":[{"not_picked":["Cleave","Warcry"],"picked":"Body Slam","floor":1.0},{"not_picked":["Heavy Blade","Blood for Blood"],"picked":"Rage","floor":2.0},{"not_picked":["Heavy Blade","Sword Boomerang"],"picked":"Second Wind","floor":3.0},{"not_picked":["Anger","Body Slam"],"picked":"Clothesline","floor":5.0},{"not_picked":["Spot Weakness","Iron Wave"],"picked":"Feel No Pain","floor":6.0},{"not_picked":["Rage","Pommel Strike","Rupture"],"picked":"SKIP","floor":7.0},{"not_picked":["Body Slam","Anger","Iron Wave"],"picked":"SKIP","floor":11.0},{"not_picked":["Dropkick","Flex","Thunderclap"],"picked":"SKIP","floor":12.0},{"not_picked":["Brutality","Perfected Strike"],"picked":"Iron Wave","floor":14.0},{"not_picked":["Impervious","Exhume"],"picked":"Dark Embrace","floor":16},{"not_picked":["Shrug It Off","Flame Barrier","Iron Wave"],"picked":"SKIP","floor":18},{"not_picked":["Flex","Bloodletting"],"picked":"Evolve","floor":22},{"not_picked":["Burning Pact","Iron Wave","Dual Wield"],"picked":"SKIP","floor":27},{"not_picked":["Anger","Hemokinesis","Thunderclap"],"picked":"SKIP","floor":30}],"player_experience":1008812,"relics_obtained":[{"floor":6.0,"key":"Happy Flower"},{"floor":9.0,"key":"Regal Pillow"},{"floor":12.0,"key":"Orichalcum"},{"floor":24,"key":"Enchiridion"},{"floor":26,"key":"Bottled Tornado"}],"event_choices":[{"damage_healed":0.0,"max_hp_gain":5.0,"max_hp_loss":0.0,"gold_gain":0.0,"event_name":"Big Fish","player_choice":"Donut","floor":4.0,"gold_loss":0.0,"damage_taken":0.0},{"damage_healed":0,"gold_gain":0,"cards_transformed":["Strike_R","Strike_R"],"player_choice":"Became Test Subject","damage_taken":0,"max_hp_gain":0,"max_hp_loss":0,"event_name":"Drug Dealer","floor":20,"gold_loss":0,"cards_obtained":["Impervious","Carnage"]},{"damage_healed":0,"gold_gain":0,"player_choice":"Forge","damage_taken":0,"max_hp_gain":0,"max_hp_loss":0,"event_name":"Accursed Blacksmith","floor":21,"gold_loss":0,"cards_upgraded":["Dark Embrace"]},{"damage_healed":0,"gold_gain":0,"player_choice":"Obtained Book","damage_taken":21,"max_hp_gain":0,"max_hp_loss":0,"event_name":"Cursed Tome","floor":24,"gold_loss":0},{"damage_healed":0,"gold_gain":0,"player_choice":"Ignored","damage_taken":0,"max_hp_gain":0,"max_hp_loss":0,"event_name":"Vampires","floor":29,"gold_loss":0}],"is_beta":false,"boss_relics":[{"not_picked":["Philosopher\u0027s Stone","Velvet Choker"],"picked":"Cursed Key"}],"items_purged_floors":[19,28],"is_endless":false,"potions_floor_spawned":[2,6,7,16,22,27],"killed_by":"Snake Plant","ascension_level":20}