{"gold_per_floor":[115,115,115,131,183,183,219,237,314,314,328,328,362,385,385,385],"floor_reached":16,"playtime":493,"items_purged":[],"score":270,"play_id":"7e927fa6-67d4-4230-8d1d-57ebd7386c64","local_time":"20190604233943","is_ascension_mode":true,"campfire_choices":[{"data":"Neutralize","floor":6,"key":"SMITH"},{"data":"Dash","floor":10,"key":"SMITH"},{"data":"Doppelganger","floor":12,"key":"SMITH"},{"floor":15,"key":"REST"}],"neow_cost":"NONE","seed_source_timestamp":43265782594687,"circlet_count":0,"master_deck":["AscendersBane","Defend_G","Defend_G","Defend_G","Defend_G","Defend_G","Strike_G","Strike_G","Strike_G","Strike_G","Strike_G","Survivor","Neutralize+1","Deflect+1","Backstab","Dash+1","Caltrops","Doppelganger+1","Adrenaline","Slice"],"special_seed":0,"relics":["Ring of the Snake","NeowsBlessing","Golden Idol","Regal Pillow","Peace Pipe","Question Card","Girya"],"potions_floor_usage":[13,13,14],"damage_taken":[{"damage":0.0,"enemies":"Small Slimes","floor":1.0,"turns":1.0},{"damage":0,"enemies":"2 Louse","floor":4,"turns":1},{"damage":0,"enemies":"Gremlin Nob","floor":7,"turns":1},{"damage":4,"enemies":"Jaw Worm","floor":8,"turns":4},{"damage":0,"enemies":"2 Fungi Beasts","floor":11,"turns":3},{"damage":25,"enemies":"Lagavulin","floor":13,"turns":9},{"damage":0,"enemies":"Large Slime","floor":14,"turns":3},{"damage":44,"enemies":"Hexaghost","floor":16,"turns":13}],"seed_played":"-8227216071685519748","potions_obtained":[{"floor":8,"key":"GamblersBrew"},{"floor":11,"key":"GamblersBrew"},{"floor":13,"key":"Fire Potion"},{"floor":14,"key":"Ancient Potion"}],"is_trial":false,"path_per_floor":["M","?","?","M","T","R","E","M","T","R","M","R","E","M","R","B"],"character_chosen":"THE_SILENT","items_purchased":[],"campfire_rested":1,"item_purchase_floors":[],"current_hp_per_floor":[59,36,36,36,36,36,36,32,32,32,32,32,7,7,41,0],"gold":385,"neow_bonus":"THREE_ENEMY_KILL","is_prod":false,"is_daily":false,"chose_seed":false,"campfire_upgraded":3,"win_rate":0,"timestamp":1559716783,"path_taken":["M","?","?","M","?","R","E","M","T","R","M","R","E","M","R","BOSS"],"build_version":"2019-01-23","purchased_purges":0,"victory":false,"max_hp_per_floor":[66,66,66,66,66,66,66,66,66,66,66,66,66,66,66,66],"card_choices":[{"not_picked":["Sucker Punch","Backflip"],"picked":"Deflect","floor":1.0},{"not_picked":["Slice","Night Terror"],"picked":"Backstab","floor":4},{"not_picked":["Bane","Tactician"],"picked":"Dash","floor":7},{"not_picked":["Blade Dance","PiercingWail"],"picked":"Caltrops","floor":8},{"not_picked":["Sucker Punch","Bouncing Flask","Backflip"],"picked":"Doppelganger","floor":11},{"not_picked":["Glass Knife","Backstab","Doppelganger"],"picked":"Adrenaline","floor":13},{"not_picked":["Skewer","Eviscerate","Caltrops"],"picked":"Slice","floor":14}],"player_experience":826706,"relics_obtained":[{"floor":5,"key":"Regal Pillow"},{"floor":7,"key":"Peace Pipe"},{"floor":9,"key":"Question Card"},{"floor":13,"key":"Girya"}],"event_choices":[{"damage_healed":0.0,"max_hp_gain":0.0,"max_hp_loss":0.0,"gold_gain":0.0,"event_name":"Golden Idol","player_choice":"Take Damage","floor":2.0,"gold_loss":0.0,"damage_taken":23.0,"relics_obtained":["Golden Idol"]},{"damage_healed":0,"gold_gain":0,"player_choice":"Grow","damage_taken":0,"max_hp_gain":0,"max_hp_loss":0,"event_name":"Living Wall","floor":3,"gold_loss":0,"cards_upgraded":["Deflect"]}],"is_beta":false,"boss_relics":[],"items_purged_floors":[],"is_endless":false,"potions_floor_spawned":[8,11,13,14],"killed_by":"Hexaghost","ascension_level":20}