{"gold_per_floor":[117,135,150,150,163,163,190,190,247,259,271,316,328,372,384,467,479,411,441,360,382,407,419],"floor_reached":23,"playtime":1426,"items_purged":[],"score":387,"play_id":"7475054b-b3ee-4f68-8604-11e1334c1caa","local_time":"20190419003230","is_ascension_mode":true,"campfire_choices":[{"data":"Bullet Time","floor":6.0,"key":"SMITH"},{"floor":11.0,"key":"REST"},{"data":"Acrobatics","floor":15.0,"key":"SMITH"}],"neow_cost":"NONE","seed_source_timestamp":18622335468387,"circlet_count":0,"master_deck":["AscendersBane","Defend_G","Defend_G","Defend_G","Defend_G","Defend_G","Strike_G","Survivor","Neutralize","Bullet Time+1","Flying Knee","Acrobatics+1","Predator","Envenom","Acrobatics","Dagger Throw","Envenom","Backstab","Calculated Gamble","Noxious Fumes"],"special_seed":0,"relics":["Ring of the Snake","Pear","MawBank","Centennial Puzzle","Dodecahedron","Sundial","Empty Cage","Peace Pipe"],"potions_floor_usage":[23,23],"damage_taken":[{"damage":9.0,"enemies":"Jaw Worm","floor":1.0,"turns":5.0},{"damage":0.0,"enemies":"Cultist","floor":2.0,"turns":3.0},{"damage":0.0,"enemies":"Small Slimes","floor":3.0,"turns":4.0},{"damage":0.0,"enemies":"Exordium Wildlife","floor":5.0,"turns":4.0},{"damage":17.0,"enemies":"Lagavulin","floor":7.0,"turns":6.0},{"damage":16.0,"enemies":"Gremlin Nob","floor":12.0,"turns":3.0},{"damage":2.0,"enemies":"Lagavulin","floor":14.0,"turns":6.0},{"damage":8.0,"enemies":"The Guardian","floor":16.0,"turns":11.0},{"damage":10.0,"enemies":"2 Thieves","floor":18.0,"turns":4.0},{"damage":2.0,"enemies":"3 Byrds","floor":19.0,"turns":5.0},{"damage":3.0,"enemies":"Snecko","floor":21.0,"turns":5.0},{"damage":17.0,"enemies":"Shelled Parasite and Fungi","floor":22.0,"turns":4.0},{"damage":22,"enemies":"Slavers","floor":23,"turns":3}],"seed_played":"4194347748570002645","potions_obtained":[{"floor":1.0,"key":"Swift Potion"},{"floor":3.0,"key":"EssenceOfSteel"},{"floor":5.0,"key":"GamblersBrew"},{"floor":12.0,"key":"Block Potion"},{"floor":21.0,"key":"Regen Potion"},{"floor":22.0,"key":"Explosive Potion"}],"is_trial":false,"path_per_floor":["M","M","M","?","M","R","E","?","T","$","R","E","?","E","R","B",null,"M","M","?","M","M","E"],"character_chosen":"THE_SILENT","items_purchased":[],"campfire_rested":1,"item_purchase_floors":[],"current_hp_per_floor":[50,50,50,50,50,50,43,43,43,43,65,49,42,40,40,32,65,55,53,53,50,47,25],"gold":419,"neow_bonus":"ONE_RANDOM_RARE_CARD","is_prod":false,"is_daily":false,"chose_seed":false,"campfire_upgraded":2,"win_rate":0,"timestamp":1555659150,"path_taken":["M","M","M","?","?","R","E","?","T","?","R","E","?","E","R","BOSS","M","M","?","M","M","E"],"build_version":"2019-01-23","purchased_purges":0,"victory":false,"max_hp_per_floor":[66,66,66,66,66,66,76,76,76,76,76,76,76,76,76,76,76,76,76,76,76,76,76],"card_choices":[{"not_picked":["Tactician","Bane"],"picked":"Flying Knee","floor":1.0},{"not_picked":["Finisher","Blade Dance"],"picked":"Acrobatics","floor":2.0},{"not_picked":["Outmaneuver","PiercingWail"],"picked":"Predator","floor":3.0},{"not_picked":["Bane","Eviscerate","Setup"],"picked":"SKIP","floor":5.0},{"not_picked":["Slice","Malaise"],"picked":"Envenom","floor":7.0},{"not_picked":["Quick Slash","PiercingWail"],"picked":"Acrobatics","floor":12.0},{"not_picked":["All Out Attack","Outmaneuver"],"picked":"Dagger Throw","floor":14.0},{"not_picked":["Corpse Explosion","Grand Finale"],"picked":"Envenom","floor":16.0},{"not_picked":["Terror","Bane"],"picked":"Backstab","floor":18.0},{"not_picked":["Flechettes","Setup"],"picked":"Calculated Gamble","floor":19.0},{"not_picked":["Blade Dance","Backstab"],"picked":"Noxious Fumes","floor":21.0},{"not_picked":["Flechettes","Poisoned Stab+1","Bane"],"picked":"SKIP","floor":22.0}],"player_experience":724398,"relics_obtained":[{"floor":7.0,"key":"Pear"},{"floor":9.0,"key":"Centennial Puzzle"},{"floor":12.0,"key":"Dodecahedron"},{"floor":14.0,"key":"Sundial"}],"event_choices":[{"cards_removed":["Strike_G"],"damage_healed":0.0,"max_hp_gain":0.0,"max_hp_loss":0.0,"gold_gain":0.0,"event_name":"Purifier","player_choice":"Purged","floor":4.0,"gold_loss":0.0,"damage_taken":0.0},{"damage_healed":0.0,"max_hp_gain":0.0,"max_hp_loss":0.0,"gold_gain":0.0,"event_name":"Dead Adventurer","player_choice":"Searched \u00271\u0027 times","floor":8.0,"gold_loss":0.0,"damage_taken":0.0,"relics_obtained":["MawBank"]},{"cards_removed":["Strike_G"],"damage_healed":0.0,"max_hp_gain":0.0,"max_hp_loss":0.0,"gold_gain":0.0,"event_name":"Golden Wing","player_choice":"Card Removal","floor":13.0,"gold_loss":0.0,"damage_taken":7.0},{"damage_healed":0.0,"max_hp_gain":0.0,"max_hp_loss":0.0,"gold_gain":0.0,"event_name":"WeMeetAgain","player_choice":"Paid Gold","floor":20.0,"gold_loss":93.0,"damage_taken":0.0,"relics_obtained":["Peace Pipe"]}],"is_beta":false,"boss_relics":[{"not_picked":["Astrolabe","Orrery"],"picked":"Empty Cage"}],"items_purged_floors":[],"is_endless":false,"potions_floor_spawned":[1,3,5,12,14,21,22],"killed_by":"Slavers","ascension_level":17}