{"gold_per_floor":[110,110,75,75,225,225,225,225,225,225,256,272,303,320,320,393,393,393,318,318,318,318,318,318,318,318,318,318,318,318,318,318,318,318,318,318,318,19,0,0,0,0,0,0,0,0,0,0,0,0],"floor_reached":50,"playtime":3621,"items_purged":["Strike_G"],"score":1313,"play_id":"b5362c2c-f22c-495e-8a0c-952de4eeac11","local_time":"20190531015622","is_ascension_mode":true,"campfire_choices":[{"data":"Neutralize","floor":6.0,"key":"SMITH"},{"data":"Survivor","floor":8.0,"key":"SMITH"},{"data":"Flying Knee","floor":10.0,"key":"SMITH"},{"data":"Tools of the Trade","floor":15.0,"key":"SMITH"},{"floor":24.0,"key":"REST"},{"data":"Well Laid Plans","floor":27.0,"key":"SMITH"},{"floor":32.0,"key":"REST"},{"data":"Crippling Poison","floor":45,"key":"SMITH"},{"data":"Leg Sweep","floor":49,"key":"SMITH"}],"neow_cost":"NONE","seed_source_timestamp":0,"circlet_count":0,"master_deck":["AscendersBane","Defend_G","Defend_G","Defend_G","Defend_G","Defend_G","Strike_G","Strike_G","Survivor+1","Neutralize+1","Flying Knee+1","Tools of the Trade+1","Well Laid Plans+1","After Image","Deflect","Venomology+1","Dash","Burst+1","After Image","Backstab","Quick Slash","Crippling Poison+1","Die Die Die","Slice+1","Leg Sweep+1","Bouncing Flask+1","After Image","Flying Knee+1","Blur+1","Madness","Madness","Flying Knee+1","Slice+1","Poisoned Stab+1","Cloak And Dagger","Noxious Fumes+1","Burst+1"],"special_seed":0,"relics":["Ring of the Snake","Mercury Hourglass","Turnip","Ancient Tea Set","Bag of Preparation","Ectoplasm","Blood Vial","War Paint","Potion Belt","Calipers","Coffee Dripper","Sling","Red Mask","Strawberry","MawBank","Ninja Scroll","Vajra","Juzu Bracelet"],"potions_floor_usage":[46,47,47,47,50,50,50],"damage_taken":[{"damage":1.0,"enemies":"Small Slimes","floor":1.0,"turns":3.0},{"damage":25.0,"enemies":"3 Sentries","floor":11.0,"turns":8.0},{"damage":0.0,"enemies":"2 Louse","floor":12.0,"turns":3.0},{"damage":16.0,"enemies":"Gremlin Nob","floor":13.0,"turns":4.0},{"damage":0.0,"enemies":"Jaw Worm","floor":14.0,"turns":3.0},{"damage":41.0,"enemies":"Slime Boss","floor":16.0,"turns":15.0},{"damage":0.0,"enemies":"Spheric Guardian","floor":18.0,"turns":6.0},{"damage":0.0,"enemies":"3 Byrds","floor":20.0,"turns":6.0},{"damage":0.0,"enemies":"3 Cultists","floor":21.0,"turns":5.0},{"damage":10.0,"enemies":"Snake Plant","floor":22.0,"turns":5.0},{"damage":1.0,"enemies":"Book of Stabbing","floor":23.0,"turns":8.0},{"damage":12.0,"enemies":"Slavers","floor":25.0,"turns":5.0},{"damage":0.0,"enemies":"Chosen and Byrds","floor":29.0,"turns":4.0},{"damage":0.0,"enemies":"Book of Stabbing","floor":30.0,"turns":8.0},{"damage":3.0,"enemies":"Automaton","floor":33.0,"turns":10.0},{"damage":3.0,"enemies":"Orb Walker","floor":35.0,"turns":3.0},{"damage":0.0,"enemies":"3 Shapes","floor":36.0,"turns":5.0},{"damage":0.0,"enemies":"Reptomancer","floor":40.0,"turns":13.0},{"damage":21.0,"enemies":"Nemesis","floor":42.0,"turns":9.0},{"damage":0,"enemies":"Writhing Mass","floor":44,"turns":10},{"damage":0,"enemies":"Transient","floor":46,"turns":6},{"damage":18,"enemies":"Giant Head","floor":47,"turns":9},{"damage":82,"enemies":"Time Eater","floor":50,"turns":9}],"seed_played":"2358518090872359529","potions_obtained":[{"floor":12.0,"key":"Swift Potion"},{"floor":13.0,"key":"GamblersBrew"},{"floor":14.0,"key":"Regen Potion"},{"floor":16.0,"key":"Weak Potion"},{"floor":18.0,"key":"GhostInAJar"},{"floor":21.0,"key":"Explosive Potion"},{"floor":25.0,"key":"LiquidBronze"},{"floor":30.0,"key":"GamblersBrew"},{"floor":35.0,"key":"Ancient Potion"},{"floor":44,"key":"Strength Potion"},{"floor":46,"key":"Regen Potion"},{"floor":47,"key":"LiquidBronze"}],"is_trial":false,"path_per_floor":["M","?","?","$","?","R","?","R","T","R","E","M","E","M","R","B",null,"M","?","M","M","M","E","R","E","T","R","?","M","E","$","R","B",null,"M","M","?","$","?","E","?","E","T","M","R","M","E","?","R","B"],"character_chosen":"THE_SILENT","items_purchased":["Sling"],"campfire_rested":2,"item_purchase_floors":[38],"current_hp_per_floor":[64,59,72,72,72,72,72,72,72,72,47,47,31,31,31,5,55,55,55,55,55,45,44,65,55,55,55,35,37,39,39,62,61,73,72,74,60,60,60,69,69,50,50,52,52,54,73,73,73,0],"gold":0,"neow_bonus":"TEN_PERCENT_HP_BONUS","is_prod":false,"is_daily":false,"chose_seed":false,"campfire_upgraded":7,"win_rate":0,"timestamp":1559292982,"path_taken":["M","?","?","$","?","R","?","R","T","R","E","?","E","M","R","BOSS","M","?","M","M","?","E","R","E","T","R","?","M","E","$","R","BOSS","M","M","?","$","?","E","?","E","T","?","R","M","E","?","R","BOSS"],"build_version":"2019-01-23","purchased_purges":1,"victory":false,"max_hp_per_floor":[72,72,72,72,72,72,72,72,72,72,72,72,72,72,72,72,72,72,72,72,72,72,72,72,72,72,72,77,77,77,77,77,77,77,77,77,77,77,77,84,84,84,84,84,84,84,84,84,84,84],"card_choices":[{"not_picked":["Blade Dance","Outmaneuver"],"picked":"Flying Knee","floor":1.0},{"not_picked":["Expertise","Outmaneuver"],"picked":"Tools of the Trade","floor":11.0},{"not_picked":["Bane","Quick Slash"],"picked":"Well Laid Plans","floor":12.0},{"not_picked":["Flechettes","Deadly Poison"],"picked":"After Image","floor":13.0},{"not_picked":["Choke","Dagger Spray"],"picked":"Deflect","floor":14.0},{"not_picked":["Glass Knife","Night Terror"],"picked":"Venomology","floor":16.0},{"not_picked":["Deflect","Catalyst"],"picked":"Dash","floor":18.0},{"not_picked":["Blur","PiercingWail"],"picked":"Backstab","floor":20.0},{"not_picked":["Deadly Poison","Sucker Punch"],"picked":"Quick Slash","floor":21.0},{"not_picked":["PiercingWail","Prepared"],"picked":"Crippling Poison","floor":22.0},{"not_picked":["Distraction","Deadly Poison"],"picked":"Die Die Die","floor":23.0},{"not_picked":["Dodge and Roll","Dagger Spray+1"],"picked":"Slice+1","floor":25.0},{"not_picked":["Blade Dance","Masterful Stab+1"],"picked":"Leg Sweep","floor":29.0},{"not_picked":["Backstab","Prepared"],"picked":"Bouncing Flask+1","floor":30.0},{"not_picked":["Grand Finale","Burst"],"picked":"After Image","floor":33.0},{"not_picked":["Prepared","Sucker Punch"],"picked":"Flying Knee+1","floor":35.0},{"not_picked":["PiercingWail+1","Dash"],"picked":"Blur+1","floor":36.0},{"not_picked":["Slice","Underhanded Strike"],"picked":"Flying Knee+1","floor":40.0},{"not_picked":["Storm of Steel","Prepared"],"picked":"Slice+1","floor":42.0},{"not_picked":["Slice+1","Outmaneuver"],"picked":"Poisoned Stab+1","floor":44},{"not_picked":["Outmaneuver","Accuracy+1"],"picked":"Cloak And Dagger","floor":46},{"not_picked":["Deflect","Blur"],"picked":"Noxious Fumes+1","floor":47}],"player_experience":814687,"relics_obtained":[{"floor":9.0,"key":"Turnip"},{"floor":11.0,"key":"Ancient Tea Set"},{"floor":13.0,"key":"Bag of Preparation"},{"floor":23.0,"key":"Blood Vial"},{"floor":25.0,"key":"War Paint"},{"floor":26.0,"key":"Potion Belt"},{"floor":30.0,"key":"Calipers"},{"floor":40.0,"key":"Strawberry"},{"floor":42.0,"key":"Ninja Scroll"},{"floor":43.0,"key":"Vajra"},{"floor":47,"key":"Juzu Bracelet"}],"event_choices":[{"damage_healed":0.0,"max_hp_gain":0.0,"max_hp_loss":0.0,"gold_gain":0.0,"event_name":"Scrap Ooze","player_choice":"Success","floor":2.0,"gold_loss":0.0,"damage_taken":5.0,"relics_obtained":["Mercury Hourglass"]},{"damage_healed":18.0,"max_hp_gain":0.0,"max_hp_loss":0.0,"gold_gain":0.0,"event_name":"The Cleric","player_choice":"Healed","floor":3.0,"gold_loss":35.0,"damage_taken":0.0},{"damage_healed":0.0,"max_hp_gain":0.0,"max_hp_loss":0.0,"gold_gain":150.0,"event_name":"Liars Game","player_choice":"AGREE","floor":5.0,"gold_loss":0.0,"damage_taken":0.0,"cards_obtained":["Doubt"]},{"cards_removed":["Doubt"],"damage_healed":0.0,"max_hp_gain":0.0,"max_hp_loss":0.0,"gold_gain":0.0,"event_name":"Living Wall","player_choice":"Forget","floor":7.0,"gold_loss":0.0,"damage_taken":0.0},{"damage_healed":0.0,"max_hp_gain":0.0,"max_hp_loss":0.0,"gold_gain":0.0,"cards_transformed":["Strike_G","Strike_G"],"event_name":"Designer","player_choice":"Transformed Cards","floor":19.0,"gold_loss":75.0,"damage_taken":0.0,"cards_obtained":["Burst","After Image"]},{"damage_healed":0.0,"max_hp_gain":5.0,"max_hp_loss":0.0,"gold_gain":0.0,"event_name":"Forgotten Altar","player_choice":"Shed Blood","floor":28.0,"gold_loss":0.0,"damage_taken":25.0},{"damage_healed":0.0,"max_hp_gain":0.0,"max_hp_loss":0.0,"gold_gain":0.0,"event_name":"Winding Halls","player_choice":"Embrace Madness","floor":37.0,"gold_loss":0.0,"damage_taken":14.0,"cards_obtained":["Madness","Madness"]},{"damage_healed":0.0,"max_hp_gain":0.0,"max_hp_loss":0.0,"gold_gain":0.0,"event_name":"Tomb of Lord Red Mask","player_choice":"Paid","floor":39.0,"gold_loss":19.0,"damage_taken":0.0,"relics_obtained":["Red Mask"]},{"damage_healed":0.0,"max_hp_gain":0.0,"max_hp_loss":0.0,"gold_gain":0.0,"event_name":"WeMeetAgain","player_choice":"Gave Potion","floor":41.0,"gold_loss":0.0,"damage_taken":0.0,"relics_obtained":["MawBank"]},{"damage_healed":0,"gold_gain":0,"player_choice":"Copied","damage_taken":0,"max_hp_gain":0,"max_hp_loss":0,"event_name":"Duplicator","floor":48,"gold_loss":0,"cards_obtained":["Burst"]}],"is_beta":false,"boss_relics":[{"not_picked":["Tiny House","WristBlade"],"picked":"Ectoplasm"},{"not_picked":["Astrolabe","Empty Cage"],"picked":"Coffee Dripper"}],"items_purged_floors":[38],"is_endless":false,"potions_floor_spawned":[12,13,14,16,18,21,22,25,30,35,44,46,47],"killed_by":"Time Eater","ascension_level":20}