{"gold_per_floor":[118,134,209,228,378,378,404,404,456,34,52,52,68,103,103,103],"floor_reached":16,"playtime":623,"items_purged":["Doubt"],"score":220,"play_id":"75a0afe0-2c76-447a-997e-651f929487f6","local_time":"20190526221614","is_ascension_mode":true,"campfire_choices":[{"data":"Envenom","floor":6.0,"key":"SMITH"},{"floor":15.0,"key":"REST"}],"neow_cost":"NONE","seed_source_timestamp":22256415357467,"circlet_count":0,"master_deck":["AscendersBane","Defend_G","Defend_G","Defend_G","Defend_G","Defend_G","Strike_G","Strike_G","Strike_G","Strike_G","Strike_G","Survivor","Neutralize","After Image","Poisoned Stab","Quick Slash","Envenom+1","Unload","Envenom","Neutralize","Blade Dance","Poisoned Stab","Escape Plan","Envenom"],"special_seed":0,"relics":["Ring of the Snake","Centennial Puzzle","Oddly Smooth Stone","Turnip","Bottled Flame","Sundial"],"potions_floor_usage":[],"damage_taken":[{"damage":0.0,"enemies":"2 Louse","floor":1.0,"turns":3.0},{"damage":2.0,"enemies":"Small Slimes","floor":2.0,"turns":5.0},{"damage":0.0,"enemies":"Cultist","floor":4.0,"turns":4.0},{"damage":18.0,"enemies":"Lagavulin","floor":7.0,"turns":8.0},{"damage":0.0,"enemies":"Exordium Wildlife","floor":11.0,"turns":3.0},{"damage":0.0,"enemies":"3 Louse","floor":13.0,"turns":4.0},{"damage":25.0,"enemies":"Gremlin Nob","floor":14.0,"turns":4.0},{"damage":30,"enemies":"Slime Boss","floor":16,"turns":5}],"seed_played":"8725482407741002508","potions_obtained":[{"floor":4.0,"key":"GhostInAJar"},{"floor":7.0,"key":"Regen Potion"},{"floor":11.0,"key":"Fruit Juice"}],"is_trial":false,"path_per_floor":["M","M","?","M","?","R","E","?","T","$","M","T","M","E","R","B"],"character_chosen":"THE_SILENT","items_purchased":["Turnip"],"campfire_rested":1,"item_purchase_floors":[10],"current_hp_per_floor":[59,57,46,46,46,46,28,28,28,28,33,33,33,20,41,11],"gold":103,"neow_bonus":"ONE_RANDOM_RARE_CARD","is_prod":false,"is_daily":false,"chose_seed":false,"campfire_upgraded":1,"win_rate":0,"timestamp":1558934174,"path_taken":["M","M","?","M","?","R","E","?","T","$","?","?","M","E","R","BOSS"],"build_version":"2019-01-23","purchased_purges":1,"victory":false,"max_hp_per_floor":[66,66,66,66,66,66,66,66,66,66,71,71,71,71,71,71],"card_choices":[{"not_picked":["Outmaneuver","Blade Dance"],"picked":"Poisoned Stab","floor":1.0},{"not_picked":["Dodge and Roll","Prepared"],"picked":"Quick Slash","floor":2.0},{"not_picked":["Dagger Spray","Distraction"],"picked":"Envenom","floor":4.0},{"not_picked":["Skewer","Bouncing Flask"],"picked":"Unload","floor":7.0},{"not_picked":["Blade Dance","Underhanded Strike"],"picked":"Poisoned Stab","floor":11.0},{"not_picked":["Backstab","Poisoned Stab"],"picked":"Escape Plan","floor":13.0},{"not_picked":["Deadly Poison","Concentrate"],"picked":"Envenom","floor":14.0}],"player_experience":802215,"relics_obtained":[{"floor":7.0,"key":"Centennial Puzzle"},{"floor":9.0,"key":"Oddly Smooth Stone"},{"floor":12.0,"key":"Bottled Flame"},{"floor":14.0,"key":"Sundial"}],"event_choices":[{"damage_healed":0.0,"max_hp_gain":0.0,"max_hp_loss":0.0,"gold_gain":75.0,"event_name":"World of Goop","player_choice":"Gather Gold","floor":3.0,"gold_loss":0.0,"damage_taken":11.0},{"damage_healed":0.0,"max_hp_gain":0.0,"max_hp_loss":0.0,"gold_gain":150.0,"event_name":"Liars Game","player_choice":"AGREE","floor":5.0,"gold_loss":0.0,"damage_taken":0.0,"cards_obtained":["Doubt"]},{"damage_healed":0.0,"max_hp_gain":0.0,"max_hp_loss":0.0,"gold_gain":0.0,"event_name":"Match and Keep!","player_choice":"3 cards matched","floor":8.0,"gold_loss":0.0,"damage_taken":0.0,"cards_obtained":["Envenom","Neutralize","Blade Dance"]}],"is_beta":false,"boss_relics":[],"items_purged_floors":[10],"is_endless":false,"potions_floor_spawned":[4,7,11],"killed_by":"Slime Boss","ascension_level":20}