{"gold_per_floor":[116,37,54,66,86,118,134,134,157,157,182,182,201,201,201,298,298,311,342,342,66,83,116,116,215,266,299,21,21,40,40,40,136,136,155,72,89,89,89,121,139,139,139,149,149,160,171,71,71,71],"floor_reached":51,"playtime":2504,"items_purged":["Strike_R"],"score":910,"play_id":"1b8fdd83-da7c-466c-b37f-ecc91f41fec6","local_time":"20190606102329","is_ascension_mode":true,"campfire_choices":[{"data":"Inflame","floor":8.0,"key":"SMITH"},{"data":"Clothesline","floor":10.0,"key":"SMITH"},{"data":"Spot Weakness","floor":12.0,"key":"SMITH"},{"data":"Intimidate","floor":15.0,"key":"SMITH"},{"data":"Demon Form","floor":24.0,"key":"SMITH"},{"data":"Inflame","floor":29.0,"key":"SMITH"},{"floor":32.0,"key":"REST"},{"floor":42.0,"key":"REST"},{"floor":49,"key":"REST"}],"neow_cost":"NONE","seed_source_timestamp":139905787002049,"circlet_count":0,"master_deck":["Strike_R+1","Strike_R+1","Strike_R+1","Strike_R+1","Defend_R+1","Defend_R+1","Defend_R+1","Defend_R+1","Bash+1","Inflame+1","Shrug It Off","Headbutt+1","Anger+1","Offering","Clothesline+1","Spot Weakness+1","Intimidate+1","Demon Form+1","Shrug It Off","Corruption+1","Exhume","Inflame+1","Sword Boomerang","Feel No Pain","True Grit","Impervious","Blind","Disarm+1","Shrug It Off+1","Spot Weakness","Shockwave+1","Ghostly Armor","Immolate","True Grit","Shrug It Off","Armaments+1"],"special_seed":0,"relics":["Burning Blood","Regal Pillow","Juzu Bracelet","PreservedInsect","Sozu","Red Mask","Omamori","Whetstone","Dream Catcher","Strawberry","Happy Flower","Fusion Hammer","Bottled Lightning","Gremlin Horn"],"potions_floor_usage":[50],"damage_taken":[{"damage":6.0,"enemies":"Cultist","floor":1.0,"turns":3.0},{"damage":8.0,"enemies":"Small Slimes","floor":3.0,"turns":3.0},{"damage":0.0,"enemies":"2 Louse","floor":4.0,"turns":3.0},{"damage":6.0,"enemies":"Blue Slaver","floor":5.0,"turns":4.0},{"damage":12.0,"enemies":"Gremlin Nob","floor":6.0,"turns":3.0},{"damage":15.0,"enemies":"3 Louse","floor":7.0,"turns":4.0},{"damage":21.0,"enemies":"Lagavulin","floor":11.0,"turns":4.0},{"damage":7.0,"enemies":"Exordium Wildlife","floor":13.0,"turns":3.0},{"damage":21.0,"enemies":"The Guardian","floor":16.0,"turns":8.0},{"damage":13.0,"enemies":"Chosen","floor":18.0,"turns":3.0},{"damage":15.0,"enemies":"Masked Bandits","floor":19.0,"turns":3.0},{"damage":9.0,"enemies":"2 Thieves","floor":22.0,"turns":4.0},{"damage":22.0,"enemies":"Gremlin Leader","floor":23.0,"turns":4.0},{"damage":15.0,"enemies":"Book of Stabbing","floor":27.0,"turns":3.0},{"damage":10.0,"enemies":"Snecko","floor":30.0,"turns":5.0},{"damage":28.0,"enemies":"Collector","floor":33.0,"turns":7.0},{"damage":27.0,"enemies":"3 Darklings","floor":35.0,"turns":5.0},{"damage":4.0,"enemies":"Orb Walker","floor":37.0,"turns":3.0},{"damage":30.0,"enemies":"Giant Head","floor":40.0,"turns":7.0},{"damage":20.0,"enemies":"Sphere and 2 Shapes","floor":41.0,"turns":6.0},{"damage":8,"enemies":"Spire Growth","floor":44,"turns":5},{"damage":21,"enemies":"3 Darklings","floor":46,"turns":6},{"damage":12,"enemies":"Sphere and 2 Shapes","floor":47,"turns":10},{"damage":83,"enemies":"Awakened One","floor":50,"turns":8}],"seed_played":"-2974218670250605869","potions_obtained":[{"floor":3.0,"key":"Strength Potion"},{"floor":5.0,"key":"AttackPotion"},{"floor":6.0,"key":"Fire Potion"},{"floor":7.0,"key":"Regen Potion"}],"is_trial":false,"path_per_floor":["M","$","M","M","M","E","M","R","T","R","E","R","M","?","R","B",null,"M","?","?","$","M","E","R","?","T","E","$","R","M","?","R","B",null,"M","$","M","?","?","E","M","R","T","M","?","M","M","$","R","B",null],"character_chosen":"IRONCLAD","items_purchased":["Inflame","Shrug It Off","Omamori","Happy Flower","Inflame","Sword Boomerang","Blind","True Grit","Shrug It Off"],"campfire_rested":3,"item_purchase_floors":[2,21,21,28,28,28,36,48,48],"current_hp_per_floor":[80,80,78,80,80,74,65,65,65,65,62,62,61,45,45,30,80,73,64,49,49,46,30,30,30,30,28,28,28,24,24,66,44,92,71,71,73,73,73,49,35,77,77,75,75,60,54,54,87,10],"gold":71,"neow_bonus":"UPGRADE_CARD","is_prod":false,"is_daily":false,"chose_seed":false,"campfire_upgraded":6,"win_rate":0,"timestamp":1559834609,"path_taken":["M","$","M","M","M","E","?","R","T","R","E","R","M","?","R","BOSS","M","?","?","$","M","E","R","?","T","E","$","R","M","?","R","BOSS","M","$","M","?","?","E","M","R","T","M","?","M","M","$","R","BOSS"],"build_version":"2019-01-23","purchased_purges":1,"victory":true,"max_hp_per_floor":[80,80,80,80,80,80,80,80,80,80,80,80,80,80,80,80,80,80,80,85,85,85,85,85,85,85,92,92,92,92,92,92,92,92,92,92,92,92,92,92,92,92,92,92,87,87,87,87,87,87],"card_choices":[{"not_picked":["Iron Wave","Sentinel","Warcry"],"picked":"SKIP","floor":1.0},{"not_picked":["Infernal Blade","Flex"],"picked":"Shrug It Off","floor":3.0},{"not_picked":["Bloodletting","True Grit"],"picked":"Headbutt","floor":4.0},{"not_picked":["Heavy Blade","Clash"],"picked":"Anger","floor":5.0},{"not_picked":["Flame Barrier","Bloodletting"],"picked":"Offering","floor":6.0},{"not_picked":["Burning Pact","Flex"],"picked":"Clothesline","floor":7.0},{"not_picked":["Pommel Strike","Whirlwind"],"picked":"Spot Weakness","floor":11.0},{"not_picked":["Havoc","Heavy Blade"],"picked":"Intimidate","floor":13.0},{"not_picked":["Double Tap","Offering"],"picked":"Demon Form","floor":16.0},{"not_picked":["Clothesline","Havoc","Hemokinesis+1"],"picked":"SKIP","floor":18.0},{"not_picked":["Spot Weakness","Bloodletting","Power Through+1"],"picked":"SKIP","floor":22.0},{"not_picked":["Headbutt","Pommel Strike"],"picked":"Corruption+1","floor":23.0},{"not_picked":["Warcry","Seeing Red"],"picked":"Exhume","floor":27.0},{"not_picked":["Metallicize","Entrench+1"],"picked":"Feel No Pain","floor":30.0},{"not_picked":["Heavy Blade","Headbutt"],"picked":"True Grit","floor":32.0},{"not_picked":["Double Tap","Dark Embrace"],"picked":"Impervious","floor":33.0},{"not_picked":["Evolve+1","Iron Wave+1","Clothesline"],"picked":"SKIP","floor":35.0},{"not_picked":["Dual Wield+1","Headbutt+1"],"picked":"Disarm+1","floor":37.0},{"not_picked":["Sword Boomerang+1","Warcry"],"picked":"Shrug It Off+1","floor":40.0},{"not_picked":["Power Through+1","Dropkick"],"picked":"Spot Weakness","floor":41.0},{"not_picked":["Dropkick","Reckless Charge"],"picked":"Shockwave+1","floor":42.0},{"not_picked":["Thunderclap+1","Armaments"],"picked":"Ghostly Armor","floor":44},{"not_picked":["Perfected Strike","Havoc+1","Iron Wave"],"picked":"SKIP","floor":46},{"not_picked":["Headbutt","Iron Wave+1"],"picked":"Immolate","floor":47},{"not_picked":["Warcry","Cleave"],"picked":"Armaments+1","floor":49}],"player_experience":12599,"relics_obtained":[{"floor":6.0,"key":"Regal Pillow"},{"floor":9.0,"key":"Juzu Bracelet"},{"floor":11.0,"key":"PreservedInsect"},{"floor":19.0,"key":"Red Mask"},{"floor":23.0,"key":"Whetstone"},{"floor":26.0,"key":"Dream Catcher"},{"floor":27.0,"key":"Strawberry"},{"floor":40.0,"key":"Bottled Lightning"},{"floor":43.0,"key":"Gremlin Horn"}],"event_choices":[{"damage_healed":0.0,"max_hp_gain":0.0,"max_hp_loss":0.0,"gold_gain":0.0,"event_name":"Shining Light","player_choice":"Entered Light","floor":14.0,"gold_loss":0.0,"damage_taken":16.0,"cards_upgraded":["Headbutt","Strike_R"]},{"damage_healed":0.0,"max_hp_gain":0.0,"max_hp_loss":0.0,"gold_gain":0.0,"event_name":"Masked Bandits","player_choice":"Fought Bandits","floor":19.0,"gold_loss":0.0,"damage_taken":0.0},{"damage_healed":0.0,"max_hp_gain":5.0,"max_hp_loss":0.0,"gold_gain":0.0,"event_name":"Forgotten Altar","player_choice":"Shed Blood","floor":20.0,"gold_loss":0.0,"damage_taken":20.0},{"damage_healed":0.0,"max_hp_gain":0.0,"max_hp_loss":0.0,"gold_gain":99.0,"event_name":"Nest","player_choice":"Stole From Cult","floor":25.0,"gold_loss":0.0,"damage_taken":0.0},{"damage_healed":0.0,"max_hp_gain":0.0,"max_hp_loss":0.0,"gold_gain":0.0,"event_name":"Back to Basics","player_choice":"Simplicity","floor":31.0,"gold_loss":0.0,"damage_taken":0.0,"cards_upgraded":["Strike_R","Strike_R","Defend_R","Defend_R","Defend_R","Defend_R"]},{"damage_healed":0.0,"max_hp_gain":0.0,"max_hp_loss":0.0,"gold_gain":0.0,"event_name":"Tomb of Lord Red Mask","player_choice":"Ignored","floor":38.0,"gold_loss":0.0,"damage_taken":0.0},{"damage_healed":0.0,"max_hp_gain":0.0,"max_hp_loss":0.0,"gold_gain":0.0,"event_name":"FaceTrader","player_choice":"Leave","floor":39.0,"gold_loss":0.0,"damage_taken":0.0},{"damage_healed":0,"gold_gain":0,"player_choice":"Max HP","damage_taken":0,"max_hp_gain":0,"max_hp_loss":5,"event_name":"Winding Halls","floor":45,"gold_loss":0}],"is_beta":false,"boss_relics":[{"not_picked":["Runic Cube","Astrolabe"],"picked":"Sozu"},{"not_picked":["White Beast Statue","Mark of Pain"],"picked":"Fusion Hammer"}],"items_purged_floors":[21],"is_endless":false,"potions_floor_spawned":[3,5,6,7,18,23,27,37,40,41,46],"ascension_level":4}