{"path_per_floor":["M","M","$","M","M","R","$","E","T","M","M","R","?","M","R","B",null,"M","M","?","M","M","R","?","R","T","$","M","M","R","T","R"],"character_chosen":"IRONCLAD","items_purchased":["Anger"],"gold_per_floor":[117,127,5,17,31,31,31,64,90,105,115,115,115,131,131,229,259,269,256,181,195,215,215,130,130,130,30,46,63,63,87,87,87],"floor_reached":33,"campfire_rested":5,"playtime":1319,"current_hp_per_floor":[76,76,76,80,72,72,72,57,57,56,58,58,58,57,83,58,92,66,65,65,31,23,50,50,77,77,77,68,12,39,39,66,0],"items_purged":["Strike_R","Strike_R"],"gold":87,"score":251,"play_id":"1c587723-c806-478e-b070-b809f5119e59","local_time":"20180509162205","is_prod":false,"is_daily":false,"chose_seed":false,"is_ascension_mode":false,"campfire_upgraded":2,"timestamp":1525850525,"path_taken":["M","M","$","M","M","R","$","E","T","M","M","R","?","M","R","BOSS","M","M","?","M","M","R","?","R","T","$","M","M","R","?","R","BOSS"],"build_version":"2018-05-07","seed_source_timestamp":13956663896290,"purchased_purges":2,"victory":false,"master_deck":["Strike_R","Strike_R","Defend_R","Defend_R","Defend_R+1","Bash","Blood for Blood","Armaments+1","Flex","Anger+1","Thunderclap","Dual Wield","Inflame","Second Wind","Fire Breathing+1"],"max_hp_per_floor":[80,80,80,80,80,80,80,87,87,87,87,87,87,87,87,87,92,92,92,92,92,92,92,92,92,92,92,92,92,92,92,92,92],"relics":["Burning Blood","Strawberry","Anchor","Tiny House","Orichalcum","Torii","Dream Catcher"],"card_choices":[{"not_picked":["Corruption","Combust"],"picked":"Armaments","floor":1},{"not_picked":["Iron Wave","Carnage"],"picked":"Flex","floor":2},{"not_picked":["Infernal Blade","Burning Pact"],"picked":"Thunderclap","floor":4},{"not_picked":["Wild Strike","Body Slam"],"picked":"Dual Wield","floor":11},{"not_picked":["Hemokinesis","Sentinel"],"picked":"Inflame","floor":14},{"not_picked":["Shockwave","Disarm"],"picked":"Second Wind","floor":21},{"not_picked":["Reckless Charge","Heavy Blade"],"picked":"Fire Breathing","floor":28}],"player_experience":30795,"potions_floor_usage":[8,16,16,16,21,33,33],"damage_taken":[{"damage":10,"enemies":"Cultist","floor":1,"turns":4},{"damage":6,"enemies":"2 Louse","floor":2,"turns":3},{"damage":1,"enemies":"Jaw Worm","floor":4,"turns":5},{"damage":14,"enemies":"3 Louse","floor":5,"turns":4},{"damage":28,"enemies":"Gremlin Nob","floor":8,"turns":4},{"damage":7,"enemies":"Blue Slaver","floor":10,"turns":3},{"damage":4,"enemies":"2 Fungi Beasts","floor":11,"turns":4},{"damage":7,"enemies":"Large Slime","floor":14,"turns":4},{"damage":31,"enemies":"Hexaghost","floor":16,"turns":8},{"damage":32,"enemies":"3 Byrds","floor":18,"turns":8},{"damage":7,"enemies":"2 Thieves","floor":19,"turns":4},{"damage":40,"enemies":"3 Cultists","floor":21,"turns":6},{"damage":14,"enemies":"Centurion and Healer","floor":22,"turns":5},{"damage":15,"enemies":"Snake Plant","floor":28,"turns":4},{"damage":62,"enemies":"Cultist and Chosen","floor":29,"turns":7},{"damage":80,"enemies":"Champ","floor":33,"turns":9}],"event_choices":[{"event_name":"Match and Keep!","player_choice":"0 cards matched","floor":13,"damage_taken":0},{"event_name":"Beggar","player_choice":"Gave Gold","floor":20,"damage_taken":0},{"event_name":"Addict","player_choice":"Obtained Relic","floor":24,"damage_taken":0}],"boss_relics":[{"not_picked":["Eternal Feather","Philosopher\u0027s Stone"],"picked":"Tiny House"}],"potions_floor_spawned":[1,4,5,10,21,28,29],"seed_played":"-7743327340738836997","killed_by":"Champ","ascension_level":0,"is_trial":false}