{"gold_per_floor":[115,135,135,285,285,313,328,355,401,401,427,438,438,449,449,523,523,502,502,549,563,563,563,588,560,560,587,614,626,658,690,702,790,802,826,313,313,413,413,438,438,469,493,506,506,537,537,556,556,556],"floor_reached":51,"playtime":2572,"items_purged":["Strike_B"],"score":1678,"play_id":"7cbe6bb3-7c9e-407b-8067-bca51082c5c1","local_time":"20190422201509","is_ascension_mode":true,"campfire_choices":[{"data":"Dualcast","floor":10.0,"key":"SMITH"},{"data":"Zap","floor":15.0,"key":"SMITH"},{"data":"Glacier","floor":23.0,"key":"SMITH"},{"data":"Auto Shields","floor":29.0,"key":"SMITH"},{"floor":32.0,"key":"REST"},{"floor":41.0,"key":"REST"},{"floor":47,"key":"REST"},{"floor":49,"key":"REST"}],"neow_cost":"NONE","seed_source_timestamp":26412730390485,"circlet_count":0,"master_deck":["AscendersBane","Strike_B","Strike_B","Defend_B+1","Defend_B+1","Defend_B","Defend_B+1","Zap+1","Dualcast+1","Glacier+1","BootSequence","Cold Snap+1","Sunder+1","Gash+1","Beam Cell+1","Gash+1","Reboot+1","FTL+1","RitualDagger+1","Undo+1","Capacitor+1","Rebound+1","Ball Lightning+1","Auto Shields+1","Beam Cell+1","Machine Learning","All For One+1","Gash+1","Coolheaded+1","Finesse+1","Apotheosis+1","Finesse+1","Go for the Eyes+1","Zap+1","Conserve Battery+1","Doom and Gloom+1","All For One+1","Double Energy+1","Shame","Gash+1","Conserve Battery+1","Gash+1"],"special_seed":0,"relics":["Cracked Core","NeowsBlessing","Molten Egg 2","Bronze Scales","Strawberry","Mummified Hand","Black Star","War Paint","DataDisk","Dodecahedron","Sundial","Smiling Mask","MawBank","Cursed Key","PreservedInsect","Toxic Egg 2","Mango","Meat on the Bone","Boot","Gremlin Horn","Pear","Lantern","Shuriken","Bottled Tornado"],"potions_floor_usage":[46,50],"damage_taken":[{"damage":0.0,"enemies":"Small Slimes","floor":1.0,"turns":1.0},{"damage":0.0,"enemies":"2 Louse","floor":2.0,"turns":1.0},{"damage":0.0,"enemies":"Gremlin Nob","floor":6.0,"turns":1.0},{"damage":0.0,"enemies":"Jaw Worm","floor":7.0,"turns":3.0},{"damage":5.0,"enemies":"3 Sentries","floor":8.0,"turns":6.0},{"damage":9.0,"enemies":"Gremlin Nob","floor":11.0,"turns":4.0},{"damage":0.0,"enemies":"3 Louse","floor":12.0,"turns":2.0},{"damage":1.0,"enemies":"Exordium Thugs","floor":14.0,"turns":3.0},{"damage":7.0,"enemies":"The Guardian","floor":16.0,"turns":9.0},{"damage":1.0,"enemies":"2 Thieves","floor":18.0,"turns":4.0},{"damage":5.0,"enemies":"3 Byrds","floor":21.0,"turns":4.0},{"damage":16.0,"enemies":"Gremlin Leader","floor":24.0,"turns":4.0},{"damage":0.0,"enemies":"Slavers","floor":27.0,"turns":5.0},{"damage":0.0,"enemies":"Centurion and Healer","floor":28.0,"turns":5.0},{"damage":0.0,"enemies":"Snake Plant","floor":30.0,"turns":3.0},{"damage":0.0,"enemies":"Snecko","floor":31.0,"turns":3.0},{"damage":14.0,"enemies":"Champ","floor":33.0,"turns":13.0},{"damage":0.0,"enemies":"Orb Walker","floor":35.0,"turns":3.0},{"damage":5.0,"enemies":"Mind Bloom Boss Battle","floor":38.0,"turns":7.0},{"damage":9.0,"enemies":"Nemesis","floor":40.0,"turns":3.0},{"damage":51.0,"enemies":"Reptomancer","floor":42.0,"turns":6.0},{"damage":0.0,"enemies":"3 Shapes","floor":44.0,"turns":4.0},{"damage":18,"enemies":"Giant Head","floor":46,"turns":6},{"damage":0,"enemies":"3 Darklings","floor":48,"turns":5},{"damage":35,"enemies":"Awakened One","floor":50,"turns":9}],"seed_played":"-2397668186033656125","potions_obtained":[{"floor":6.0,"key":"Regen Potion"},{"floor":8.0,"key":"Weak Potion"},{"floor":11.0,"key":"Strength Potion"},{"floor":16.0,"key":"Poison Potion"},{"floor":27.0,"key":"FocusPotion"},{"floor":28.0,"key":"FairyPotion"},{"floor":30.0,"key":"Block Potion"},{"floor":44.0,"key":"Block Potion"},{"floor":46,"key":"SteroidPotion"}],"is_trial":false,"path_per_floor":["M","M","?","?","?","E","M","E","T","R","E","M","?","M","R","B",null,"M","?","T","M","?","R","E","$","T","E","M","R","M","M","R","B",null,"M","$","?","?","?","E","R","E","T","M","?","E","R","M","R","B",null],"character_chosen":"DEFECT","items_purchased":["Rebound+1","PreservedInsect","Toxic Egg 2","Coolheaded+1"],"campfire_rested":4,"item_purchase_floors":[25,36,36,36],"current_hp_per_floor":[64,64,57,57,57,57,57,67,74,74,65,65,42,41,41,34,67,66,60,60,55,55,55,39,39,39,39,39,39,39,39,62,48,71,71,71,61,70,70,61,88,59,59,59,59,53,83,83,102,67],"gold":556,"neow_bonus":"THREE_ENEMY_KILL","is_prod":false,"is_daily":false,"chose_seed":false,"campfire_upgraded":4,"win_rate":0,"timestamp":1555989309,"path_taken":["M","M","?","?","?","E","?","E","T","R","E","M","?","M","R","BOSS","M","?","?","?","?","R","E","?","T","E","?","R","M","M","R","BOSS","M","$","?","?","?","E","R","E","T","?","?","E","R","M","R","BOSS"],"build_version":"2019-01-23","purchased_purges":1,"victory":true,"max_hp_per_floor":[71,71,71,71,71,71,71,71,78,78,78,78,78,78,78,78,78,78,78,78,78,78,78,78,78,78,78,78,78,78,78,78,78,78,78,78,78,92,92,92,92,102,102,102,102,102,102,102,102,102],"card_choices":[{"not_picked":["Barrage","Beam Cell"],"picked":"Glacier","floor":1.0},{"not_picked":["Sweeping Beam","Force Field"],"picked":"BootSequence","floor":2.0},{"not_picked":["Loop","Hologram"],"picked":"Cold Snap","floor":6.0},{"not_picked":["Self Repair","Steam"],"picked":"Sunder+1","floor":7.0},{"not_picked":["Compile Driver+1","Tempest"],"picked":"Gash+1","floor":8.0},{"not_picked":["Turbo","Redo"],"picked":"Beam Cell+1","floor":11.0},{"not_picked":["Leap","Melter+1"],"picked":"Gash+1","floor":12.0},{"not_picked":["Stack","Genetic Algorithm","Compile Driver+1"],"picked":"SKIP","floor":14.0},{"not_picked":["Biased Cognition","Rainbow"],"picked":"Reboot","floor":16.0},{"not_picked":["Consume","Sweeping Beam+1"],"picked":"FTL+1","floor":18.0},{"not_picked":["Leap","Beam Cell+1"],"picked":"Undo+1","floor":21.0},{"not_picked":["Conserve Battery+1","Chaos"],"picked":"Capacitor+1","floor":24.0},{"not_picked":["Reprogram","Skim"],"picked":"Ball Lightning+1","floor":27.0},{"not_picked":["Steam","Ball Lightning+1"],"picked":"Auto Shields","floor":28.0},{"not_picked":["Leap","Steam"],"picked":"Beam Cell+1","floor":30.0},{"not_picked":["Streamline+1","Ball Lightning+1"],"picked":"Machine Learning","floor":31.0},{"not_picked":["Hyperbeam+1","Multi-Cast"],"picked":"All For One+1","floor":33.0},{"not_picked":["Undo","Hologram"],"picked":"Gash+1","floor":35.0},{"not_picked":["Mayhem","Chrysalis+1"],"picked":"Finesse+1","floor":37.0},{"not_picked":["Mind Blast+1","Madness+1"],"picked":"Apotheosis+1","floor":37.0},{"not_picked":["Magnetism","Impatience+1"],"picked":"Finesse+1","floor":37.0},{"not_picked":["Turbo+1","Redo+1"],"picked":"Go for the Eyes+1","floor":38.0},{"not_picked":["Rebound+1","Ball Lightning+1"],"picked":"All For One+1","floor":40.0},{"not_picked":["Streamline+1","Hologram+1"],"picked":"Double Energy+1","floor":42.0},{"not_picked":["Rebound+1","Chaos+1"],"picked":"Gash+1","floor":44.0},{"not_picked":["Ball Lightning+1","Compile Driver+1"],"picked":"Conserve Battery+1","floor":46},{"not_picked":["Streamline+1","Loop"],"picked":"Gash+1","floor":48}],"player_experience":744647,"relics_obtained":[{"floor":6.0,"key":"Molten Egg 2"},{"floor":8.0,"key":"Bronze Scales"},{"floor":9.0,"key":"Strawberry"},{"floor":11.0,"key":"Mummified Hand"},{"floor":20.0,"key":"War Paint"},{"floor":24.0,"key":"DataDisk"},{"floor":24.0,"key":"Dodecahedron"},{"floor":26.0,"key":"Sundial"},{"floor":27.0,"key":"Smiling Mask"},{"floor":27.0,"key":"MawBank"},{"floor":38.0,"key":"Mango"},{"floor":40.0,"key":"Meat on the Bone"},{"floor":40.0,"key":"Boot"},{"floor":42.0,"key":"Gremlin Horn"},{"floor":42.0,"key":"Pear"},{"floor":43.0,"key":"Lantern"},{"floor":46,"key":"Shuriken"},{"floor":46,"key":"Bottled Tornado"}],"event_choices":[{"cards_removed":["Strike_B"],"damage_healed":0.0,"max_hp_gain":0.0,"max_hp_loss":0.0,"gold_gain":0.0,"event_name":"Golden Wing","player_choice":"Card Removal","floor":3.0,"gold_loss":0.0,"damage_taken":7.0},{"damage_healed":0.0,"max_hp_gain":0.0,"max_hp_loss":0.0,"gold_gain":150.0,"event_name":"Liars Game","player_choice":"AGREE","floor":4.0,"gold_loss":0.0,"damage_taken":0.0,"cards_obtained":["Doubt"]},{"cards_removed":["Doubt"],"damage_healed":0.0,"max_hp_gain":0.0,"max_hp_loss":0.0,"gold_gain":0.0,"event_name":"Living Wall","player_choice":"Forget","floor":5.0,"gold_loss":0.0,"damage_taken":0.0},{"damage_healed":0.0,"max_hp_gain":0.0,"max_hp_loss":0.0,"gold_gain":0.0,"event_name":"Shining Light","player_choice":"Entered Light","floor":13.0,"gold_loss":0.0,"damage_taken":23.0,"cards_upgraded":["Defend_B","Defend_B"]},{"damage_healed":0.0,"max_hp_gain":0.0,"max_hp_loss":0.0,"gold_gain":0.0,"event_name":"Nest","player_choice":"Joined the Cult","floor":19.0,"gold_loss":0.0,"damage_taken":6.0,"cards_obtained":["RitualDagger"]},{"damage_healed":0.0,"max_hp_gain":0.0,"max_hp_loss":0.0,"gold_gain":0.0,"event_name":"Vampires","player_choice":"Ignored","floor":22.0,"gold_loss":0.0,"damage_taken":0.0},{"damage_healed":0.0,"max_hp_gain":0.0,"max_hp_loss":0.0,"gold_gain":0.0,"event_name":"SensoryStone","player_choice":"Memory 3","floor":37.0,"gold_loss":0.0,"damage_taken":10.0},{"damage_healed":0.0,"max_hp_gain":0.0,"max_hp_loss":0.0,"gold_gain":0.0,"event_name":"MindBloom","player_choice":"Fight","floor":38.0,"gold_loss":0.0,"damage_taken":0.0},{"damage_healed":0.0,"max_hp_gain":0.0,"max_hp_loss":0.0,"gold_gain":0.0,"event_name":"Match and Keep!","player_choice":"3 cards matched","floor":39.0,"gold_loss":0.0,"damage_taken":0.0,"cards_obtained":["Zap","Conserve Battery","Doom and Gloom"]},{"damage_healed":0,"gold_gain":0,"player_choice":"Ignored","damage_taken":0,"max_hp_gain":0,"max_hp_loss":0,"event_name":"Transmorgrifier","floor":45,"gold_loss":0}],"is_beta":false,"boss_relics":[{"not_picked":["Runic Pyramid","Tiny House"],"picked":"Black Star"},{"not_picked":["Fusion Hammer","Calling Bell"],"picked":"Cursed Key"}],"items_purged_floors":[36],"is_endless":false,"potions_floor_spawned":[6,8,11,16,27,28,30,33,38,44,46],"ascension_level":18}