{"gold_per_floor":[118,142,153,153,165,165,194,194,194,194,527,527,113,145,145,216,216,233,252,265,73,92,92,119,132,132,132,132,132,132,157,157,233,233,252,269,369,381,436,436,468,484,484,516,52,52,83,96,96,96,96],"floor_reached":52,"playtime":4025,"items_purged":["Decay","Normality","Shame"],"score":2067,"play_id":"f72e2e3e-bb88-452f-a314-ab7f7a53738d","local_time":"20190526041611","is_ascension_mode":true,"campfire_choices":[{"data":"Dualcast","floor":6.0,"key":"SMITH"},{"data":"Defragment","floor":12.0,"key":"SMITH"},{"data":"Apotheosis","floor":15.0,"key":"SMITH"},{"data":"Defragment","floor":23.0,"key":"SMITH"},{"data":"Self Repair","floor":27.0,"key":"SMITH"},{"data":"Zap","floor":30.0,"key":"SMITH"},{"data":"FTL","floor":32.0,"key":"SMITH"},{"floor":40.0,"key":"DIG"},{"floor":46.0,"key":"DIG"},{"floor":49.0,"key":"DIG"}],"neow_cost":"NONE","seed_source_timestamp":40388640686224,"circlet_count":0,"master_deck":["AscendersBane","Strike_B+1","Strike_B","Strike_B","Strike_B","Defend_B","Defend_B","Defend_B","Defend_B","Zap+1","Dualcast+1","Recycle","FTL+1","Zap+1","Rebound","Seek+1","Genetic Algorithm","Defragment+1","Reprogram","Sunder","Apotheosis+1","Auto Shields","Core Surge","Clumsy","Self Repair+1","Defragment+1","Conserve Battery","FTL","Core Surge+1","Auto Shields","Redo","White Noise","Glacier","Echo Form","Glacier","Leap"],"special_seed":0,"relics":["Cracked Core","NeowsBlessing","Strawberry","Pen Nib","Smiling Mask","Mercury Hourglass","Old Coin","War Paint","Darkstone Periapt","Calling Bell","DataDisk","Blue Candle","Thread and Needle","Orichalcum","Kunai","MutagenicStrength","Centennial Puzzle","Coffee Dripper","Bird Faced Urn","Shovel","PreservedInsect","Whetstone","Calipers","Peace Pipe","Anchor","Happy Flower","Pocketwatch","Letter Opener"],"potions_floor_usage":[51],"damage_taken":[{"damage":0.0,"enemies":"Cultist","floor":1.0,"turns":1.0},{"damage":0.0,"enemies":"2 Louse","floor":3.0,"turns":1.0},{"damage":0.0,"enemies":"Jaw Worm","floor":5.0,"turns":1.0},{"damage":27.0,"enemies":"Lagavulin","floor":7.0,"turns":6.0},{"damage":12.0,"enemies":"3 Sentries","floor":11.0,"turns":6.0},{"damage":7.0,"enemies":"Gremlin Nob","floor":14.0,"turns":3.0},{"damage":18.0,"enemies":"The Guardian","floor":16.0,"turns":8.0},{"damage":13.0,"enemies":"Shell Parasite","floor":18.0,"turns":5.0},{"damage":0.0,"enemies":"Chosen","floor":19.0,"turns":3.0},{"damage":11.0,"enemies":"Centurion and Healer","floor":20.0,"turns":7.0},{"damage":4.0,"enemies":"Snake Plant","floor":22.0,"turns":3.0},{"damage":1.0,"enemies":"Gremlin Leader","floor":24.0,"turns":6.0},{"damage":7.0,"enemies":"Cultist and Chosen","floor":25.0,"turns":6.0},{"damage":20.0,"enemies":"Book of Stabbing","floor":31.0,"turns":5.0},{"damage":54.0,"enemies":"Collector","floor":33.0,"turns":10.0},{"damage":13.0,"enemies":"3 Shapes","floor":35.0,"turns":4.0},{"damage":15.0,"enemies":"3 Darklings","floor":36.0,"turns":5.0},{"damage":1.0,"enemies":"Mind Bloom Boss Battle","floor":37.0,"turns":5.0},{"damage":9.0,"enemies":"Writhing Mass","floor":38.0,"turns":7.0},{"damage":29.0,"enemies":"2 Orb Walkers","floor":39.0,"turns":5.0},{"damage":23.0,"enemies":"Reptomancer","floor":41.0,"turns":6.0},{"damage":1.0,"enemies":"Sphere and 2 Shapes","floor":42.0,"turns":6.0},{"damage":5.0,"enemies":"Nemesis","floor":44.0,"turns":5.0},{"damage":22.0,"enemies":"Reptomancer","floor":47.0,"turns":6.0},{"damage":8.0,"enemies":"Maw","floor":48.0,"turns":7.0},{"damage":91.0,"enemies":"Time Eater","floor":50.0,"turns":14.0},{"damage":20,"enemies":"Awakened One","floor":51,"turns":18}],"seed_played":"4026509693510127499","potions_obtained":[{"floor":1.0,"key":"Dexterity Potion"},{"floor":7.0,"key":"Strength Potion"},{"floor":24.0,"key":"SteroidPotion"},{"floor":31.0,"key":"SkillPotion"},{"floor":36.0,"key":"Block Potion"},{"floor":37.0,"key":"Poison Potion"},{"floor":39.0,"key":"Explosive Potion"},{"floor":41.0,"key":"FearPotion"},{"floor":42.0,"key":"SkillPotion"},{"floor":48.0,"key":"Swift Potion"}],"is_trial":false,"path_per_floor":["M","T","M","?","M","R","E","?","T","?","E","R","$","E","R","B",null,"M","M","M","$","M","R","E","M","T","R","?","?","R","E","R","B",null,"M","M","?","M","?","R","E","M","T","E","$","R","E","M","R","B","B",null],"character_chosen":"DEFECT","items_purchased":["Apotheosis","War Paint","Defragment","Block Potion","Echo Form","Anchor","FocusPotion"],"campfire_rested":0,"item_purchase_floors":[13,13,21,21,45,45,45],"current_hp_per_floor":[64,71,71,71,71,71,44,44,44,44,32,32,32,25,25,7,78,65,65,64,64,70,70,79,82,82,82,82,82,82,72,72,28,79,66,61,70,79,68,68,63,80,80,93,93,93,87,96,96,25,29],"gold":96,"neow_bonus":"THREE_ENEMY_KILL","is_prod":false,"is_daily":false,"chose_seed":false,"campfire_upgraded":7,"win_rate":0,"timestamp":1558869371,"path_taken":["M","?","M","?","?","R","E","?","T","?","E","R","$","E","R","BOSS","M","M","M","$","M","R","E","?","T","R","?","?","R","E","R","BOSS","M","M","?","M","?","R","E","M","T","E","$","R","E","M","R","BOSS","BOSS"],"build_version":"2019-01-23","purchased_purges":3,"victory":true,"max_hp_per_floor":[71,78,78,78,78,78,78,78,78,78,78,78,78,78,78,78,96,96,96,96,96,96,96,96,96,96,96,96,96,96,96,96,96,96,96,96,96,96,96,96,96,96,96,96,96,96,96,96,96,96,96],"card_choices":[{"not_picked":["Storm","Stack"],"picked":"Recycle","floor":1.0},{"not_picked":["Rebound","Redo"],"picked":"FTL","floor":3.0},{"not_picked":["Cold Snap","Steam"],"picked":"Defragment","floor":5.0},{"not_picked":["Streamline","Barrage"],"picked":"Reprogram","floor":7.0},{"not_picked":["Beam Cell","Steam"],"picked":"Sunder","floor":11.0},{"not_picked":["Aggregate","Darkness"],"picked":"Auto Shields","floor":14.0},{"not_picked":["Rainbow","Multi-Cast"],"picked":"Core Surge","floor":16.0},{"not_picked":["Steam","Sweeping Beam","Hello World+1"],"picked":"SKIP","floor":18.0},{"not_picked":["Coolheaded","Compile Driver"],"picked":"Self Repair","floor":19.0},{"not_picked":["Steam","Multi-Cast","Sweeping Beam"],"picked":"SKIP","floor":20.0},{"not_picked":["Barrage","Go for the Eyes"],"picked":"Conserve Battery","floor":22.0},{"not_picked":["Self Repair","Scrape"],"picked":"FTL","floor":24.0},{"not_picked":["Beam Cell","Streamline","Turbo"],"picked":"SKIP","floor":25.0},{"not_picked":["BootSequence","Compile Driver+1","Multi-Cast"],"picked":"SKIP","floor":31.0},{"not_picked":["Rainbow","All For One"],"picked":"Core Surge","floor":33.0},{"not_picked":["Reinforced Body","Gash"],"picked":"Auto Shields","floor":35.0},{"not_picked":["Conserve Battery","Hologram"],"picked":"Redo","floor":36.0},{"not_picked":["Steam+1","Scrape"],"picked":"White Noise","floor":37.0},{"not_picked":["Ball Lightning","Barrage","Storm"],"picked":"SKIP","floor":38.0},{"not_picked":["Go for the Eyes+1","Reinforced Body"],"picked":"Glacier","floor":41.0},{"not_picked":["Fusion","Sunder","Static Discharge"],"picked":"SKIP","floor":42.0},{"not_picked":["Steam Power+1","Amplify","Hologram"],"picked":"SKIP","floor":44.0},{"not_picked":["Go for the Eyes","Stack"],"picked":"Glacier","floor":47.0},{"not_picked":["Hologram","FTL"],"picked":"Leap","floor":48.0}],"player_experience":798190,"relics_obtained":[{"floor":2.0,"key":"Strawberry"},{"floor":7.0,"key":"Pen Nib"},{"floor":9.0,"key":"Mercury Hourglass"},{"floor":11.0,"key":"Old Coin"},{"floor":14.0,"key":"Darkstone Periapt"},{"floor":17.0,"key":"DataDisk"},{"floor":17.0,"key":"Blue Candle"},{"floor":17.0,"key":"Thread and Needle"},{"floor":24.0,"key":"Orichalcum"},{"floor":26.0,"key":"Kunai"},{"floor":31.0,"key":"Centennial Puzzle"},{"floor":37.0,"key":"Bird Faced Urn"},{"floor":39.0,"key":"Shovel"},{"floor":40.0,"key":"PreservedInsect"},{"floor":41.0,"key":"Whetstone"},{"floor":43.0,"key":"Calipers"},{"floor":44.0,"key":"Peace Pipe"},{"floor":46.0,"key":"Happy Flower"},{"floor":47.0,"key":"Pocketwatch"},{"floor":49.0,"key":"Letter Opener"}],"event_choices":[{"damage_healed":0.0,"max_hp_gain":0.0,"max_hp_loss":0.0,"gold_gain":0.0,"event_name":"Match and Keep!","player_choice":"4 cards matched","floor":4.0,"gold_loss":0.0,"damage_taken":0.0,"cards_obtained":["Zap","Rebound","Seek","Genetic Algorithm"]},{"damage_healed":0.0,"max_hp_gain":0.0,"max_hp_loss":0.0,"gold_gain":0.0,"event_name":"Dead Adventurer","player_choice":"Searched \u00271\u0027 times","floor":8.0,"gold_loss":0.0,"damage_taken":0.0,"relics_obtained":["Smiling Mask"]},{"damage_healed":0.0,"max_hp_gain":0.0,"max_hp_loss":0.0,"gold_gain":0.0,"event_name":"Wheel of Change","player_choice":"Cursed","floor":10.0,"gold_loss":0.0,"damage_taken":0.0,"cards_obtained":["Decay"]},{"damage_healed":0.0,"max_hp_gain":0.0,"max_hp_loss":0.0,"gold_gain":0.0,"event_name":"Drug Dealer","player_choice":"Inject Mutagens","floor":28.0,"gold_loss":0.0,"damage_taken":0.0,"relics_obtained":["MutagenicStrength"]},{"damage_healed":0.0,"max_hp_gain":0.0,"max_hp_loss":0.0,"gold_gain":0.0,"event_name":"Cursed Tome","player_choice":"Ignored","floor":29.0,"gold_loss":0.0,"damage_taken":0.0},{"damage_healed":0.0,"max_hp_gain":0.0,"max_hp_loss":0.0,"gold_gain":0.0,"event_name":"MindBloom","player_choice":"Fight","floor":37.0,"gold_loss":0.0,"damage_taken":0.0},{"damage_healed":0.0,"max_hp_gain":0.0,"max_hp_loss":0.0,"gold_gain":0.0,"event_name":"Mysterious Sphere","player_choice":"Fight","floor":39.0,"gold_loss":0.0,"damage_taken":0.0}],"is_beta":false,"boss_relics":[{"not_picked":["White Beast Statue","Pandora\u0027s Box"],"picked":"Calling Bell"},{"not_picked":["Runic Pyramid","Tiny House"],"picked":"Coffee Dripper"}],"items_purged_floors":[13,21,45],"is_endless":false,"potions_floor_spawned":[1,7,24,31,36,37,39,41,42,48],"ascension_level":20}