{"gold_per_floor":[110,126,126,136,136,136,171,171,171,171,83,113,113,125,125,222,222,239,14,14,34,51,51,51,51,51,69,69,83,111,129,129,230,230,246,246,1245,1256,1256,1256,1268,1285,1309,1309,1309,446,446,51,51,51],"floor_reached":51,"playtime":2431,"items_purged":["Normality","Normality"],"score":755,"play_id":"37c7f970-5c30-4639-905f-dc3dfeb197de","local_time":"20190605012621","daily_mods":["SealedDeck","Colorless Cards","Binary"],"is_ascension_mode":true,"campfire_choices":[{"data":"Dramatic Entrance","floor":6.0,"key":"SMITH"},{"data":"Iron Wave","floor":8.0,"key":"SMITH"},{"data":"Pommel Strike","floor":10.0,"key":"SMITH"},{"data":"Discovery","floor":13.0,"key":"SMITH"},{"data":"Mind Blast","floor":15.0,"key":"SMITH"},{"data":"Armaments","floor":23.0,"key":"SMITH"},{"data":"Spot Weakness","floor":25.0,"key":"SMITH"},{"data":"Warcry","floor":28.0,"key":"SMITH"},{"data":"True Grit","floor":32.0,"key":"SMITH"},{"data":"Warcry","floor":40.0,"key":"SMITH"},{"data":"Seeing Red","floor":44,"key":"SMITH"},{"data":"Chrysalis","floor":47,"key":"SMITH"},{"data":"Panache","floor":49,"key":"SMITH"}],"neow_cost":"","seed_source_timestamp":0,"circlet_count":0,"master_deck":["Pommel Strike+1","Anger","Shrug It Off+1","Seeing Red+1","Body Slam+1","Iron Wave+1","Mind Blast+1","Good Instincts+1","Dramatic Entrance+1","Inflame+1","Warcry+1","Warcry+1","Rage","Pommel Strike+1","Discovery+1","Good Instincts","Shrug It Off","Juggernaut","Armaments+1","Uppercut+1","Spot Weakness+1","Whirlwind+1","Headbutt+1","Carnage+1","True Grit+1","Panache+1","Reaper+1","Body Slam+1","Parasite","Chrysalis+1","Dramatic Entrance+1","Master of Strategy"],"special_seed":0,"relics":["Burning Blood","Molten Egg 2","Boot","Meat on the Bone","Eternal Feather","Lantern","Blood Vial","Question Card","Busted Crown","Smiling Mask","Toolbox","Pocketwatch","War Paint"],"potions_floor_usage":[42,50,50,50],"damage_taken":[{"damage":6.0,"enemies":"Jaw Worm","floor":1.0,"turns":2.0},{"damage":0.0,"enemies":"2 Louse","floor":2.0,"turns":2.0},{"damage":3.0,"enemies":"Small Slimes","floor":4.0,"turns":3.0},{"damage":13.0,"enemies":"3 Sentries","floor":7.0,"turns":5.0},{"damage":0.0,"enemies":"Lagavulin","floor":12.0,"turns":3.0},{"damage":0.0,"enemies":"2 Fungi Beasts","floor":14.0,"turns":2.0},{"damage":4.0,"enemies":"Slime Boss","floor":16.0,"turns":10.0},{"damage":0.0,"enemies":"3 Byrds","floor":18.0,"turns":3.0},{"damage":0.0,"enemies":"Chosen","floor":21.0,"turns":6.0},{"damage":24.0,"enemies":"Centurion and Healer","floor":22.0,"turns":4.0},{"damage":0.0,"enemies":"Snake Plant","floor":27.0,"turns":2.0},{"damage":0.0,"enemies":"Snecko","floor":29.0,"turns":3.0},{"damage":29.0,"enemies":"Book of Stabbing","floor":30.0,"turns":5.0},{"damage":20.0,"enemies":"Sentry and Sphere","floor":31.0,"turns":5.0},{"damage":65.0,"enemies":"Automaton","floor":33.0,"turns":11.0},{"damage":36.0,"enemies":"3 Shapes","floor":35.0,"turns":2.0},{"damage":29.0,"enemies":"3 Darklings","floor":38.0,"turns":3.0},{"damage":65.0,"enemies":"Writhing Mass","floor":41.0,"turns":7.0},{"damage":23,"enemies":"4 Shapes","floor":42,"turns":4},{"damage":76,"enemies":"Awakened One","floor":50,"turns":9}],"seed_played":"-4118448254856972352","potions_obtained":[{"floor":2.0,"key":"FearPotion"},{"floor":7.0,"key":"SpeedPotion"},{"floor":14.0,"key":"Weak Potion"},{"floor":16.0,"key":"LiquidBronze"},{"floor":18.0,"key":"BloodPotion"},{"floor":22.0,"key":"FearPotion"},{"floor":31.0,"key":"Explosive Potion"},{"floor":38.0,"key":"Strength Potion"},{"floor":42,"key":"LiquidBronze"}],"is_trial":true,"path_per_floor":["M","M","?","M","?","R","E","R","T","R","$","E","R","M","R","B",null,"M","$","?","M","M","R","?","R","T","M","R","M","E","M","R","B",null,"M","?","?","M","?","R","M","M","T","R","?","$","R","$","R","B",null],"character_chosen":"IRONCLAD","items_purchased":["Discovery","Uppercut+1","Lantern","Dexterity Potion","Chrysalis","Dramatic Entrance+1","Toolbox","Pocketwatch","Master of Strategy","War Paint"],"campfire_rested":0,"item_purchase_floors":[11,19,19,46,46,46,46,46,48,48],"current_hp_per_floor":[80,80,80,80,64,64,57,57,57,57,57,63,63,69,69,71,80,80,80,80,80,62,74,74,80,80,80,80,80,57,57,72,27,80,59,59,59,65,65,80,38,43,43,61,61,61,76,76,76,52],"gold":51,"neow_bonus":"","is_prod":false,"is_daily":false,"chose_seed":false,"campfire_upgraded":13,"win_rate":0,"timestamp":1559694381,"path_taken":["M","M","?","M","?","R","E","R","T","R","?","E","R","M","R","BOSS","M","$","?","M","M","R","?","R","T","M","R","M","E","M","R","BOSS","M","?","?","M","?","R","M","M","T","R","?","$","R","$","R","BOSS"],"build_version":"2019-01-23","purchased_purges":2,"victory":true,"max_hp_per_floor":[80,80,80,80,80,80,80,80,80,80,80,80,80,80,80,80,80,80,80,80,80,80,80,80,80,80,80,80,80,80,80,80,80,80,80,80,80,80,80,80,80,80,80,80,76,76,76,76,76,76],"card_choices":[{"not_picked":["Rupture"],"picked":"Warcry","floor":1.0},{"not_picked":["PanicButton"],"picked":"Warcry","floor":2.0},{"not_picked":["Mind Blast"],"picked":"Rage","floor":4.0},{"not_picked":["Rage"],"picked":"Pommel Strike","floor":7.0},{"not_picked":["Wild Strike+1"],"picked":"Good Instincts","floor":12.0},{"not_picked":["Carnage+1"],"picked":"Shrug It Off","floor":14.0},{"not_picked":["Offering"],"picked":"Juggernaut","floor":16.0},{"not_picked":["PanicButton"],"picked":"Armaments","floor":18.0},{"not_picked":["Iron Wave+1"],"picked":"Whirlwind+1","floor":21.0},{"not_picked":["Pommel Strike+1"],"picked":"Headbutt+1","floor":22.0},{"not_picked":["Power Through+1"],"picked":"Carnage+1","floor":27.0},{"not_picked":["Intimidate","Shrug It Off"],"picked":"SKIP","floor":29.0},{"not_picked":["Warcry"],"picked":"True Grit","floor":30.0},{"not_picked":["Impatience+1","PanicButton+1"],"picked":"Panache","floor":31.0},{"not_picked":["Offering","Berserk"],"picked":"Reaper+1","floor":33.0},{"not_picked":[],"picked":"Body Slam+1","floor":35.0},{"not_picked":["Thunderclap+1"],"picked":"SKIP","floor":38.0},{"not_picked":["Heavy Blade+1"],"picked":"SKIP","floor":41.0},{"not_picked":["Havoc+1"],"picked":"SKIP","floor":42}],"player_experience":753033,"relics_obtained":[{"floor":7.0,"key":"Molten Egg 2"},{"floor":9.0,"key":"Boot"},{"floor":12.0,"key":"Meat on the Bone"},{"floor":26.0,"key":"Blood Vial"},{"floor":30.0,"key":"Question Card"},{"floor":43,"key":"Smiling Mask"}],"event_choices":[{"damage_healed":0.0,"max_hp_gain":0.0,"max_hp_loss":0.0,"gold_gain":0.0,"event_name":"The Cleric","player_choice":"Leave","floor":3.0,"gold_loss":0.0,"damage_taken":0.0},{"damage_healed":0.0,"max_hp_gain":0.0,"max_hp_loss":0.0,"gold_gain":0.0,"event_name":"Shining Light","player_choice":"Entered Light","floor":5.0,"gold_loss":0.0,"damage_taken":16.0,"cards_upgraded":["Inflame","Body Slam"]},{"damage_healed":0.0,"max_hp_gain":0.0,"max_hp_loss":0.0,"gold_gain":0.0,"event_name":"The Library","player_choice":"Read","floor":20.0,"gold_loss":0.0,"damage_taken":0.0,"cards_obtained":["Spot Weakness"]},{"damage_healed":0.0,"max_hp_gain":0.0,"max_hp_loss":0.0,"gold_gain":0.0,"event_name":"Beggar","player_choice":"Ignored","floor":24.0,"gold_loss":0.0,"damage_taken":0.0},{"damage_healed":0.0,"max_hp_gain":0.0,"max_hp_loss":0.0,"gold_gain":0.0,"event_name":"Tomb of Lord Red Mask","player_choice":"Ignored","floor":36.0,"gold_loss":0.0,"damage_taken":0.0},{"damage_healed":0.0,"max_hp_gain":0.0,"max_hp_loss":0.0,"gold_gain":999.0,"event_name":"MindBloom","player_choice":"Gold","floor":37.0,"gold_loss":0.0,"damage_taken":0.0,"cards_obtained":["Normality","Normality"]},{"damage_healed":0.0,"max_hp_gain":0.0,"max_hp_loss":0.0,"gold_gain":0.0,"event_name":"Mysterious Sphere","player_choice":"Ignored","floor":39.0,"gold_loss":0.0,"damage_taken":0.0},{"damage_healed":0,"gold_gain":0,"player_choice":"Max HP","damage_taken":0,"max_hp_gain":0,"max_hp_loss":4,"event_name":"Winding Halls","floor":45,"gold_loss":0}],"is_beta":false,"boss_relics":[{"not_picked":["Runic Dome","Black Star"],"picked":"Eternal Feather"},{"not_picked":["Lizard Tail","Philosopher\u0027s Stone"],"picked":"Busted Crown"}],"items_purged_floors":[46,48],"is_endless":false,"potions_floor_spawned":[2,7,14,16,18,22,31,38,42],"ascension_level":1}