{"gold_per_floor":[110,110,84,97,22,22,55,67,102,125,167,179,210,253,265,277],"floor_reached":16,"playtime":584,"items_purged":[],"score":286,"play_id":"96ca88c0-6c29-4137-a348-40ffeb1459ec","local_time":"20190528233225","is_ascension_mode":true,"campfire_choices":[{"data":"All Out Attack","floor":6.0,"key":"SMITH"},{"floor":15,"key":"REST"}],"neow_cost":"NONE","seed_source_timestamp":130303623075795,"circlet_count":0,"master_deck":["AscendersBane","Defend_G","Defend_G","Defend_G","Defend_G","Defend_G","Strike_G","Strike_G","Strike_G","Strike_G","Survivor","Neutralize","All Out Attack+1","Deflect","Slice","Infinite Blades","Adrenaline","Deflect","Deflect","Acrobatics","Quick Slash"],"special_seed":0,"relics":["Ring of the Snake","NeowsBlessing","MawBank","Darkstone Periapt","Orichalcum","Boot","Dream Catcher","Sundial"],"potions_floor_usage":[16,16],"damage_taken":[{"damage":0.0,"enemies":"Small Slimes","floor":1.0,"turns":1.0},{"damage":0.0,"enemies":"Cultist","floor":4.0,"turns":1.0},{"damage":0.0,"enemies":"3 Sentries","floor":7.0,"turns":2.0},{"damage":0.0,"enemies":"2 Louse","floor":10.0,"turns":2.0},{"damage":31.0,"enemies":"Lagavulin","floor":11.0,"turns":7.0},{"damage":6.0,"enemies":"Exordium Wildlife","floor":13.0,"turns":4.0},{"damage":21.0,"enemies":"Gremlin Nob","floor":14.0,"turns":4.0},{"damage":25,"enemies":"Hexaghost","floor":16,"turns":10}],"seed_played":"8416568680114811186","potions_obtained":[{"floor":2.0,"key":"GamblersBrew"},{"floor":2.0,"key":"SkillPotion"},{"floor":4.0,"key":"Swift Potion"},{"floor":10.0,"key":"Ancient Potion"},{"floor":11.0,"key":"SneckoOil"},{"floor":14.0,"key":"SkillPotion"}],"is_trial":false,"path_per_floor":["M","?","$","M","?","R","E","T","T","M","E","?","M","E","R","B"],"character_chosen":"THE_SILENT","items_purchased":["Deflect"],"campfire_rested":1,"item_purchase_floors":[3],"current_hp_per_floor":[59,59,59,59,59,59,59,59,59,59,28,28,22,1,20,0],"gold":277,"neow_bonus":"THREE_ENEMY_KILL","is_prod":false,"is_daily":false,"chose_seed":false,"campfire_upgraded":1,"win_rate":0,"timestamp":1559111545,"path_taken":["M","?","$","?","?","R","E","?","T","M","E","?","M","E","R","BOSS"],"build_version":"2019-01-23","purchased_purges":0,"victory":false,"max_hp_per_floor":[66,66,66,66,66,66,66,66,66,66,66,66,66,66,66,66],"card_choices":[{"not_picked":["PiercingWail","Deadly Poison"],"picked":"All Out Attack","floor":1.0},{"not_picked":["Backflip","Flying Knee"],"picked":"Slice","floor":4.0},{"not_picked":["Backflip","Underhanded Strike"],"picked":"Infinite Blades","floor":7.0},{"not_picked":["Footwork","Backstab"],"picked":"Adrenaline","floor":10.0},{"not_picked":["Cloak And Dagger","Poisoned Stab"],"picked":"Deflect","floor":11.0},{"not_picked":["Backflip","Accuracy"],"picked":"Deflect","floor":13.0},{"not_picked":["Flying Knee","Flechettes"],"picked":"Acrobatics","floor":14.0},{"not_picked":["Acrobatics","Sucker Punch"],"picked":"Quick Slash","floor":15}],"player_experience":811541,"relics_obtained":[{"floor":7.0,"key":"MawBank"},{"floor":8.0,"key":"Darkstone Periapt"},{"floor":9.0,"key":"Orichalcum"},{"floor":11.0,"key":"Boot"},{"floor":14.0,"key":"Sundial"}],"event_choices":[{"damage_healed":0.0,"max_hp_gain":0.0,"max_hp_loss":0.0,"gold_gain":0.0,"event_name":"Lab","player_choice":"Got Potions","floor":2.0,"gold_loss":0.0,"damage_taken":0.0},{"cards_removed":["Strike_G"],"damage_healed":0.0,"max_hp_gain":0.0,"max_hp_loss":0.0,"gold_gain":0.0,"event_name":"The Cleric","player_choice":"Card Removal","floor":5.0,"gold_loss":75.0,"damage_taken":0.0},{"damage_healed":0.0,"max_hp_gain":0.0,"max_hp_loss":0.0,"gold_gain":0.0,"event_name":"Dead Adventurer","player_choice":"Searched \u00271\u0027 times","floor":12.0,"gold_loss":0.0,"damage_taken":0.0,"relics_obtained":["Dream Catcher"]}],"is_beta":false,"boss_relics":[],"items_purged_floors":[],"is_endless":false,"potions_floor_spawned":[4,10,11,14],"killed_by":"Hexaghost","ascension_level":20}