{"path_per_floor":["M","M","?","M","M","E","R","$","T","?","R","M","M","?","R","B",null,"M","$","?","?"],"character_chosen":"IRONCLAD","items_purchased":["Armaments","Inflame","Block Potion","Inflame","Shrug It Off"],"gold_per_floor":[109,125,125,138,157,183,183,11,11,11,11,26,46,11,11,110,110,120,30,30,64,64],"floor_reached":22,"campfire_rested":1,"playtime":1317,"current_hp_per_floor":[79,79,79,80,76,29,53,53,53,53,53,54,54,74,74,16,80,71,71,71,30,0],"items_purged":[],"gold":64,"score":184,"play_id":"d39f0f07-245f-475a-ae8a-27191f7c0d46","local_time":"20180509004854","is_prod":false,"is_daily":false,"chose_seed":false,"is_ascension_mode":false,"campfire_upgraded":2,"timestamp":1525794534,"path_taken":["M","M","?","M","M","E","R","$","T","?","R","M","?","?","R","BOSS","M","$","?","?","M"],"build_version":"2018-05-07","seed_source_timestamp":12118786067164,"purchased_purges":0,"victory":false,"master_deck":["Strike_R+1","Strike_R+1","Strike_R+1","Strike_R+1","Strike_R+1","Defend_R+1","Defend_R+1","Defend_R+1","Defend_R+1","Bash+1","Iron Wave+1","Headbutt","Body Slam","True Grit","Flex","Armaments+1","Inflame+1","Power Through","Flex","Bludgeon","Inflame","Shrug It Off","Rage"],"max_hp_per_floor":[80,80,80,80,80,80,80,80,80,80,80,80,80,80,80,80,80,80,80,80,80,80],"relics":["Burning Blood","Peace Pipe","Gambling Chip","Eternal Feather","Red Mask"],"card_choices":[{"not_picked":["Combust","Perfected Strike"],"picked":"Iron Wave","floor":1},{"not_picked":["Clash","Rupture"],"picked":"Headbutt","floor":2},{"not_picked":["Heavy Blade","Intimidate"],"picked":"Body Slam","floor":4},{"not_picked":["Flex","Clash"],"picked":"True Grit","floor":5},{"not_picked":["Reaper","Warcry"],"picked":"Flex","floor":6},{"not_picked":["Headbutt","Clothesline"],"picked":"Power Through","floor":12},{"not_picked":["Offering","Heavy Blade"],"picked":"Flex","floor":13},{"not_picked":["Dark Embrace","Berserk"],"picked":"Bludgeon","floor":16},{"not_picked":["Combust","Twin Strike"],"picked":"Rage","floor":21}],"player_experience":9673,"potions_floor_usage":[6,16,16],"damage_taken":[{"damage":7,"enemies":"Small Slimes","floor":1,"turns":4},{"damage":6,"enemies":"2 Louse","floor":2,"turns":4},{"damage":1,"enemies":"Cultist","floor":4,"turns":3},{"damage":10,"enemies":"Gremlin Gang","floor":5,"turns":7},{"damage":53,"enemies":"Lagavulin","floor":6,"turns":11},{"damage":5,"enemies":"Blue Slaver","floor":12,"turns":3},{"damage":6,"enemies":"3 Louse","floor":13,"turns":4},{"damage":64,"enemies":"Hexaghost","floor":16,"turns":12},{"damage":15,"enemies":"Spheric Guardian","floor":18,"turns":5},{"damage":47,"enemies":"가면 도적단","floor":21,"turns":5},{"damage":30,"enemies":"3 Byrds","floor":22,"turns":4}],"event_choices":[{"event_name":"Living Wall","player_choice":"Grow","floor":3,"damage_taken":0},{"event_name":"Upgrade Shrine","player_choice":"Upgraded","floor":10,"damage_taken":0},{"event_name":"The Cleric","player_choice":"Healed","floor":14,"damage_taken":0},{"event_name":"Back to Basics","player_choice":"Simplicity","floor":20,"damage_taken":0},{"event_name":"Masked Bandits","player_choice":"Fought over 30 gold","floor":21,"damage_taken":0}],"boss_relics":[{"not_picked":["Black Blood","Runic Dome"],"picked":"Eternal Feather"}],"potions_floor_spawned":[1,6,16,21],"seed_played":"3260937667251248655","killed_by":"3 Byrds","ascension_level":0,"is_trial":false}