{"gold_per_floor":[118,118,118,135,148,148,51,51,105,135,135,168,38,51,51,51],"floor_reached":16,"playtime":441,"items_purged":["Strike_R"],"score":198,"play_id":"b003efd4-31d7-4f1a-801c-293b66d5ff67","local_time":"20190214224445","is_ascension_mode":true,"campfire_choices":[{"data":"Battle Trance","floor":6.0,"key":"SMITH"},{"data":"Armaments","floor":8.0,"key":"SMITH"},{"data":"Brutality","floor":11.0,"key":"SMITH"},{"data":"Metallicize","floor":15.0,"key":"SMITH"}],"neow_cost":"NONE","seed_source_timestamp":0,"circlet_count":0,"master_deck":["AscendersBane","Strike_R","Strike_R","Strike_R","Strike_R","Defend_R","Defend_R","Defend_R","Defend_R","Bash","Battle Trance+1","Dual Wield","Spot Weakness","Armaments+1","Brutality+1","Reaper","Sword Boomerang","Shrug It Off","Metallicize+1","Heavy Blade"],"special_seed":0,"relics":["Burning Blood","Torii","Strawberry","Regal Pillow","Shuriken"],"potions_floor_usage":[],"damage_taken":[{"damage":6.0,"enemies":"Cultist","floor":1.0,"turns":3.0},{"damage":8.0,"enemies":"2 Louse","floor":4.0,"turns":2.0},{"damage":7.0,"enemies":"Small Slimes","floor":5.0,"turns":5.0},{"damage":46.0,"enemies":"Lagavulin","floor":10.0,"turns":10.0},{"damage":33.0,"enemies":"3 Sentries","floor":12.0,"turns":8.0},{"damage":5.0,"enemies":"Blue Slaver","floor":14.0,"turns":5.0},{"damage":0,"enemies":"Slime Boss","floor":16,"turns":1}],"seed_played":"6372177815915453674","potions_obtained":[{"floor":4.0,"key":"BloodPotion"},{"floor":5.0,"key":"Regen Potion"},{"floor":14.0,"key":"Energy Potion"}],"is_trial":false,"path_per_floor":["M","?","?","M","M","R","$","R","T","E","R","E","$","M","R","B"],"character_chosen":"IRONCLAD","items_purchased":["Armaments","Sword Boomerang","Shrug It Off","Metallicize"],"campfire_rested":0,"item_purchase_floors":[7,13,13,13],"current_hp_per_floor":[80,73,73,71,70,70,70,70,77,52,52,34,34,47,47,47],"gold":51,"neow_bonus":"TEN_PERCENT_HP_BONUS","is_prod":false,"is_daily":false,"chose_seed":false,"campfire_upgraded":4,"win_rate":0,"timestamp":1550151885,"path_taken":["M","?","?","?","M","R","$","R","T","E","R","E","$","M","R","BOSS"],"build_version":"2019-01-23","purchased_purges":1,"victory":false,"max_hp_per_floor":[88,88,88,88,88,88,88,88,95,95,95,95,95,95,95,95],"card_choices":[{"not_picked":["Thunderclap","Wild Strike"],"picked":"Battle Trance","floor":1.0},{"not_picked":["Iron Wave","Pommel Strike","Havoc"],"picked":"SKIP","floor":4.0},{"not_picked":["Warcry","Sword Boomerang"],"picked":"Spot Weakness","floor":5.0},{"not_picked":["Battle Trance","Clash"],"picked":"Brutality","floor":10.0},{"not_picked":["Clash","Corruption"],"picked":"Reaper","floor":12.0},{"not_picked":["Evolve","Havoc"],"picked":"Heavy Blade","floor":14.0}],"player_experience":786938,"relics_obtained":[{"floor":9.0,"key":"Strawberry"},{"floor":10.0,"key":"Regal Pillow"},{"floor":12.0,"key":"Shuriken"}],"event_choices":[{"damage_healed":0.0,"max_hp_gain":0.0,"max_hp_loss":0.0,"gold_gain":0.0,"event_name":"Scrap Ooze","player_choice":"Success","floor":2.0,"gold_loss":0.0,"damage_taken":7.0,"relics_obtained":["Torii"]},{"damage_healed":0.0,"max_hp_gain":0.0,"max_hp_loss":0.0,"gold_gain":0.0,"event_name":"Match and Keep!","player_choice":"1 cards matched","floor":3.0,"gold_loss":0.0,"damage_taken":0.0,"cards_obtained":["Dual Wield"]}],"is_beta":false,"boss_relics":[],"items_purged_floors":[7],"is_endless":false,"potions_floor_spawned":[4,5,14],"killed_by":"Slime Boss","ascension_level":12}