{"path_per_floor":["M","M","M","M","M","R","?","M","T","R","M","M","M","$","R","B",null,"M","M","M","$","M","R","?","M","T","T","M","M","R","?","R","B",null,"M","?","?","$","M","R","M","R","T","?","E","R","M","M","R"],"character_chosen":"IRONCLAD","items_purchased":["Bag of Marbles","Regen Potion","Bottled Flame"],"gold_per_floor":[115,125,137,152,172,172,229,247,247,247,259,274,288,60,60,155,155,172,192,207,56,70,70,70,89,112,139,155,175,175,175,175,280,280,298,298,298,47,67,67,80,80,80,180,215,215,235,250,250,250],"floor_reached":50,"campfire_rested":6,"playtime":1709,"current_hp_per_floor":[80,70,75,72,78,78,39,32,32,56,46,42,39,39,63,47,80,76,62,37,37,49,49,49,26,26,26,25,19,43,43,67,54,80,50,50,50,50,56,62,62,68,68,68,34,64,18,19,51,0],"items_purged":["Strike_R","Defend_R"],"gold":250,"score":472,"play_id":"eadd067c-9992-48ae-b81a-8201382ae01d","local_time":"20180509165106","is_prod":false,"is_daily":false,"chose_seed":false,"is_ascension_mode":false,"campfire_upgraded":4,"timestamp":1525852266,"path_taken":["M","M","M","M","M","R","?","?","T","R","M","M","M","$","R","BOSS","M","M","M","$","M","R","?","M","T","?","M","M","R","?","R","BOSS","M","?","?","$","M","R","M","R","T","?","E","R","?","M","R","BOSS"],"build_version":"2018-05-07","seed_source_timestamp":15307126170411,"purchased_purges":2,"victory":false,"master_deck":["Strike_R","Strike_R","Strike_R","Strike_R","Defend_R","Defend_R","Defend_R","Bash","Immolate+1","Rupture","Thunderclap","Battle Trance","Flex","Pommel Strike+1","Anger+1","Rage","Inflame+1","Inflame","Bloodletting+1","Anger"],"max_hp_per_floor":[80,80,80,80,80,80,80,80,80,80,80,80,80,80,80,80,80,80,80,80,80,80,80,80,80,80,80,80,80,80,80,80,80,80,80,80,80,80,80,80,80,80,80,80,80,80,80,80,80,80],"relics":["Burning Blood","Kunai","Happy Flower","Bag of Marbles","Velvet Choker","Omamori","Lantern","Eternal Feather","Bottled Flame","Self Forming Clay","Orichalcum"],"card_choices":[{"not_picked":["Second Wind","Body Slam"],"picked":"Rupture","floor":1},{"not_picked":["Clothesline","Reckless Charge"],"picked":"Thunderclap","floor":2},{"not_picked":["Shockwave","Twin Strike"],"picked":"Battle Trance","floor":3},{"not_picked":["Rupture","Havoc"],"picked":"Flex","floor":8},{"not_picked":["Headbutt","Uppercut"],"picked":"Pommel Strike","floor":11},{"not_picked":["Wild Strike","Havoc"],"picked":"Anger","floor":12},{"not_picked":["Rupture","Body Slam"],"picked":"Rage","floor":19},{"not_picked":["Rampage","Shrug It Off"],"picked":"Inflame","floor":20},{"not_picked":["Feel No Pain","Sever Soul"],"picked":"Inflame","floor":25},{"not_picked":["Pommel Strike","Second Wind"],"picked":"Bloodletting","floor":41},{"not_picked":["Combust","Clothesline"],"picked":"Anger","floor":48}],"player_experience":32114,"potions_floor_usage":[16,16,16,22,25,33,33,33,47,50],"damage_taken":[{"damage":2,"enemies":"Small Slimes","floor":1,"turns":3},{"damage":16,"enemies":"Jaw Worm","floor":2,"turns":4},{"damage":1,"enemies":"Cultist","floor":3,"turns":3},{"damage":9,"enemies":"3 Louse","floor":4,"turns":2},{"damage":0,"enemies":"Exordium Thugs","floor":5,"turns":2},{"damage":45,"enemies":"Gremlin Nob","floor":7,"turns":5},{"damage":13,"enemies":"Red Slaver","floor":8,"turns":2},{"damage":16,"enemies":"Gremlin Gang","floor":11,"turns":3},{"damage":10,"enemies":"Looter","floor":12,"turns":3},{"damage":9,"enemies":"Exordium Wildlife","floor":13,"turns":3},{"damage":31,"enemies":"Slime Boss","floor":16,"turns":7},{"damage":10,"enemies":"Spheric Guardian","floor":18,"turns":3},{"damage":20,"enemies":"2 Thieves","floor":19,"turns":2},{"damage":31,"enemies":"Cultist and Chosen","floor":20,"turns":6},{"damage":6,"enemies":"3 Cultists","floor":22,"turns":5},{"damage":29,"enemies":"Chosen and Byrds","floor":25,"turns":4},{"damage":7,"enemies":"Centurion and Healer","floor":28,"turns":2},{"damage":12,"enemies":"Snake Plant","floor":29,"turns":3},{"damage":34,"enemies":"Collector","floor":33,"turns":6},{"damage":36,"enemies":"Orb Walker","floor":35,"turns":4},{"damage":0,"enemies":"3 Darklings","floor":39,"turns":1},{"damage":6,"enemies":"4 Shapes","floor":41,"turns":2},{"damage":40,"enemies":"2 Orb Walkers","floor":45,"turns":4},{"damage":52,"enemies":"Spire Growth","floor":47,"turns":5},{"damage":5,"enemies":"Sphere and 2 Shapes","floor":48,"turns":3},{"damage":70,"enemies":"Time Eater","floor":50,"turns":5}],"event_choices":[{"event_name":"Dead Adventurer","player_choice":"Searched \u00273\u0027 times","floor":7,"damage_taken":0},{"event_name":"Ghosts","player_choice":"Ignored","floor":24,"damage_taken":0},{"event_name":"The Woman in Blue","player_choice":"Bought 0 Potions","floor":31,"damage_taken":0},{"event_name":"SecretPortal","player_choice":"Rejected Portal.","floor":36,"damage_taken":0},{"event_name":"Tomb of Lord Red Mask","player_choice":"Ignored","floor":37,"damage_taken":0},{"event_name":"Golden Shrine","player_choice":"Pray","floor":44,"damage_taken":0}],"boss_relics":[{"not_picked":["Black Blood","Cursed Key"],"picked":"Velvet Choker"},{"not_picked":["Orrery","Black Star"],"picked":"Eternal Feather"}],"potions_floor_spawned":[1,5,7,8,13,16,20,22,28,41,45,47],"seed_played":"-2297850154397263906","killed_by":"Time Eater","ascension_level":0,"is_trial":false}