{"gold_per_floor":[112,127,127,141,203,238,238,266,319,349,361,372,18,48,48,150,150,169,269,26,40,55,86,96,123,150,175,201,236,236,236,236,336,386,403,403,403,403,149,149,161,47,47,47,59,74,74,94,94,94],"floor_reached":51,"playtime":3068,"items_purged":["Writhe"],"score":1016,"play_id":"e95ce917-9a56-425a-9d1e-4a32e43da356","local_time":"20190605163419","daily_mods":["SealedDeck","Colorless Cards","Binary"],"is_ascension_mode":true,"campfire_choices":[{"data":"Metallicize","floor":7.0,"key":"SMITH"},{"data":"Body Slam","floor":15.0,"key":"SMITH"},{"data":"Barricade","floor":32.0,"key":"SMITH"},{"data":"Discovery","floor":40,"key":"SMITH"},{"data":"Dramatic Entrance","floor":44,"key":"SMITH"},{"data":"Flash of Steel","floor":47,"key":"SMITH"},{"data":"Impervious","floor":49,"key":"SMITH"}],"neow_cost":"","seed_source_timestamp":0,"circlet_count":0,"master_deck":["Discovery+1","Pommel Strike","Clothesline","Body Slam+1","Iron Wave","Iron Wave","Shrug It Off","Bandage Up","Shrug It Off","Shrug It Off+1","Metallicize+1","Armaments+1","Flash of Steel+1","Impervious+1","Iron Wave","Combust","Barricade+1","Dramatic Entrance+1"],"special_seed":0,"relics":["Burning Blood","Bottled Tornado","PreservedInsect","Orichalcum","Nunchaku","Toxic Egg 2","Centennial Puzzle","Busted Crown","Oddly Smooth Stone","Pear","Self Forming Clay","Pen Nib","Magic Flower","Red Mask","Frozen Egg 2","MutagenicStrength","Tiny House","Potion Belt","Membership Card","Strawberry","Bottled Flame"],"potions_floor_usage":[45,50,50,50],"damage_taken":[{"damage":0.0,"enemies":"Cultist","floor":1.0,"turns":4.0},{"damage":0.0,"enemies":"Small Slimes","floor":2.0,"turns":4.0},{"damage":4.0,"enemies":"Jaw Worm","floor":4.0,"turns":3.0},{"damage":4.0,"enemies":"Gremlin Nob","floor":6.0,"turns":6.0},{"damage":1.0,"enemies":"3 Sentries","floor":8.0,"turns":8.0},{"damage":0.0,"enemies":"Gremlin Nob","floor":10.0,"turns":3.0},{"damage":6.0,"enemies":"Exordium Thugs","floor":11.0,"turns":5.0},{"damage":0.0,"enemies":"Red Slaver","floor":12.0,"turns":4.0},{"damage":3.0,"enemies":"3 Sentries","floor":14.0,"turns":3.0},{"damage":24.0,"enemies":"The Guardian","floor":16.0,"turns":10.0},{"damage":0.0,"enemies":"Spheric Guardian","floor":18.0,"turns":4.0},{"damage":11.0,"enemies":"2 Thieves","floor":21.0,"turns":4.0},{"damage":10.0,"enemies":"Shelled Parasite and Fungi","floor":22.0,"turns":4.0},{"damage":3.0,"enemies":"Book of Stabbing","floor":23.0,"turns":5.0},{"damage":7.0,"enemies":"Centurion and Healer","floor":24.0,"turns":5.0},{"damage":4.0,"enemies":"Gremlin Leader","floor":25.0,"turns":6.0},{"damage":31.0,"enemies":"Slavers","floor":27.0,"turns":5.0},{"damage":2.0,"enemies":"Masked Bandits","floor":28.0,"turns":2.0},{"damage":4.0,"enemies":"Gremlin Leader","floor":29.0,"turns":5.0},{"damage":7.0,"enemies":"Champ","floor":33.0,"turns":8.0},{"damage":28,"enemies":"3 Darklings","floor":35,"turns":5},{"damage":0,"enemies":"3 Shapes","floor":41,"turns":4},{"damage":23,"enemies":"Writhing Mass","floor":45,"turns":5},{"damage":1,"enemies":"Sphere and 2 Shapes","floor":46,"turns":4},{"damage":9,"enemies":"3 Darklings","floor":48,"turns":5},{"damage":0,"enemies":"Time Eater","floor":50,"turns":10}],"seed_played":"279366303318756492","potions_obtained":[{"floor":2.0,"key":"Regen Potion"},{"floor":10.0,"key":"SteroidPotion"},{"floor":14.0,"key":"GamblersBrew"},{"floor":16.0,"key":"SkillPotion"},{"floor":22.0,"key":"AttackPotion"},{"floor":24.0,"key":"GamblersBrew"},{"floor":25.0,"key":"EntropicBrew"},{"floor":27.0,"key":"AttackPotion"},{"floor":33.0,"key":"Strength Potion"},{"floor":34,"key":"Regen Potion"},{"floor":41,"key":"Strength Potion"}],"is_trial":true,"path_per_floor":["M","M","?","M","?","E","R","E","T","E","M","M","$","E","R","B",null,"M","?","$","M","M","E","M","E","T","E","?","E","?","?","R","B",null,"M","?","?","?","$","R","M","$","T","R","M","M","R","M","R","B",null],"character_chosen":"IRONCLAD","items_purchased":["Toxic Egg 2","Combust","BloodPotion","Oddly Smooth Stone","Dramatic Entrance","Membership Card","Strength Potion","LiquidBronze","Strawberry"],"campfire_rested":0,"item_purchase_floors":[13,13,13,20,20,39,39,42,42],"current_hp_per_floor":[80,80,80,80,80,80,80,80,80,80,80,80,80,80,80,68,80,80,80,80,79,80,90,90,90,90,80,90,90,90,90,90,90,95,85,85,95,95,95,95,95,102,102,102,94,102,102,102,102,102],"gold":94,"neow_bonus":"","is_prod":false,"is_daily":false,"chose_seed":false,"campfire_upgraded":7,"win_rate":0,"timestamp":1559748859,"path_taken":["M","?","?","M","?","E","R","E","T","E","M","M","$","E","R","BOSS","M","?","?","?","?","E","M","E","T","E","?","E","?","?","R","BOSS","M","?","?","?","$","R","M","$","T","R","?","M","R","M","R","BOSS"],"build_version":"2019-01-23","purchased_purges":1,"victory":true,"max_hp_per_floor":[80,80,80,80,80,80,80,80,80,80,80,80,80,80,80,80,80,80,80,80,80,80,90,90,90,90,90,90,90,90,90,90,90,95,95,95,95,95,95,95,95,102,102,102,102,102,102,102,102,102],"card_choices":[{"not_picked":["Twin Strike"],"picked":"Metallicize","floor":1.0},{"not_picked":["Sever Soul"],"picked":"Armaments","floor":2.0},{"not_picked":["Clash","Thunderclap"],"picked":"SKIP","floor":4.0},{"not_picked":["Intimidate"],"picked":"Flash of Steel","floor":6.0},{"not_picked":["Fire Breathing"],"picked":"Impervious","floor":8.0},{"not_picked":["Intimidate","Twin Strike"],"picked":"SKIP","floor":10.0},{"not_picked":["Clothesline","Dropkick"],"picked":"SKIP","floor":11.0},{"not_picked":["Clash"],"picked":"Iron Wave","floor":12.0},{"not_picked":["Cleave","Havoc+1"],"picked":"SKIP","floor":14.0},{"not_picked":["Panache"],"picked":"Barricade","floor":16.0}],"player_experience":755464,"relics_obtained":[{"floor":6.0,"key":"Bottled Tornado"},{"floor":8.0,"key":"PreservedInsect"},{"floor":9.0,"key":"Orichalcum"},{"floor":10.0,"key":"Nunchaku"},{"floor":14.0,"key":"Centennial Puzzle"},{"floor":23.0,"key":"Pear"},{"floor":25.0,"key":"Self Forming Clay"},{"floor":26.0,"key":"Pen Nib"},{"floor":27.0,"key":"Magic Flower"},{"floor":28.0,"key":"Red Mask"},{"floor":29.0,"key":"Frozen Egg 2"},{"floor":43,"key":"Bottled Flame"}],"event_choices":[{"damage_healed":0.0,"max_hp_gain":0.0,"max_hp_loss":0.0,"gold_gain":0.0,"event_name":"Living Wall","player_choice":"Grow","floor":3.0,"gold_loss":0.0,"damage_taken":0.0,"cards_upgraded":["Armaments"]},{"damage_healed":0.0,"max_hp_gain":0.0,"max_hp_loss":0.0,"gold_gain":62.0,"event_name":"Golden Wing","player_choice":"Gained Gold","floor":5.0,"gold_loss":0.0,"damage_taken":0.0},{"damage_healed":0.0,"max_hp_gain":0.0,"max_hp_loss":0.0,"gold_gain":100.0,"event_name":"Golden Shrine","player_choice":"Pray","floor":19.0,"gold_loss":0.0,"damage_taken":0.0},{"damage_healed":0.0,"max_hp_gain":0.0,"max_hp_loss":0.0,"gold_gain":0.0,"event_name":"Masked Bandits","player_choice":"Fought Bandits","floor":28.0,"gold_loss":0.0,"damage_taken":0.0},{"damage_healed":0.0,"max_hp_gain":0.0,"max_hp_loss":0.0,"gold_gain":0.0,"event_name":"Ghosts","player_choice":"Ignored","floor":30.0,"gold_loss":0.0,"damage_taken":0.0},{"damage_healed":0.0,"max_hp_gain":0.0,"max_hp_loss":0.0,"gold_gain":0.0,"event_name":"Drug Dealer","player_choice":"Inject Mutagens","floor":31.0,"gold_loss":0.0,"damage_taken":0.0,"relics_obtained":["MutagenicStrength"]},{"damage_healed":0,"gold_gain":0,"player_choice":"Ignored","damage_taken":0,"max_hp_gain":0,"max_hp_loss":0,"event_name":"Mysterious Sphere","floor":36,"gold_loss":0},{"damage_healed":24,"gold_gain":0,"player_choice":"Writhe","damage_taken":0,"max_hp_gain":0,"max_hp_loss":0,"event_name":"Winding Halls","floor":37,"gold_loss":0,"cards_obtained":["Writhe"]},{"damage_healed":0,"gold_gain":0,"player_choice":"Gave Potion","damage_taken":0,"relics_obtained":["Potion Belt"],"max_hp_gain":0,"max_hp_loss":0,"event_name":"WeMeetAgain","floor":38,"gold_loss":0}],"is_beta":false,"boss_relics":[{"not_picked":["Mark of Pain","Snecko Eye"],"picked":"Busted Crown"},{"not_picked":["Coffee Dripper","Astrolabe"],"picked":"Tiny House"}],"items_purged_floors":[39],"is_endless":false,"potions_floor_spawned":[2,10,14,16,22,24,25,27,33,35,41],"ascension_level":2}