{"gold_per_floor":[116,191,191,206,217,217,246,246,246,257,257,15,30,44,44,147,147,157,157,177,194,210,210,222,239,262,262,262,273,1,1,1,106,106,120,120,120,136,148,163,177,52,52,52,52,52,52,67,67,67],"floor_reached":51,"playtime":1663,"items_purged":[],"score":728,"play_id":"c2564ad2-1291-4f5e-812e-d8010685fe35","local_time":"20190521090111","is_ascension_mode":false,"campfire_choices":[{"data":"Clothesline","floor":6,"key":"SMITH"},{"data":"True Grit","floor":8,"key":"SMITH"},{"data":"Sword Boomerang","floor":11,"key":"SMITH"},{"data":"Offering","floor":15,"key":"SMITH"},{"data":"Barricade","floor":23,"key":"SMITH"},{"data":"Bash","floor":27,"key":"SMITH"},{"floor":32,"key":"REST"},{"data":"Inflame","floor":45,"key":"SMITH"},{"data":"Feel No Pain","floor":47,"key":"SMITH"},{"data":"Dual Wield","floor":49,"key":"SMITH"}],"neow_cost":"NONE","seed_source_timestamp":3783779681340,"circlet_count":0,"master_deck":["Bash+1","Clothesline+1","Shrug It Off","Sword Boomerang+1","True Grit+1","Offering+1","Feel No Pain+1","Barricade+1","Wild Strike","Necronomicurse","Evolve+1","Impervious","Injury","Whirlwind","Havoc","Double Tap","Bloodletting","Dual Wield+1","Sever Soul","Clothesline","Reaper","Exhume","Fiend Fire","Thunderclap+1","Seeing Red","Burning Pact+1","Body Slam+1","Inflame+1","Parasite"],"relics":["Burning Blood","Letter Opener","Vajra","Bottled Lightning","Cursed Key","Necronomicon","Centennial Puzzle","Mummified Hand","Pandora\u0027s Box","Paper Frog"],"potions_floor_usage":[12,18,33,33,35,40,40,50,50,50],"damage_taken":[{"damage":3,"enemies":"2 Louse","floor":1,"turns":3},{"damage":4,"enemies":"Jaw Worm","floor":4,"turns":5},{"damage":0,"enemies":"Small Slimes","floor":5,"turns":3},{"damage":39,"enemies":"Lagavulin","floor":7,"turns":9},{"damage":0,"enemies":"2 Fungi Beasts","floor":10,"turns":3},{"damage":6,"enemies":"Looter","floor":13,"turns":3},{"damage":8,"enemies":"Red Slaver","floor":14,"turns":3},{"damage":38,"enemies":"The Guardian","floor":16,"turns":13},{"damage":6,"enemies":"3 Byrds","floor":18,"turns":3},{"damage":3,"enemies":"Shell Parasite","floor":20,"turns":4},{"damage":12,"enemies":"Snake Plant","floor":21,"turns":4},{"damage":25,"enemies":"Sentry and Sphere","floor":22,"turns":6},{"damage":4,"enemies":"Snecko","floor":24,"turns":5},{"damage":23,"enemies":"3 Cultists","floor":25,"turns":4},{"damage":13,"enemies":"Snake Plant","floor":29,"turns":5},{"damage":6,"enemies":"Champ","floor":33,"turns":12},{"damage":0,"enemies":"3 Darklings","floor":35,"turns":2},{"damage":11,"enemies":"3 Shapes","floor":38,"turns":3},{"damage":33,"enemies":"3 Darklings","floor":39,"turns":4},{"damage":9,"enemies":"Jaw Worm Horde","floor":40,"turns":3},{"damage":6,"enemies":"Transient","floor":41,"turns":5},{"damage":21,"enemies":"Spire Growth","floor":48,"turns":3},{"damage":57,"enemies":"Time Eater","floor":50,"turns":11}],"seed_played":"2884071698961592103","potions_obtained":[{"floor":5,"key":"Explosive Potion"},{"floor":7,"key":"PowerPotion"},{"floor":13,"key":"Dexterity Potion"},{"floor":24,"key":"Energy Potion"},{"floor":25,"key":"GamblersBrew"},{"floor":33,"key":"Block Potion"},{"floor":35,"key":"EntropicBrew"},{"floor":41,"key":"Ancient Potion"}],"is_trial":false,"path_per_floor":["M","?","T","M","M","R","E","R","T","M","R","$","M","M","R","B",null,"M","?","M","M","M","R","M","M","T","R","?","M","$","?","R","B",null,"M","?","?","M","M","M","M","$","T","$","R","?","R","M","R","B",null],"character_chosen":"IRONCLAD","items_purchased":["Offering","Fruit Juice","Mummified Hand","Havoc","SteroidPotion","Inflame"],"campfire_rested":1,"item_purchase_floors":[12,12,30,30,42,42],"current_hp_per_floor":[80,69,69,71,77,77,44,44,44,50,50,55,55,53,53,21,85,85,69,72,66,47,47,49,32,32,32,32,25,25,9,36,36,90,90,90,90,90,68,90,90,90,90,90,90,85,85,70,70,39],"gold":67,"neow_bonus":"THREE_CARDS","is_prod":false,"is_daily":false,"chose_seed":false,"campfire_upgraded":9,"win_rate":0,"timestamp":1558396871,"path_taken":["M","?","?","M","M","R","E","R","T","M","R","?","M","M","R","BOSS","M","?","M","M","M","R","M","M","T","R","?","M","$","?","R","BOSS","M","?","?","?","M","M","M","$","T","?","R","?","R","M","R","BOSS"],"build_version":"2019-01-23","purchased_purges":0,"victory":true,"max_hp_per_floor":[80,80,80,80,80,80,80,80,80,80,80,85,85,85,85,85,85,85,85,85,85,85,85,85,85,85,85,85,85,85,90,90,90,90,90,90,90,90,90,90,90,90,90,90,90,85,85,85,85,85],"card_choices":[{"not_picked":["Heavy Blade","Fire Breathing"],"picked":"Clothesline","floor":0},{"not_picked":["Armaments","Bloodletting"],"picked":"Shrug It Off","floor":1},{"not_picked":["Fire Breathing","Warcry"],"picked":"Sword Boomerang","floor":4},{"not_picked":["Perfected Strike","Dropkick"],"picked":"True Grit","floor":5},{"not_picked":["Clothesline","Sword Boomerang","Heavy Blade"],"picked":"SKIP","floor":7},{"not_picked":["Cleave","Iron Wave","True Grit"],"picked":"SKIP","floor":10},{"not_picked":["Clash","Battle Trance"],"picked":"Feel No Pain","floor":13},{"not_picked":["Anger","Heavy Blade","Headbutt"],"picked":"SKIP","floor":14},{"not_picked":["Feed","Dark Embrace"],"picked":"Barricade","floor":16},{"not_picked":["Shrug It Off","Havoc"],"picked":"Wild Strike","floor":18},{"not_picked":["Clothesline+1","Thunderclap+1","Wild Strike+1"],"picked":"SKIP","floor":20},{"not_picked":["Havoc","Anger","Armaments"],"picked":"SKIP","floor":21},{"not_picked":["Havoc","Anger","Armaments"],"picked":"SKIP","floor":21},{"not_picked":["Brutality","Iron Wave","Shockwave"],"picked":"SKIP","floor":22},{"not_picked":["Intimidate","Armaments"],"picked":"Evolve+1","floor":24},{"not_picked":["Heavy Blade+1","Perfected Strike"],"picked":"Impervious","floor":25},{"not_picked":["Infernal Blade","Anger+1","Wild Strike+1"],"picked":"SKIP","floor":29},{"not_picked":["Feed","Juggernaut"],"picked":"Double Tap","floor":33},{"not_picked":["Headbutt+1","Disarm+1"],"picked":"Thunderclap+1","floor":35},{"not_picked":["Anger","Seeing Red","Intimidate+1"],"picked":"SKIP","floor":38},{"not_picked":["Shrug It Off","Perfected Strike"],"picked":"Burning Pact+1","floor":39},{"not_picked":["Clothesline+1","Pummel"],"picked":"Body Slam+1","floor":40},{"not_picked":["Dropkick+1","Thunderclap+1","Shrug It Off"],"picked":"SKIP","floor":41},{"not_picked":["Hemokinesis+1","Warcry+1","Headbutt+1"],"picked":"SKIP","floor":48}],"player_experience":1020898,"relics_obtained":[{"floor":3,"key":"Letter Opener"},{"floor":7,"key":"Vajra"},{"floor":9,"key":"Bottled Lightning"},{"floor":19,"key":"Necronomicon"},{"floor":26,"key":"Centennial Puzzle"},{"floor":43,"key":"Paper Frog"}],"event_choices":[{"damage_healed":0,"gold_gain":75,"player_choice":"Gather Gold","damage_taken":11,"max_hp_gain":0,"max_hp_loss":0,"event_name":"World of Goop","floor":2,"gold_loss":0},{"damage_healed":0,"gold_gain":0,"player_choice":"Obtained Book","damage_taken":16,"max_hp_gain":0,"max_hp_loss":0,"event_name":"Cursed Tome","floor":19,"gold_loss":0},{"damage_healed":0,"gold_gain":0,"player_choice":"Read","damage_taken":0,"max_hp_gain":0,"max_hp_loss":0,"event_name":"The Library","floor":28,"gold_loss":0,"cards_obtained":["Whirlwind"]},{"damage_healed":0,"gold_gain":0,"player_choice":"Shed Blood","damage_taken":21,"max_hp_gain":5,"max_hp_loss":0,"event_name":"Forgotten Altar","floor":31,"gold_loss":0},{"cards_removed":["Disarm"],"damage_healed":0,"gold_gain":0,"player_choice":"Removed Skill","damage_taken":0,"max_hp_gain":0,"max_hp_loss":0,"event_name":"Falling","floor":36,"gold_loss":0},{"damage_healed":0,"gold_gain":0,"cards_transformed":["Dual Wield"],"player_choice":"Transformed","damage_taken":0,"max_hp_gain":0,"max_hp_loss":0,"event_name":"Transmorgrifier","floor":37,"gold_loss":0,"cards_obtained":["Seeing Red"]},{"damage_healed":0,"gold_gain":0,"player_choice":"Max HP","damage_taken":0,"max_hp_gain":0,"max_hp_loss":5,"event_name":"Winding Halls","floor":46,"gold_loss":0}],"is_beta":false,"boss_relics":[{"not_picked":["Tiny House","Astrolabe"],"picked":"Cursed Key"},{"not_picked":["White Beast Statue","Velvet Choker"],"picked":"Pandora\u0027s Box"}],"items_purged_floors":[],"is_endless":false,"potions_floor_spawned":[5,7,13,24,25,33,35,41],"ascension_level":0}