{"gold_per_floor":[118,118,118,268,281,281,311,311,311,337,337],"floor_reached":11,"playtime":532,"items_purged":[],"score":154,"play_id":"8a9ce31b-8c93-4d73-85cd-0cbf872ef026","local_time":"20190523183341","is_ascension_mode":true,"campfire_choices":[{"data":"Malaise","floor":6.0,"key":"SMITH"},{"floor":8,"key":"REST"}],"neow_cost":"NONE","seed_source_timestamp":28306261180483,"circlet_count":0,"master_deck":["AscendersBane","Defend_G","Defend_G","Defend_G","Defend_G","Defend_G","Strike_G","Strike_G","Strike_G","Strike_G","Survivor","Neutralize","Malaise+1","Predator","Regret","Doubt","Cloak And Dagger","Deflect","Deadly Poison"],"special_seed":0,"relics":["Ring of the Snake","Snake Skull","Gremlin Horn","Shuriken","Blood Vial"],"potions_floor_usage":[7,10],"damage_taken":[{"damage":2.0,"enemies":"Jaw Worm","floor":1.0,"turns":7.0},{"damage":1.0,"enemies":"Small Slimes","floor":5.0,"turns":5.0},{"damage":33,"enemies":"3 Sentries","floor":7,"turns":13},{"damage":32,"enemies":"Lagavulin","floor":10,"turns":11},{"damage":6,"enemies":"2 Louse","floor":11,"turns":3}],"seed_played":"1692608037090389132","potions_obtained":[{"floor":5.0,"key":"Strength Potion"},{"floor":7,"key":"Poison Potion"}],"is_trial":false,"path_per_floor":["M","?","?","?","M","R","E","R","T","E","M"],"character_chosen":"THE_SILENT","items_purchased":[],"campfire_rested":1,"item_purchase_floors":[],"current_hp_per_floor":[57,50,50,50,49,49,16,35,35,3,0],"gold":337,"neow_bonus":"ONE_RANDOM_RARE_CARD","is_prod":false,"is_daily":false,"chose_seed":false,"campfire_upgraded":1,"win_rate":0,"timestamp":1558661621,"path_taken":["M","?","?","?","M","R","E","R","T","E","M"],"build_version":"2019-01-23","purchased_purges":0,"victory":false,"max_hp_per_floor":[66,66,66,66,66,66,66,66,66,66,66],"card_choices":[{"not_picked":["Blade Dance","Dodge and Roll"],"picked":"Predator","floor":1.0},{"not_picked":["Skewer","Dagger Throw"],"picked":"Cloak And Dagger","floor":5.0},{"not_picked":["Cloak And Dagger","Dodge and Roll"],"picked":"Deflect","floor":7},{"not_picked":["Quick Slash","PiercingWail"],"picked":"Deadly Poison","floor":10}],"player_experience":784406,"relics_obtained":[{"floor":7,"key":"Gremlin Horn"},{"floor":9,"key":"Shuriken"},{"floor":10,"key":"Blood Vial"}],"event_choices":[{"cards_removed":["Strike_G"],"damage_healed":0.0,"max_hp_gain":0.0,"max_hp_loss":0.0,"gold_gain":0.0,"event_name":"Golden Wing","player_choice":"Card Removal","floor":2.0,"gold_loss":0.0,"damage_taken":7.0},{"damage_healed":0.0,"max_hp_gain":0.0,"max_hp_loss":0.0,"gold_gain":0.0,"event_name":"Big Fish","player_choice":"Box","floor":3.0,"gold_loss":0.0,"damage_taken":0.0,"relics_obtained":["Snake Skull"],"cards_obtained":["Regret"]},{"damage_healed":0.0,"max_hp_gain":0.0,"max_hp_loss":0.0,"gold_gain":150.0,"event_name":"Liars Game","player_choice":"AGREE","floor":4.0,"gold_loss":0.0,"damage_taken":0.0,"cards_obtained":["Doubt"]}],"is_beta":false,"boss_relics":[],"items_purged_floors":[],"is_endless":false,"potions_floor_spawned":[5,7],"killed_by":"2 Louse","ascension_level":19}