{"gold_per_floor":[115,130,130,59,59,59,88,105,105,65,65,29,29,29,29,134,134,150,162,175,225,225,284,284,284,284,284,313,71,71,83,83,183,183,194,246,196,196,216,216,216,216,216,21,38,49,67,67,67,67],"floor_reached":51,"playtime":2056,"items_purged":["Inflame+1","Evolve"],"score":879,"play_id":"89d2b38b-eefa-43ce-ae1d-6692815d42a3","local_time":"20181028154708","daily_mods":["SealedDeck","Green Cards","Heirloom","Flight"],"is_ascension_mode":false,"campfire_choices":[{"data":"Inflame","floor":6.0,"key":"SMITH"},{"data":"Blade Dance","floor":11.0,"key":"SMITH"},{"data":"Cloak And Dagger","floor":13.0,"key":"SMITH"},{"data":"Uppercut","floor":15.0,"key":"SMITH"},{"data":"Heavy Blade","floor":25.0,"key":"SMITH"},{"data":"Bullet Time","floor":27.0,"key":"SMITH"},{"data":"Spot Weakness","floor":32.0,"key":"SMITH"},{"data":"Burst","floor":40.0,"key":"SMITH"},{"data":"Well Laid Plans","floor":41.0,"key":"SMITH"},{"data":"Blur","floor":42.0,"key":"SMITH"},{"floor":49.0,"key":"REST"}],"neow_cost":"","seed_source_timestamp":0,"circlet_count":0,"master_deck":["Armaments+1","Heel Hook+1","Well Laid Plans+1","Heavy Blade+1","Ghostly Armor+1","Cloak And Dagger+1","Shrug It Off+1","Uppercut+1","Blur+1","Blade Dance+1","Inflame+1","Footwork+1","Bullet Time+1","Spot Weakness+1","Burst+1","Corpse Explosion+1"],"special_seed":0,"relics":["Black Blood","Ginger","Frozen Egg 2","Pear","Black Star","Smiling Mask","Tiny Chest","Meat on the Bone","Lantern","Regal Pillow","Bronze Scales","Mummified Hand","Nunchaku","Singing Bowl","Mark of the Bloom"],"potions_floor_usage":[50,50,50,50,50],"damage_taken":[{"damage":0.0,"enemies":"2 Louse","floor":1.0,"turns":3.0},{"damage":1.0,"enemies":"Cultist","floor":2.0,"turns":3.0},{"damage":0.0,"enemies":"Lagavulin","floor":7.0,"turns":8.0},{"damage":2.0,"enemies":"Small Slimes","floor":8.0,"turns":4.0},{"damage":27.0,"enemies":"Hexaghost","floor":16.0,"turns":7.0},{"damage":18.0,"enemies":"3 Byrds","floor":18.0,"turns":6.0},{"damage":1.0,"enemies":"Chosen","floor":19.0,"turns":5.0},{"damage":6.0,"enemies":"Centurion and Healer","floor":20.0,"turns":5.0},{"damage":14.0,"enemies":"Colosseum Slavers","floor":22.0,"turns":3.0},{"damage":20.0,"enemies":"Book of Stabbing","floor":23.0,"turns":5.0},{"damage":38.0,"enemies":"Slavers","floor":28.0,"turns":5.0},{"damage":0.0,"enemies":"Chosen and Byrds","floor":31.0,"turns":4.0},{"damage":7.0,"enemies":"Collector","floor":33.0,"turns":9.0},{"damage":0.0,"enemies":"3 Shapes","floor":35.0,"turns":3.0},{"damage":42.0,"enemies":"2 Orb Walkers","floor":36.0,"turns":5.0},{"damage":0.0,"enemies":"Orb Walker","floor":39.0,"turns":3.0},{"damage":7.0,"enemies":"Sphere and 2 Shapes","floor":45.0,"turns":5.0},{"damage":16.0,"enemies":"Maw","floor":46.0,"turns":5.0},{"damage":0.0,"enemies":"Transient","floor":47.0,"turns":5.0},{"damage":43,"enemies":"Awakened One","floor":50,"turns":9}],"seed_played":"-2926720647599932811","potions_obtained":[{"floor":2.0,"key":"SpeedPotion"},{"floor":7.0,"key":"EntropicBrew"},{"floor":19.0,"key":"Energy Potion"},{"floor":31.0,"key":"Strength Potion"},{"floor":45.0,"key":"AttackPotion"}],"is_trial":true,"path_per_floor":["M","M","?","$","?","R","E","M","T","$","R","$","R","$","R","B",null,"M","M","M","?","?","E","T","R","T","R","E","$","?","M","R","B",null,"M","?","$","?","M","R","R","R","T","$","M","M","M","?","R","B"],"character_chosen":"IRONCLAD","items_purchased":["Blur","Inflame+1","Footwork+1","Mummified Hand","Corpse Explosion"],"campfire_rested":1,"item_purchase_floors":[4,10,12,29,44],"current_hp_per_floor":[80,80,80,80,80,80,80,80,90,90,90,90,90,90,90,69,90,78,83,83,83,75,61,61,61,61,61,41,41,41,59,59,58,90,90,58,58,58,68,68,68,68,68,68,73,69,81,81,81,38],"gold":67,"neow_bonus":"","is_prod":false,"is_daily":false,"chose_seed":false,"campfire_upgraded":10,"win_rate":0,"timestamp":1540709228,"path_taken":["M","M","?","$","?","R","E","?","T","$","R","?","R","?","R","BOSS","M","?","?","?","?","E","?","R","T","R","E","$","?","?","R","BOSS","M","?","$","?","M","R","R","R","T","$","M","M","?","?","R","BOSS"],"build_version":"2018-10-25v2","purchased_purges":2,"victory":true,"max_hp_per_floor":[80,80,80,80,80,80,80,80,90,90,90,90,90,90,90,90,90,90,90,90,90,90,90,90,90,90,90,90,90,90,90,90,90,90,90,90,90,90,90,90,90,90,90,90,92,94,96,96,96,96],"card_choices":[{"not_picked":["Outmaneuver","Setup","Slice"],"picked":"SKIP","floor":1.0},{"not_picked":["Slice","Predator"],"picked":"Accuracy","floor":2.0},{"not_picked":["Warcry","Dash","Iron Wave"],"picked":"SKIP","floor":7.0},{"not_picked":["Blur","Infernal Blade"],"picked":"Blade Dance","floor":8.0},{"not_picked":["Envenom+1","Reaper"],"picked":"Bullet Time","floor":16.0},{"not_picked":["Twin Strike","Deadly Poison","Blood for Blood+1"],"picked":"SKIP","floor":18.0},{"not_picked":["True Grit+1","Dagger Throw","Carnage+1"],"picked":"SKIP","floor":19.0},{"not_picked":["Pummel","Flying Knee","Deadly Poison"],"picked":"SKIP","floor":20.0},{"not_picked":["Pummel","Flying Knee","Deadly Poison"],"picked":"SKIP","floor":20.0},{"not_picked":["Flying Knee","A Thousand Cuts+1","Wild Strike"],"picked":"SKIP","floor":23.0},{"not_picked":["Poisoned Stab","Masterful Stab","Tactician"],"picked":"SKIP","floor":28.0},{"not_picked":["Flex","Deadly Poison","Sword Boomerang"],"picked":"SKIP","floor":31.0},{"not_picked":["Reaper","Venomology"],"picked":"Burst","floor":33.0},{"not_picked":["Pummel","Footwork+1","Bane"],"picked":"SKIP","floor":35.0},{"not_picked":["Pummel","Footwork+1","Bane"],"picked":"SKIP","floor":35.0},{"not_picked":["Inflame+1","Twin Strike","Blade Dance+1"],"picked":"SKIP","floor":39.0},{"not_picked":["Underhanded Strike+1","Bloodletting","Twin Strike+1"],"picked":"Singing Bowl","floor":45.0},{"not_picked":["Shrug It Off+1","Acrobatics","Backstab+1"],"picked":"Singing Bowl","floor":46.0},{"not_picked":["Dropkick+1","Anger+1","Feel No Pain+1"],"picked":"Singing Bowl","floor":47.0}],"player_experience":215116,"relics_obtained":[{"floor":7.0,"key":"Frozen Egg 2"},{"floor":9.0,"key":"Pear"},{"floor":23.0,"key":"Smiling Mask"},{"floor":23.0,"key":"Tiny Chest"},{"floor":24.0,"key":"Meat on the Bone"},{"floor":26.0,"key":"Lantern"},{"floor":28.0,"key":"Regal Pillow"},{"floor":28.0,"key":"Bronze Scales"},{"floor":36.0,"key":"Nunchaku"},{"floor":43.0,"key":"Singing Bowl"}],"event_choices":[{"cards_removed":["Accuracy"],"damage_healed":0.0,"max_hp_gain":0.0,"max_hp_loss":0.0,"gold_gain":0.0,"event_name":"Bonfire Elementals","player_choice":"Offered Uncommon","floor":3.0,"gold_loss":0.0,"damage_taken":0.0},{"damage_healed":0.0,"max_hp_gain":0.0,"max_hp_loss":0.0,"gold_gain":0.0,"event_name":"Living Wall","player_choice":"Grow","floor":5.0,"gold_loss":0.0,"damage_taken":0.0,"cards_upgraded":["Armaments"]},{"damage_healed":0.0,"max_hp_gain":0.0,"max_hp_loss":0.0,"gold_gain":100.0,"event_name":"The Joust","player_choice":"Bet on Murderer","floor":21.0,"gold_loss":50.0,"damage_taken":0.0},{"damage_healed":0.0,"max_hp_gain":0.0,"max_hp_loss":0.0,"gold_gain":0.0,"event_name":"Colosseum","player_choice":"Fight","floor":22.0,"gold_loss":0.0,"damage_taken":0.0},{"damage_healed":0.0,"max_hp_gain":0.0,"max_hp_loss":0.0,"gold_gain":0.0,"event_name":"Colosseum","player_choice":"Fled From Nobs","floor":22.0,"gold_loss":0.0,"damage_taken":0.0},{"damage_healed":0.0,"max_hp_gain":0.0,"max_hp_loss":0.0,"gold_gain":0.0,"event_name":"Colosseum","player_choice":"Fled From Nobs","floor":22.0,"gold_loss":0.0,"damage_taken":0.0},{"damage_healed":0.0,"max_hp_gain":0.0,"max_hp_loss":0.0,"gold_gain":0.0,"event_name":"The Library","player_choice":"Read","floor":30.0,"gold_loss":0.0,"damage_taken":0.0,"cards_obtained":["Spot Weakness"]},{"damage_healed":0.0,"max_hp_gain":0.0,"max_hp_loss":0.0,"gold_gain":0.0,"event_name":"Mysterious Sphere","player_choice":"Fight","floor":36.0,"gold_loss":0.0,"damage_taken":0.0},{"damage_healed":0.0,"max_hp_gain":0.0,"max_hp_loss":0.0,"gold_gain":0.0,"event_name":"Tomb of Lord Red Mask","player_choice":"Ignored","floor":38.0,"gold_loss":0.0,"damage_taken":0.0},{"damage_healed":0.0,"max_hp_gain":0.0,"max_hp_loss":0.0,"gold_gain":0.0,"event_name":"MindBloom","player_choice":"Upgrade","floor":48.0,"gold_loss":0.0,"damage_taken":0.0,"cards_upgraded":["Heel Hook","Ghostly Armor","Shrug It Off","Corpse Explosion"],"relics_obtained":["Mark of the Bloom"]}],"is_beta":false,"boss_relics":[{"not_picked":["Empty Cage","Cursed Key"],"picked":"Black Star"},{"not_picked":["Lizard Tail","Calling Bell"],"picked":"Black Blood"}],"items_purged_floors":[37,44],"is_endless":false,"potions_floor_spawned":[2,7,19,22,23,31,39,45],"ascension_level":0}