{"gold_per_floor":[117,117,117,132,207,232,232,232,232,157,168,200,215,231,231,231],"floor_reached":16,"playtime":706,"items_purged":["Regret"],"score":270,"play_id":"dac5830b-1c34-47ed-b3f2-1c54f01d3003","local_time":"20190530022709","is_ascension_mode":true,"campfire_choices":[{"data":"Bullet Time","floor":8.0,"key":"SMITH"},{"floor":15,"key":"REST"}],"neow_cost":"NONE","seed_source_timestamp":30970790214420,"circlet_count":0,"master_deck":["AscendersBane","Defend_G","Defend_G","Defend_G","Defend_G","Defend_G","Strike_G","Strike_G","Strike_G","Strike_G","Survivor","Neutralize+1","Dagger Throw","Bullet Time+1","Acrobatics","Crippling Poison","Deflect","Footwork"],"special_seed":0,"relics":["Ring of the Snake","NeowsBlessing","Regal Pillow","PreservedInsect","Dodecahedron","Blue Candle"],"potions_floor_usage":[12,13],"damage_taken":[{"damage":0.0,"enemies":"Cultist","floor":1.0,"turns":1.0},{"damage":0.0,"enemies":"Jaw Worm","floor":4.0,"turns":1.0},{"damage":0.0,"enemies":"Gremlin Nob","floor":6.0,"turns":1.0},{"damage":2.0,"enemies":"2 Louse","floor":11.0,"turns":3.0},{"damage":20,"enemies":"3 Sentries","floor":12,"turns":12},{"damage":11,"enemies":"Large Slime","floor":13,"turns":10},{"damage":6,"enemies":"Lots of Slimes","floor":14,"turns":5},{"damage":43,"enemies":"Hexaghost","floor":16,"turns":14}],"seed_played":"-984071472501747677","potions_obtained":[{"floor":1.0,"key":"SkillPotion"},{"floor":11,"key":"EssenceOfSteel"},{"floor":12,"key":"Energy Potion"}],"is_trial":false,"path_per_floor":["M","?","?","M","?","E","?","R","T","$","M","E","M","M","R","B"],"character_chosen":"THE_SILENT","items_purchased":[],"campfire_rested":1,"item_purchase_floors":[],"current_hp_per_floor":[59,59,52,52,41,41,41,41,41,41,39,19,8,2,36,0],"gold":231,"neow_bonus":"THREE_ENEMY_KILL","is_prod":false,"is_daily":false,"chose_seed":false,"campfire_upgraded":1,"win_rate":0,"timestamp":1559208429,"path_taken":["M","?","?","M","?","E","?","R","T","?","M","E","?","M","R","BOSS"],"build_version":"2019-01-23","purchased_purges":1,"victory":false,"max_hp_per_floor":[66,66,66,66,66,66,66,66,66,66,66,66,66,66,66,66],"card_choices":[{"not_picked":["Choke","Deadly Poison"],"picked":"Dagger Throw","floor":1.0},{"not_picked":["Catalyst","PiercingWail","Underhanded Strike"],"picked":"SKIP","floor":4.0},{"not_picked":["Bane","Blade Dance"],"picked":"Bullet Time","floor":6.0},{"not_picked":["Outmaneuver","Prepared"],"picked":"Acrobatics","floor":11},{"not_picked":["Underhanded Strike","Prepared"],"picked":"Crippling Poison","floor":12},{"not_picked":["Bane","Catalyst"],"picked":"Deflect","floor":13},{"not_picked":["Tactician","Well Laid Plans"],"picked":"Footwork","floor":14}],"player_experience":813031,"relics_obtained":[{"floor":6.0,"key":"Regal Pillow"},{"floor":9.0,"key":"Dodecahedron"},{"floor":12,"key":"Blue Candle"}],"event_choices":[{"damage_healed":0.0,"max_hp_gain":0.0,"max_hp_loss":0.0,"gold_gain":0.0,"event_name":"Living Wall","player_choice":"Grow","floor":2.0,"gold_loss":0.0,"damage_taken":0.0,"cards_upgraded":["Neutralize"]},{"cards_removed":["Strike_G"],"damage_healed":0.0,"max_hp_gain":0.0,"max_hp_loss":0.0,"gold_gain":0.0,"event_name":"Golden Wing","player_choice":"Card Removal","floor":3.0,"gold_loss":0.0,"damage_taken":7.0},{"damage_healed":0.0,"max_hp_gain":0.0,"max_hp_loss":0.0,"gold_gain":75.0,"event_name":"World of Goop","player_choice":"Gather Gold","floor":5.0,"gold_loss":0.0,"damage_taken":11.0},{"damage_healed":0.0,"max_hp_gain":0.0,"max_hp_loss":0.0,"gold_gain":0.0,"event_name":"Big Fish","player_choice":"Box","floor":7.0,"gold_loss":0.0,"damage_taken":0.0,"relics_obtained":["PreservedInsect"],"cards_obtained":["Regret"]}],"is_beta":false,"boss_relics":[],"items_purged_floors":[10],"is_endless":false,"potions_floor_spawned":[1,11,12],"killed_by":"Hexaghost","ascension_level":20}