{"gold_per_floor":[115,132,132,147,147,147,178,197,197,222,240,15,15,44,44,147,147,163,175,175,50,64,64,75,75,101,136,136,148,148,168,168,272,272,289,46,46,46,64,84,84,84,111,143,158,170,170,270,270,270],"floor_reached":51,"playtime":3223,"items_purged":["Shame","Strike_R"],"score":855,"play_id":"5005c1dc-73ef-4a30-a86f-eda30ccda107","local_time":"20190604190356","is_ascension_mode":true,"campfire_choices":[{"data":"Pommel Strike","floor":6,"key":"SMITH"},{"data":"Shockwave","floor":13,"key":"SMITH"},{"data":"Reaper","floor":15,"key":"SMITH"},{"data":"True Grit","floor":23,"key":"SMITH"},{"data":"Demon Form","floor":25,"key":"SMITH"},{"data":"Body Slam","floor":30,"key":"SMITH"},{"data":"Feed","floor":32,"key":"SMITH"},{"data":"Armaments","floor":41,"key":"SMITH"},{"data":"Barricade","floor":42,"key":"SMITH"},{"data":"Battle Trance","floor":47,"key":"SMITH"},{"data":"Sentinel","floor":49,"key":"SMITH"}],"neow_cost":"CURSE","seed_source_timestamp":48068442268870,"circlet_count":0,"master_deck":["Strike_R+1","Strike_R","Strike_R+1","Defend_R","Defend_R+1","Defend_R+1","Bash","Pommel Strike+1","Battle Trance+1","Headbutt","Sentinel+1","Impervious","Disarm","Shockwave+1","Pommel Strike","Reaper+1","Demon Form+1","Warcry","Feed+1","True Grit+1","True Grit+1","Inflame","Demon Form+1","Body Slam+1","Iron Wave+1","Barricade+1","Reckless Charge+1","Good Instincts","Armaments+1","Shrug It Off","Impervious"],"relics":["Burning Blood","Unceasing Top","Thread and Needle","Question Card","Pear","Bronze Scales","Boot","Philosopher\u0027s Stone","Potion Belt","WingedGreaves","Coffee Dripper","ClockworkSouvenir","Whetstone","Bottled Tornado","FossilizedHelix"],"potions_floor_usage":[10,11,14,16,16,19,27,31,33,50,50,50,50],"damage_taken":[{"damage":0,"enemies":"Small Slimes","floor":1,"turns":3},{"damage":6,"enemies":"Cultist","floor":2,"turns":3},{"damage":0,"enemies":"2 Louse","floor":4,"turns":3},{"damage":34,"enemies":"Lagavulin","floor":7,"turns":6},{"damage":0,"enemies":"Blue Slaver","floor":8,"turns":5},{"damage":2,"enemies":"3 Sentries","floor":10,"turns":9},{"damage":0,"enemies":"Exordium Thugs","floor":11,"turns":6},{"damage":4,"enemies":"Lagavulin","floor":14,"turns":7},{"damage":10,"enemies":"The Guardian","floor":16,"turns":14},{"damage":29,"enemies":"2 Thieves","floor":18,"turns":4},{"damage":26,"enemies":"3 Byrds","floor":19,"turns":3},{"damage":0,"enemies":"Snecko","floor":22,"turns":4},{"damage":14,"enemies":"Sentry and Sphere","floor":24,"turns":6},{"damage":58,"enemies":"Slavers","floor":27,"turns":4},{"damage":21,"enemies":"3 Cultists","floor":29,"turns":5},{"damage":6,"enemies":"Snecko","floor":31,"turns":5},{"damage":68,"enemies":"Automaton","floor":33,"turns":11},{"damage":9,"enemies":"Orb Walker","floor":35,"turns":6},{"damage":37,"enemies":"3 Darklings","floor":39,"turns":5},{"damage":14,"enemies":"Writhing Mass","floor":40,"turns":6},{"damage":0,"enemies":"Nemesis","floor":44,"turns":7},{"damage":0,"enemies":"Spire Growth","floor":45,"turns":4},{"damage":2,"enemies":"Sphere and 2 Shapes","floor":46,"turns":6},{"damage":20,"enemies":"Mind Bloom Boss Battle","floor":48,"turns":6},{"damage":0,"enemies":"Time Eater","floor":50,"turns":7}],"seed_played":"1530406133217967284","potions_obtained":[{"floor":1,"key":"Block Potion"},{"floor":7,"key":"BloodPotion"},{"floor":8,"key":"PowerPotion"},{"floor":10,"key":"Dexterity Potion"},{"floor":14,"key":"SteroidPotion"},{"floor":16,"key":"Poison Potion"},{"floor":18,"key":"Explosive Potion"},{"floor":27,"key":"GamblersBrew"},{"floor":29,"key":"Dexterity Potion"},{"floor":35,"key":"SkillPotion"},{"floor":45,"key":"Weak Potion"},{"floor":46,"key":"FearPotion"}],"is_trial":false,"path_per_floor":["M","M","?","M","?","R","E","M","T","E","M","$","R","E","R","B",null,"M","M","?","$","M","R","M","R","T","E","?","M","R","M","R","B",null,"M","$","?","?","M","M","R","R","T","E","M","M","R","?","R","B",null],"character_chosen":"IRONCLAD","items_purchased":["Bronze Scales","True Grit","ClockworkSouvenir","SkillPotion"],"campfire_rested":0,"item_purchase_floors":[12,21,36,36],"current_hp_per_floor":[80,80,64,70,70,70,42,48,48,62,77,77,77,79,79,85,90,75,55,55,55,71,71,74,74,74,46,46,82,82,82,82,42,99,96,96,96,96,65,57,57,57,57,68,86,94,94,103,103,103],"gold":270,"neow_bonus":"ONE_RARE_RELIC","is_prod":false,"is_daily":false,"chose_seed":false,"campfire_upgraded":11,"win_rate":0,"timestamp":1559671436,"path_taken":["M","M","?","M","?","R","E","M","T","E","M","$","R","E","R","BOSS","M","M","?","$","M","R","M","R","T","E","?","M","R","?","R","BOSS","M","$","?","?","?","M","R","R","T","E","M","M","R","?","R","BOSS"],"build_version":"2019-01-23","purchased_purges":2,"victory":true,"max_hp_per_floor":[80,80,80,80,80,80,80,80,80,90,90,90,90,90,90,90,90,90,90,90,90,93,93,96,96,96,96,96,99,99,99,99,99,99,99,99,99,99,99,99,99,99,99,99,99,103,103,103,103,103],"card_choices":[{"not_picked":["Searing Blow","Headbutt"],"picked":"Pommel Strike","floor":1},{"not_picked":["Sword Boomerang","Burning Pact"],"picked":"Battle Trance","floor":2},{"not_picked":["Feel No Pain","Rupture"],"picked":"Headbutt","floor":4},{"not_picked":["Hemokinesis","Perfected Strike"],"picked":"Impervious","floor":7},{"not_picked":["Uppercut","Cleave"],"picked":"Disarm","floor":8},{"not_picked":["True Grit","Whirlwind","Burning Pact"],"picked":"Shockwave","floor":10},{"not_picked":["Twin Strike","Rupture","Iron Wave"],"picked":"Pommel Strike","floor":11},{"not_picked":["Hemokinesis","Clothesline","Pommel Strike"],"picked":"Reaper","floor":14},{"not_picked":["Offering","Dark Embrace","Juggernaut"],"picked":"Demon Form","floor":16},{"not_picked":["Sentinel","Dropkick+1","Perfected Strike"],"picked":"Warcry","floor":18},{"not_picked":["Pommel Strike","Anger","Iron Wave"],"picked":"Feed","floor":19},{"not_picked":["Searing Blow","Iron Wave","Rampage"],"picked":"True Grit+1","floor":22},{"not_picked":["Intimidate","Second Wind+1","Havoc"],"picked":"Inflame","floor":24},{"not_picked":["Twin Strike+1","Sever Soul+1","Dual Wield+1","Fire Breathing"],"picked":"SKIP","floor":27},{"not_picked":["Havoc","Headbutt","Cleave"],"picked":"Body Slam","floor":29},{"not_picked":["Hemokinesis","Dual Wield","Infernal Blade"],"picked":"Iron Wave+1","floor":31},{"not_picked":["Brutality","Bludgeon","Exhume"],"picked":"Barricade","floor":33},{"not_picked":["Pommel Strike+1","Twin Strike","Wild Strike+1"],"picked":"Reckless Charge+1","floor":35},{"not_picked":["Rage+1","True Grit+1","Flex"],"picked":"Armaments","floor":39},{"not_picked":["Ghostly Armor+1","Clothesline+1","Warcry+1"],"picked":"Shrug It Off","floor":40},{"not_picked":["Fire Breathing","Anger+1","True Grit+1"],"picked":"Impervious","floor":44},{"not_picked":["Headbutt","Cleave","Carnage","True Grit+1"],"picked":"SKIP","floor":45},{"not_picked":["Clothesline+1","Iron Wave+1","Havoc","Infernal Blade"],"picked":"SKIP","floor":46}],"player_experience":749810,"relics_obtained":[{"floor":7,"key":"Thread and Needle"},{"floor":9,"key":"Question Card"},{"floor":10,"key":"Pear"},{"floor":14,"key":"Boot"},{"floor":26,"key":"Potion Belt"},{"floor":27,"key":"WingedGreaves"},{"floor":43,"key":"Whetstone"},{"floor":44,"key":"Bottled Tornado"},{"floor":48,"key":"FossilizedHelix"}],"event_choices":[{"damage_healed":0,"gold_gain":0,"player_choice":"Entered Light","damage_taken":16,"max_hp_gain":0,"max_hp_loss":0,"event_name":"Shining Light","floor":3,"gold_loss":0,"cards_upgraded":["Defend_R","Defend_R"]},{"damage_healed":0,"gold_gain":0,"cards_transformed":["Defend_R"],"player_choice":"Transformed","damage_taken":0,"max_hp_gain":0,"max_hp_loss":0,"event_name":"Transmorgrifier","floor":5,"gold_loss":0,"cards_obtained":["Sentinel"]},{"cards_removed":["Strike_R"],"damage_healed":0,"gold_gain":0,"player_choice":"Elegance","damage_taken":0,"max_hp_gain":0,"max_hp_loss":0,"event_name":"Back to Basics","floor":20,"gold_loss":0},{"damage_healed":0,"gold_gain":0,"player_choice":"Copied","damage_taken":0,"max_hp_gain":0,"max_hp_loss":0,"event_name":"Duplicator","floor":28,"gold_loss":0,"cards_obtained":["Demon Form"]},{"damage_healed":0,"gold_gain":0,"player_choice":"Ignored","damage_taken":0,"max_hp_gain":0,"max_hp_loss":0,"event_name":"Mysterious Sphere","floor":37,"gold_loss":0},{"damage_healed":0,"gold_gain":0,"player_choice":"1 cards matched","damage_taken":0,"max_hp_gain":0,"max_hp_loss":0,"event_name":"Match and Keep!","floor":38,"gold_loss":0,"cards_obtained":["Good Instincts"]},{"damage_healed":0,"gold_gain":0,"player_choice":"Fight","damage_taken":0,"max_hp_gain":0,"max_hp_loss":0,"event_name":"MindBloom","floor":48,"gold_loss":0}],"is_beta":false,"boss_relics":[{"not_picked":["Astrolabe","Snecko Eye"],"picked":"Philosopher\u0027s Stone"},{"not_picked":["Black Blood","Cursed Key"],"picked":"Coffee Dripper"}],"items_purged_floors":[12,21],"is_endless":false,"potions_floor_spawned":[1,7,8,10,14,16,18,27,29,35,45,46],"ascension_level":1}