{"gold_per_floor":[109,259,276,276,35,35,67,67,117,117,131,145,145,164,194,268,268,284,264,284,297,297,297,16,16,43,68,83,83,116,133,133,133],"floor_reached":33,"playtime":1482,"items_purged":["Doubt"],"score":620,"play_id":"31e73615-77b6-49a2-945c-d79779864179","local_time":"20190527212826","is_ascension_mode":true,"campfire_choices":[{"data":"Deflect","floor":6.0,"key":"SMITH"},{"data":"Neutralize","floor":8.0,"key":"SMITH"},{"floor":13.0,"key":"DIG"},{"floor":15.0,"key":"DIG"},{"floor":23,"key":"DIG"},{"floor":25,"key":"DIG"},{"floor":29,"key":"REST"},{"floor":32,"key":"REST"}],"neow_cost":"NONE","seed_source_timestamp":35481686919383,"circlet_count":0,"master_deck":["AscendersBane","Defend_G+1","Defend_G+1","Defend_G+1","Defend_G+1","Defend_G+1","Strike_G+1","Strike_G+1","Strike_G+1","Strike_G+1","Strike_G+1","Survivor","Neutralize+1","Deflect+1","Deadly Poison","Quick Slash+1","Cloak And Dagger","Outmaneuver","Die Die Die","Sucker Punch+1","Escape Plan","Crippling Poison","Backflip+1","Noxious Fumes","Setup+1","Sucker Punch","Crippling Poison","Cloak And Dagger"],"special_seed":0,"relics":["Ring of the Serpent","NeowsBlessing","Vajra","Oddly Smooth Stone","Regal Pillow","Pen Nib","Shovel","Whetstone","Tiny Chest","Blood Vial","Paper Crane","The Specimen","Dream Catcher","Potion Belt","Anchor"],"potions_floor_usage":[21,27,30,33],"damage_taken":[{"damage":0.0,"enemies":"2 Louse","floor":1.0,"turns":1.0},{"damage":0.0,"enemies":"Jaw Worm","floor":3.0,"turns":1.0},{"damage":0.0,"enemies":"Lagavulin","floor":7.0,"turns":1.0},{"damage":3.0,"enemies":"Small Slimes","floor":11.0,"turns":3.0},{"damage":1.0,"enemies":"Red Slaver","floor":12.0,"turns":4.0},{"damage":2.0,"enemies":"Blue Slaver","floor":14.0,"turns":4.0},{"damage":31.0,"enemies":"Hexaghost","floor":16.0,"turns":10.0},{"damage":10.0,"enemies":"Spheric Guardian","floor":18.0,"turns":4.0},{"damage":2.0,"enemies":"2 Thieves","floor":20.0,"turns":4.0},{"damage":16,"enemies":"Snake Plant","floor":21,"turns":5},{"damage":16,"enemies":"Gremlin Leader","floor":27,"turns":10},{"damage":0,"enemies":"Snecko","floor":28,"turns":5},{"damage":26,"enemies":"Slavers","floor":30,"turns":8},{"damage":23,"enemies":"Chosen and Byrds","floor":31,"turns":6},{"damage":79,"enemies":"Automaton","floor":33,"turns":12}],"seed_played":"-6027253068439678238","potions_obtained":[{"floor":7.0,"key":"LiquidBronze"},{"floor":14.0,"key":"EssenceOfSteel"},{"floor":16.0,"key":"Swift Potion"},{"floor":18.0,"key":"SpeedPotion"},{"floor":19.0,"key":"LiquidBronze"},{"floor":21,"key":"PowerPotion"},{"floor":28,"key":"GhostInAJar"},{"floor":31,"key":"Energy Potion"}],"is_trial":false,"path_per_floor":["M","?","M","?","$","R","E","R","T","?","M","M","R","M","R","B",null,"M","?","M","M","?","R","$","R","T","E","M","R","E","M","R","B"],"character_chosen":"THE_SILENT","items_purchased":["Oddly Smooth Stone","Paper Crane"],"campfire_rested":2,"item_purchase_floors":[5,24],"current_hp_per_floor":[59,59,59,54,54,54,54,54,54,54,51,50,50,48,48,17,54,44,44,42,26,26,26,26,26,26,12,14,48,24,3,37,0],"gold":133,"neow_bonus":"THREE_ENEMY_KILL","is_prod":false,"is_daily":false,"chose_seed":false,"campfire_upgraded":2,"win_rate":0,"timestamp":1559017706,"path_taken":["M","?","M","?","?","R","E","R","T","?","?","M","R","M","R","BOSS","M","?","?","M","?","R","?","R","T","E","?","R","E","M","R","BOSS"],"build_version":"2019-01-23","purchased_purges":1,"victory":false,"max_hp_per_floor":[66,66,66,66,66,66,66,66,66,66,66,66,66,66,66,66,66,66,66,66,66,66,66,66,66,66,66,66,66,66,66,66,66],"card_choices":[{"not_picked":["Outmaneuver","Concentrate"],"picked":"Deflect","floor":1.0},{"not_picked":["Bane","Choke"],"picked":"Deadly Poison","floor":3.0},{"not_picked":["Heel Hook","Bouncing Flask"],"picked":"Caltrops","floor":7.0},{"not_picked":["PiercingWail","Sucker Punch"],"picked":"Quick Slash","floor":11.0},{"not_picked":["Dagger Spray","Underhanded Strike"],"picked":"Cloak And Dagger","floor":12.0},{"not_picked":["Prepared","Phantasmal Killer"],"picked":"Outmaneuver","floor":14.0},{"not_picked":["Doppelganger","Unload"],"picked":"Die Die Die","floor":16.0},{"not_picked":["Flying Knee","Prepared"],"picked":"Sucker Punch+1","floor":18.0},{"not_picked":["Deflect","Bouncing Flask"],"picked":"Escape Plan","floor":20.0},{"not_picked":["Poisoned Stab","Caltrops"],"picked":"Crippling Poison","floor":21},{"not_picked":["Expertise","Well Laid Plans"],"picked":"Backflip+1","floor":27},{"not_picked":["Choke","Expertise"],"picked":"Noxious Fumes","floor":28},{"not_picked":["Calculated Gamble","Accuracy"],"picked":"Setup+1","floor":29},{"not_picked":["Tactician","Infinite Blades"],"picked":"Sucker Punch","floor":30},{"not_picked":["Dagger Throw+1","Dodge and Roll"],"picked":"Crippling Poison","floor":31},{"not_picked":["Noxious Fumes","Outmaneuver"],"picked":"Cloak And Dagger","floor":32}],"player_experience":808003,"relics_obtained":[{"floor":7.0,"key":"Regal Pillow"},{"floor":9.0,"key":"Pen Nib"},{"floor":13.0,"key":"Whetstone"},{"floor":15.0,"key":"Tiny Chest"},{"floor":23,"key":"Blood Vial"},{"floor":25,"key":"The Specimen"},{"floor":26,"key":"Dream Catcher"},{"floor":27,"key":"Potion Belt"},{"floor":30,"key":"Anchor"}],"event_choices":[{"damage_healed":0.0,"max_hp_gain":0.0,"max_hp_loss":0.0,"gold_gain":150.0,"event_name":"Liars Game","player_choice":"AGREE","floor":2.0,"gold_loss":0.0,"damage_taken":0.0,"cards_obtained":["Doubt"]},{"damage_healed":0.0,"max_hp_gain":0.0,"max_hp_loss":0.0,"gold_gain":0.0,"event_name":"Scrap Ooze","player_choice":"Success","floor":4.0,"gold_loss":0.0,"damage_taken":5.0,"relics_obtained":["Vajra"]},{"cards_removed":["Caltrops"],"damage_healed":0.0,"max_hp_gain":0.0,"max_hp_loss":0.0,"gold_gain":0.0,"event_name":"WeMeetAgain","player_choice":"Gave Card","floor":10.0,"gold_loss":0.0,"damage_taken":0.0,"relics_obtained":["Shovel"]},{"damage_healed":0.0,"max_hp_gain":0.0,"max_hp_loss":0.0,"gold_gain":0.0,"event_name":"The Woman in Blue","player_choice":"Bought 1 Potion","floor":19.0,"gold_loss":0.0,"damage_taken":0.0},{"damage_healed":0,"gold_gain":0,"player_choice":"Simplicity","damage_taken":0,"max_hp_gain":0,"max_hp_loss":0,"event_name":"Back to Basics","floor":22,"gold_loss":0,"cards_upgraded":["Defend_G","Defend_G","Defend_G","Defend_G","Defend_G","Strike_G","Strike_G","Strike_G","Strike_G"]}],"is_beta":false,"boss_relics":[{"not_picked":["White Beast Statue","Pandora\u0027s Box"],"picked":"Ring of the Serpent"}],"items_purged_floors":[5],"is_endless":false,"potions_floor_spawned":[7,14,16,18,21,28,31],"killed_by":"Automaton","ascension_level":20}