{"gold_per_floor":[116,132,152,102,102,129,129,148,203,219,219,252,265,276,276,379,379,398,414,430,443,460,460,460,486,486,502,514,529,529,65,65,65],"floor_reached":33,"playtime":1346,"items_purged":["Strike_R"],"score":285,"play_id":"5330b392-15b6-4547-bc8c-830f25ab654a","local_time":"20190606114321","is_ascension_mode":false,"campfire_choices":[{"data":"Bash","floor":7.0,"key":"SMITH"},{"data":"Carnage","floor":11.0,"key":"SMITH"},{"data":"Feed","floor":15.0,"key":"SMITH"},{"data":"True Grit","floor":23.0,"key":"SMITH"},{"data":"Bludgeon","floor":30.0,"key":"SMITH"},{"data":"Burning Pact","floor":32.0,"key":"SMITH"}],"neow_cost":"NONE","seed_source_timestamp":6498753978489,"circlet_count":0,"master_deck":["Strike_R","Strike_R","Defend_R","Defend_R","Defend_R","Defend_R","Bash+1","Ghostly Armor","Cleave","Headbutt","Blizzard","Carnage+1","Heavy Blade","Body Slam","Iron Wave","Feed+1","Bludgeon+1","Inflame","Iron Wave+1","True Grit+1","Battle Trance","Combust","Reaper","Burning Pact+1","Immolate"],"special_seed":0,"relics":["Burning Blood","NeowsBlessing","Meat on the Bone","Happy Flower","Bag of Marbles","Mark of Pain","Letter Opener","Paper Frog","Gremlin Horn"],"potions_floor_usage":[33,33],"damage_taken":[{"damage":0.0,"enemies":"Cultist","floor":1.0,"turns":1.0},{"damage":0.0,"enemies":"Jaw Worm","floor":2.0,"turns":1.0},{"damage":0.0,"enemies":"2 Louse","floor":3.0,"turns":1.0},{"damage":21.0,"enemies":"3 Sentries","floor":6.0,"turns":12.0},{"damage":12.0,"enemies":"Blue Slaver","floor":8.0,"turns":4.0},{"damage":6.0,"enemies":"Exordium Wildlife","floor":10.0,"turns":5.0},{"damage":31.0,"enemies":"Lagavulin","floor":12.0,"turns":5.0},{"damage":0.0,"enemies":"Looter","floor":13.0,"turns":2.0},{"damage":9.0,"enemies":"2 Fungi Beasts","floor":14.0,"turns":2.0},{"damage":51.0,"enemies":"Slime Boss","floor":16.0,"turns":14.0},{"damage":5.0,"enemies":"2 Thieves","floor":18.0,"turns":2.0},{"damage":0.0,"enemies":"Spheric Guardian","floor":19.0,"turns":3.0},{"damage":14.0,"enemies":"Chosen and Byrds","floor":20.0,"turns":5.0},{"damage":15.0,"enemies":"Snake Plant","floor":21.0,"turns":3.0},{"damage":28.0,"enemies":"Shelled Parasite and Fungi","floor":22.0,"turns":5.0},{"damage":26.0,"enemies":"Slavers","floor":25.0,"turns":5.0},{"damage":12.0,"enemies":"3 Cultists","floor":27.0,"turns":4.0},{"damage":8.0,"enemies":"Snecko","floor":28.0,"turns":3.0},{"damage":17.0,"enemies":"Sentry and Sphere","floor":29.0,"turns":5.0},{"damage":62,"enemies":"Champ","floor":33,"turns":7}],"seed_played":"-534841224831524481","potions_obtained":[{"floor":1.0,"key":"SpeedPotion"},{"floor":3.0,"key":"AttackPotion"},{"floor":10.0,"key":"LiquidBronze"},{"floor":12.0,"key":"Dexterity Potion"},{"floor":21.0,"key":"PowerPotion"},{"floor":22.0,"key":"SneckoOil"},{"floor":25.0,"key":"Energy Potion"},{"floor":27.0,"key":"Swift Potion"},{"floor":29.0,"key":"LiquidBronze"}],"is_trial":false,"path_per_floor":["M","M","M","?","?","E","R","M","T","M","R","E","M","M","R","B",null,"M","M","M","M","M","R","?","E","T","M","M","M","R","$","R","B"],"character_chosen":"IRONCLAD","items_purchased":["Gremlin Horn","Immolate"],"campfire_rested":0,"item_purchase_floors":[31,31],"current_hp_per_floor":[80,80,80,80,80,65,65,59,59,59,59,46,52,49,49,20,84,84,84,76,67,57,57,41,37,37,55,53,54,54,54,54,0],"gold":65,"neow_bonus":"THREE_ENEMY_KILL","is_prod":false,"is_daily":false,"chose_seed":false,"campfire_upgraded":6,"win_rate":0,"timestamp":1559817801,"path_taken":["M","M","M","?","?","E","R","M","T","M","R","E","M","?","R","BOSS","M","M","M","M","M","R","?","E","T","M","M","M","R","$","R","BOSS"],"build_version":"2019-01-23","purchased_purges":1,"victory":false,"max_hp_per_floor":[80,80,80,80,80,80,80,80,80,80,80,80,80,80,80,84,84,84,84,84,84,84,84,89,93,93,93,93,93,93,93,93,93],"card_choices":[{"not_picked":["Twin Strike","Bloodletting"],"picked":"Ghostly Armor","floor":1.0},{"not_picked":["Headbutt","Heavy Blade"],"picked":"Cleave","floor":2.0},{"not_picked":["Flex","Wild Strike"],"picked":"Headbutt","floor":3.0},{"not_picked":["Warcry","Brutality"],"picked":"Carnage","floor":6.0},{"not_picked":["Perfected Strike","Warcry"],"picked":"Heavy Blade","floor":8.0},{"not_picked":["Perfected Strike","Wild Strike","Bloodletting"],"picked":"SKIP","floor":10.0},{"not_picked":["Thunderclap","Havoc"],"picked":"Body Slam","floor":12.0},{"not_picked":["Havoc","Twin Strike"],"picked":"Iron Wave","floor":13.0},{"not_picked":["Shockwave","Pommel Strike"],"picked":"Feed","floor":14.0},{"not_picked":["Double Tap","Berserk"],"picked":"Bludgeon","floor":16.0},{"not_picked":["Heavy Blade","Thunderclap"],"picked":"Inflame","floor":18.0},{"not_picked":["Dual Wield","Flex"],"picked":"Iron Wave+1","floor":19.0},{"not_picked":["Battle Trance","Clash"],"picked":"True Grit","floor":20.0},{"not_picked":["Intimidate","Sword Boomerang"],"picked":"Battle Trance","floor":21.0},{"not_picked":["Anger","Rupture"],"picked":"Combust","floor":22.0},{"not_picked":["Searing Blow","Warcry"],"picked":"Reaper","floor":25.0},{"not_picked":["Wild Strike+1","Bloodletting","Havoc"],"picked":"SKIP","floor":27.0},{"not_picked":["Anger","Sword Boomerang"],"picked":"Burning Pact","floor":28.0},{"not_picked":["Perfected Strike+1","Havoc","Headbutt+1"],"picked":"SKIP","floor":29.0}],"player_experience":763846,"relics_obtained":[{"floor":6.0,"key":"Meat on the Bone"},{"floor":9.0,"key":"Happy Flower"},{"floor":12.0,"key":"Bag of Marbles"},{"floor":25.0,"key":"Letter Opener"},{"floor":26.0,"key":"Paper Frog"}],"event_choices":[{"cards_removed":["Strike_R"],"damage_healed":0.0,"max_hp_gain":0.0,"max_hp_loss":0.0,"gold_gain":0.0,"event_name":"The Cleric","player_choice":"Card Removal","floor":4.0,"gold_loss":50.0,"damage_taken":0.0},{"cards_removed":["Strike_R"],"damage_healed":0.0,"max_hp_gain":0.0,"max_hp_loss":0.0,"gold_gain":0.0,"event_name":"NoteForYourself","player_choice":"Took Card","floor":5.0,"gold_loss":0.0,"damage_taken":0.0,"cards_obtained":["Blizzard"]},{"damage_healed":0.0,"max_hp_gain":5.0,"max_hp_loss":0.0,"gold_gain":0.0,"event_name":"Forgotten Altar","player_choice":"Shed Blood","floor":24.0,"gold_loss":0.0,"damage_taken":21.0}],"is_beta":false,"boss_relics":[{"not_picked":["Snecko Eye","Orrery"],"picked":"Mark of Pain"}],"items_purged_floors":[31],"is_endless":false,"potions_floor_spawned":[1,3,10,12,21,22,25,27,29],"killed_by":"Champ","ascension_level":0}