{"gold_per_floor":[109,259,259,284,304,304,335,335,335,353,384,54,80,97,97,97],"floor_reached":16,"playtime":462,"items_purged":[],"score":236,"play_id":"dae63b28-4f88-4d7f-b8bb-99028c537050","local_time":"20190525204325","is_ascension_mode":true,"campfire_choices":[{"data":"Zap","floor":6,"key":"SMITH"},{"floor":8,"key":"REST"},{"floor":15,"key":"REST"}],"neow_cost":"NONE","seed_source_timestamp":17616432844462,"circlet_count":0,"master_deck":["AscendersBane","Strike_B","Strike_B","Strike_B","Strike_B","Defend_B","Defend_B","Defend_B","Defend_B","Zap+1","Dualcast+1","Cold Snap","Doubt","Ball Lightning","White Noise","Gash","White Noise","Cold Snap","Loop"],"relics":["Cracked Core","Darkstone Periapt","Anchor","Bronze Scales","Shuriken","Shovel","Mercury Hourglass","Juzu Bracelet"],"potions_floor_usage":[7,11,13,14],"damage_taken":[{"damage":2,"enemies":"Jaw Worm","floor":1,"turns":4},{"damage":0,"enemies":"Small Slimes","floor":5,"turns":2},{"damage":26,"enemies":"Lagavulin","floor":7,"turns":5},{"damage":0,"enemies":"2 Louse","floor":10,"turns":2},{"damage":30,"enemies":"Gremlin Nob","floor":11,"turns":4},{"damage":13,"enemies":"3 Sentries","floor":13,"turns":5},{"damage":0,"enemies":"Blue Slaver","floor":14,"turns":2},{"damage":0,"enemies":"Hexaghost","floor":16,"turns":2}],"seed_played":"2595946612959751326","potions_obtained":[{"floor":5,"key":"AttackPotion"},{"floor":11,"key":"Fruit Juice"},{"floor":13,"key":"Weak Potion"},{"floor":14,"key":"Strength Potion"}],"is_trial":false,"path_per_floor":["M","?","?","T","M","R","E","R","T","M","E","$","E","M","R","B"],"character_chosen":"DEFECT","items_purchased":["Dexterity Potion","Mercury Hourglass"],"campfire_rested":2,"item_purchase_floors":[12,12],"current_hp_per_floor":[62,62,44,44,44,44,18,39,39,39,14,14,1,1,23,23],"gold":97,"neow_bonus":"UPGRADE_CARD","is_prod":false,"is_daily":false,"chose_seed":false,"campfire_upgraded":1,"win_rate":0,"timestamp":1558842205,"path_taken":["M","?","?","?","M","R","E","R","T","M","E","?","E","M","R","BOSS"],"build_version":"2019-01-23","purchased_purges":0,"victory":false,"max_hp_per_floor":[71,71,71,71,71,71,71,71,71,71,76,76,76,76,76,76],"card_choices":[{"not_picked":["Chaos","Turbo"],"picked":"Cold Snap","floor":1},{"not_picked":["Redo","Steam Power"],"picked":"Ball Lightning","floor":5},{"not_picked":["Streamline","Go for the Eyes"],"picked":"White Noise","floor":7},{"not_picked":["Loop","Thunder Strike"],"picked":"Gash","floor":10},{"not_picked":["Rebound","Coolheaded"],"picked":"White Noise","floor":11},{"not_picked":["Steam Power","Redo"],"picked":"Cold Snap","floor":13},{"not_picked":["Redo","Lockon"],"picked":"Loop","floor":14}],"player_experience":797126,"relics_obtained":[{"floor":4,"key":"Anchor"},{"floor":7,"key":"Bronze Scales"},{"floor":9,"key":"Shuriken"},{"floor":11,"key":"Shovel"},{"floor":13,"key":"Juzu Bracelet"}],"event_choices":[{"damage_healed":0,"gold_gain":150,"player_choice":"AGREE","damage_taken":0,"max_hp_gain":0,"max_hp_loss":0,"event_name":"Liars Game","floor":2,"gold_loss":0,"cards_obtained":["Doubt"]},{"damage_healed":0,"gold_gain":0,"player_choice":"Success","damage_taken":18,"relics_obtained":["Darkstone Periapt"],"max_hp_gain":0,"max_hp_loss":0,"event_name":"Scrap Ooze","floor":3,"gold_loss":0}],"is_beta":false,"boss_relics":[],"items_purged_floors":[],"is_endless":false,"potions_floor_spawned":[5,11,13,14],"killed_by":"Hexaghost","ascension_level":20}