{"gold_per_floor":[115,126,126,140,140,169,169,169,169,202,202,232,232,250,250,325,325,340,340,340,340,360,387,387,419,419,419,449,461,498,510,522,534],"floor_reached":33,"playtime":2199,"items_purged":[],"score":688,"play_id":"cd99f00f-00cd-4112-9ad1-8a3d6749a115","local_time":"20190525194917","is_ascension_mode":true,"campfire_choices":[{"floor":8.0,"key":"REST"},{"data":"Dualcast","floor":11.0,"key":"SMITH"},{"data":"Zap","floor":13.0,"key":"SMITH"},{"data":"White Noise","floor":15.0,"key":"SMITH"},{"floor":24.0,"key":"REST"},{"floor":29.0,"key":"REST"},{"data":"Force Field","floor":32,"key":"SMITH"}],"neow_cost":"NONE","seed_source_timestamp":12246002688591,"circlet_count":0,"master_deck":["AscendersBane","Defend_B","Defend_B","Defend_B","Zap+1","Dualcast+1","Rebound","White Noise+1","Compile Driver","Auto Shields","Storm+1","Self Repair+1","Seek","Reboot+1","Scrape","Force Field+1","Glacier","Heatsinks+1","BootSequence+1","Storm+1"],"special_seed":0,"relics":["Cracked Core","Frozen Egg 2","Juzu Bracelet","Omamori","Ancient Tea Set","Ornamental Fan","Cursed Key","Question Card","StoneCalendar","Mummified Hand","MawBank","Toxic Egg 2"],"potions_floor_usage":[],"damage_taken":[{"damage":7.0,"enemies":"Small Slimes","floor":1.0,"turns":3.0},{"damage":1.0,"enemies":"Cultist","floor":2.0,"turns":4.0},{"damage":7.0,"enemies":"Jaw Worm","floor":4.0,"turns":3.0},{"damage":24.0,"enemies":"3 Sentries","floor":6.0,"turns":7.0},{"damage":9.0,"enemies":"Lagavulin","floor":10.0,"turns":7.0},{"damage":19.0,"enemies":"3 Sentries","floor":12.0,"turns":6.0},{"damage":2.0,"enemies":"Large Slime","floor":14.0,"turns":5.0},{"damage":21.0,"enemies":"The Guardian","floor":16.0,"turns":13.0},{"damage":25.0,"enemies":"Shell Parasite","floor":18.0,"turns":5.0},{"damage":11.0,"enemies":"2 Thieves","floor":22.0,"turns":4.0},{"damage":38.0,"enemies":"Gremlin Leader","floor":23.0,"turns":10.0},{"damage":37.0,"enemies":"Slavers","floor":25.0,"turns":6.0},{"damage":0.0,"enemies":"Shelled Parasite and Fungi","floor":28.0,"turns":7.0},{"damage":0,"enemies":"Gremlin Leader","floor":30,"turns":6},{"damage":80,"enemies":"Automaton","floor":33,"turns":14}],"seed_played":"50863783322043482","potions_obtained":[{"floor":2.0,"key":"LiquidBronze"},{"floor":14.0,"key":"SteroidPotion"},{"floor":23.0,"key":"Explosive Potion"}],"is_trial":false,"path_per_floor":["M","M","?","M","T","E","?","R","T","E","R","E","R","M","R","B",null,"M","?","?","?","M","E","R","E","T","T","M","R","E","?","R","B"],"character_chosen":"DEFECT","items_purchased":[],"campfire_rested":3,"item_purchase_floors":[],"current_hp_per_floor":[64,63,63,56,56,32,32,55,55,46,46,37,37,45,45,34,67,52,52,52,52,51,23,46,19,19,19,29,52,62,62,62,0],"gold":534,"neow_bonus":"TEN_PERCENT_HP_BONUS","is_prod":false,"is_daily":false,"chose_seed":false,"campfire_upgraded":4,"win_rate":0,"timestamp":1558838957,"path_taken":["M","M","?","?","?","E","?","R","T","E","R","E","R","M","R","BOSS","M","?","?","?","M","E","R","E","T","?","M","R","E","?","R","BOSS"],"build_version":"2019-01-23","purchased_purges":0,"victory":false,"max_hp_per_floor":[78,78,78,78,78,78,78,78,78,78,78,78,78,78,78,78,78,78,78,78,78,78,78,78,78,78,78,78,78,78,78,78,78],"card_choices":[{"not_picked":["Stack","Turbo"],"picked":"Rebound","floor":1.0},{"not_picked":["Conserve Battery","Streamline"],"picked":"White Noise","floor":2.0},{"not_picked":["Rebound","BootSequence"],"picked":"Auto Shields","floor":4.0},{"not_picked":["Doom and Gloom","Turbo"],"picked":"Storm+1","floor":6.0},{"not_picked":["Sunder","Steam Power"],"picked":"Self Repair+1","floor":10.0},{"not_picked":["Streamline","Leap"],"picked":"Seek","floor":12.0},{"not_picked":["Reinforced Body","Ball Lightning","Turbo"],"picked":"SKIP","floor":14.0},{"not_picked":["Seek","All For One"],"picked":"Reboot","floor":16.0},{"not_picked":["Hologram","Reprogram","Gash"],"picked":"SKIP","floor":18.0},{"not_picked":["Gash","Tempest"],"picked":"Glacier","floor":22.0},{"not_picked":["Gash","Lockon"],"picked":"Heatsinks+1","floor":23.0},{"not_picked":["Coolheaded","Ball Lightning+1","Glacier"],"picked":"BootSequence+1","floor":25.0},{"not_picked":["Compile Driver","Redo","Double Energy","Beam Cell"],"picked":"SKIP","floor":28.0},{"not_picked":["Stack+1","Go for the Eyes","Chaos"],"picked":"Storm+1","floor":30}],"player_experience":794927,"relics_obtained":[{"floor":5.0,"key":"Frozen Egg 2"},{"floor":6.0,"key":"Juzu Bracelet"},{"floor":9.0,"key":"Omamori"},{"floor":10.0,"key":"Ancient Tea Set"},{"floor":12.0,"key":"Ornamental Fan"},{"floor":23.0,"key":"Question Card"},{"floor":25.0,"key":"StoneCalendar"},{"floor":26.0,"key":"Mummified Hand"},{"floor":27.0,"key":"MawBank"},{"floor":30,"key":"Toxic Egg 2"}],"event_choices":[{"damage_healed":0.0,"max_hp_gain":0.0,"max_hp_loss":0.0,"gold_gain":0.0,"cards_transformed":["Strike_B"],"event_name":"Transmorgrifier","player_choice":"Transformed","floor":3.0,"gold_loss":0.0,"damage_taken":0.0,"cards_obtained":["Compile Driver"]},{"cards_removed":["Strike_B"],"damage_healed":0.0,"max_hp_gain":0.0,"max_hp_loss":0.0,"gold_gain":0.0,"event_name":"Bonfire Elementals","player_choice":"Offered Basic","floor":7.0,"gold_loss":0.0,"damage_taken":0.0},{"damage_healed":0.0,"max_hp_gain":0.0,"max_hp_loss":0.0,"gold_gain":0.0,"cards_transformed":["Strike_B","Strike_B"],"event_name":"Drug Dealer","player_choice":"Became Test Subject","floor":19.0,"gold_loss":0.0,"damage_taken":0.0,"cards_obtained":["Scrape","Force Field"]},{"cards_removed":["Defend_B"],"damage_healed":0.0,"max_hp_gain":0.0,"max_hp_loss":0.0,"gold_gain":0.0,"event_name":"Purifier","player_choice":"Purged","floor":20.0,"gold_loss":0.0,"damage_taken":0.0},{"damage_healed":0.0,"max_hp_gain":0.0,"max_hp_loss":0.0,"gold_gain":0.0,"event_name":"Upgrade Shrine","player_choice":"Upgraded","floor":21.0,"gold_loss":0.0,"damage_taken":0.0,"cards_upgraded":["Reboot"]},{"damage_healed":0,"gold_gain":0,"player_choice":"Ignored","damage_taken":0,"max_hp_gain":0,"max_hp_loss":0,"event_name":"Ghosts","floor":31,"gold_loss":0}],"is_beta":false,"boss_relics":[{"not_picked":["Black Star","Runic Dome"],"picked":"Cursed Key"}],"items_purged_floors":[],"is_endless":false,"potions_floor_spawned":[2,14,23],"killed_by":"Automaton","ascension_level":20}