{"path_per_floor":["M","?","$","M","?","E","M","R","T","M","E","$","M","M","R","B",null,"M","M","$","?","?","R","M","M","T","M","M","$","R","M","R","B",null,"M","$","?","M","M","R","$","M","T","R","M","?","?","M","R"],"character_chosen":"IRONCLAD","items_purchased":["Dream Catcher","Armaments","Battle Trance","Flex","Clash","Dramatic Entrance","Regen Potion","Anger","Flex","Clash","Purity","Flex"],"gold_per_floor":[216,466,131,150,150,179,189,189,238,256,290,82,102,118,118,214,244,261,276,77,77,103,103,116,127,151,169,187,10,10,21,21,120,120,136,40,40,60,76,76,30,44,68,68,82,82,304,314,314,314],"floor_reached":50,"campfire_rested":5,"playtime":2046,"current_hp_per_floor":[78,78,78,80,73,35,41,65,65,69,36,36,43,49,80,25,85,62,53,53,53,52,52,32,26,26,30,15,15,55,55,85,30,85,68,68,68,73,73,73,73,75,75,75,52,73,73,51,85,0],"items_purged":["Regret","Defend_R","Strike_R"],"gold":314,"score":583,"play_id":"5688a245-1d32-45ba-85ff-c8152ef6bdce","local_time":"20180509172534","is_prod":false,"is_daily":false,"chose_seed":false,"is_ascension_mode":false,"campfire_upgraded":3,"timestamp":1525854334,"path_taken":["M","?","$","M","?","E","?","R","T","M","E","$","M","M","R","BOSS","M","M","$","?","?","R","M","M","T","?","M","?","R","M","R","BOSS","M","$","?","M","M","R","$","M","T","R","M","?","?","M","R","BOSS"],"build_version":"2018-05-07","seed_source_timestamp":17033175789985,"purchased_purges":3,"victory":false,"master_deck":["Strike_R","Strike_R+1","Strike_R","Defend_R","Defend_R","Defend_R","Bash","Thunderclap","Armaments","Battle Trance","Warcry","Flex","Perfected Strike","Flex","Clash","Dramatic Entrance","Seeing Red+1","Flex","Clash","Twin Strike","Anger+1","Flex","Anger+1","Anger+1","Clash","Flex","Demon Form","Clash+1","Flex","Anger","Purity","Dramatic Entrance","Fire Breathing+1","Flex","Clash","Writhe","Flex"],"max_hp_per_floor":[80,80,80,80,80,80,80,80,80,80,80,80,80,80,80,80,85,85,85,85,85,85,85,85,85,85,85,85,85,85,85,85,85,85,85,85,85,85,85,85,85,85,85,85,85,85,85,85,85,85],"relics":["Burning Blood","Dream Catcher","Bag of Marbles","Regal Pillow","Unceasing Top","Tiny House","Red Mask","Bronze Scales","Orrery","Prayer Wheel"],"card_choices":[{"not_picked":["Havoc","Carnage"],"picked":"Thunderclap","floor":1},{"not_picked":["Armaments","Bloodletting"],"picked":"Warcry","floor":4},{"not_picked":["Seeing Red","Uppercut"],"picked":"Flex","floor":6},{"not_picked":["Sever Soul","Hemokinesis"],"picked":"Perfected Strike","floor":8},{"not_picked":["Body Slam","Second Wind"],"picked":"Seeing Red","floor":14},{"not_picked":["Battle Trance","Iron Wave"],"picked":"Flex","floor":17},{"not_picked":["Armaments","Burning Pact"],"picked":"Clash","floor":18},{"not_picked":["Rupture","Armaments"],"picked":"Twin Strike","floor":19},{"not_picked":["Hemokinesis","Shrug It Off"],"picked":"Anger","floor":25},{"not_picked":["Twin Strike","Flame Barrier"],"picked":"Anger","floor":28},{"not_picked":["Clothesline","Sword Boomerang"],"picked":"Flex","floor":32},{"not_picked":["Reaper","Impervious"],"picked":"Demon Form","floor":33},{"not_picked":["Dropkick","Thunderclap"],"picked":"Clash","floor":34},{"not_picked":["Heavy Blade","Wild Strike"],"picked":"Flex","floor":34},{"not_picked":["Power Through","Havoc"],"picked":"Anger","floor":34},{"not_picked":["Havoc","Sentinel"],"picked":"Fire Breathing","floor":39},{"not_picked":["Thunderclap","Sentinel"],"picked":"Clash","floor":42},{"not_picked":["Battle Trance","Combust"],"picked":"Flex","floor":48}],"player_experience":33823,"potions_floor_usage":[13,13,16,33,33,33,50],"damage_taken":[{"damage":8,"enemies":"Jaw Worm","floor":1,"turns":4},{"damage":1,"enemies":"Cultist","floor":4,"turns":3},{"damage":44,"enemies":"3 Sentries","floor":6,"turns":9},{"damage":0,"enemies":"2 Louse","floor":7,"turns":2},{"damage":2,"enemies":"2 Fungi Beasts","floor":10,"turns":3},{"damage":39,"enemies":"Lagavulin","floor":11,"turns":6},{"damage":10,"enemies":"Looter","floor":13,"turns":2},{"damage":0,"enemies":"Blue Slaver","floor":14,"turns":2},{"damage":61,"enemies":"The Guardian","floor":16,"turns":9},{"damage":29,"enemies":"3 Byrds","floor":18,"turns":7},{"damage":15,"enemies":"2 Thieves","floor":19,"turns":3},{"damage":7,"enemies":"가면 도적단","floor":22,"turns":3},{"damage":26,"enemies":"Snake Plant","floor":24,"turns":3},{"damage":12,"enemies":"3 Cultists","floor":25,"turns":3},{"damage":2,"enemies":"Chosen and Byrds","floor":27,"turns":2},{"damage":21,"enemies":"Snake Plant","floor":28,"turns":3},{"damage":6,"enemies":"3 Cultists","floor":31,"turns":3},{"damage":61,"enemies":"Champ","floor":33,"turns":7},{"damage":23,"enemies":"Flame Bruiser 1 Orb","floor":35,"turns":3},{"damage":1,"enemies":"3 Shapes","floor":38,"turns":2},{"damage":6,"enemies":"3 Darklings","floor":39,"turns":2},{"damage":4,"enemies":"Flame Bruiser 2 Orb","floor":42,"turns":4},{"damage":29,"enemies":"Sphere and 2 Shapes","floor":45,"turns":4},{"damage":28,"enemies":"Spire Growth","floor":48,"turns":3},{"damage":88,"enemies":"Awakened One","floor":50,"turns":5}],"event_choices":[{"event_name":"Golden Shrine","player_choice":"Desecrate","floor":2,"damage_taken":0},{"event_name":"Golden Wing","player_choice":"Card Removal","floor":5,"damage_taken":0},{"event_name":"Vampires","player_choice":"Ignored","floor":21,"damage_taken":0},{"event_name":"Masked Bandits","player_choice":"Fought over 77 gold","floor":22,"damage_taken":0},{"event_name":"Duplicator","player_choice":"One dupe","floor":37,"damage_taken":0},{"event_name":"Winding Halls","player_choice":"Writhe","floor":46,"damage_taken":0},{"event_name":"Tomb of Lord Red Mask","player_choice":"Wore Mask","floor":47,"damage_taken":0}],"boss_relics":[{"not_picked":["Mark of Pain","Lizard Tail"],"picked":"Tiny House"},{"not_picked":["Velvet Choker","Runic Pyramid"],"picked":"Orrery"}],"potions_floor_spawned":[7,10,11,14,19,22,28,31,33,38,39,42],"seed_played":"-2556821276363524958","killed_by":"Awakened One","ascension_level":0,"is_trial":false}