{"gold_per_floor":[118,13,13,13,28,84,105,135,135,135,168,185,208,223,223,223],"floor_reached":16,"playtime":605,"items_purged":[],"score":272,"play_id":"18d0745d-59f0-4c7e-893e-c0bbacc71ad1","local_time":"20190423231917","is_ascension_mode":true,"campfire_choices":[{"data":"Neutralize","floor":10,"key":"SMITH"},{"data":"Deflect","floor":15,"key":"SMITH"}],"neow_cost":"NONE","seed_source_timestamp":4037731795970,"circlet_count":0,"master_deck":["AscendersBane","Defend_G","Defend_G","Defend_G","Defend_G","Defend_G","Strike_G","Strike_G","Strike_G","Strike_G","Survivor","Neutralize+1","Deflect","Dagger Spray","Cloak And Dagger","Deadly Poison","Sucker Punch","Backflip","Flying Knee","Deflect+1"],"relics":["Ring of the Snake","NeowsBlessing","Dead Branch","Tiny Chest","Odd Mushroom","Regal Pillow","Torii","Art of War","Ancient Tea Set"],"potions_floor_usage":[8,11,16],"damage_taken":[{"damage":0,"enemies":"Jaw Worm","floor":1,"turns":1},{"damage":0,"enemies":"Cultist","floor":5,"turns":1},{"damage":0,"enemies":"Lagavulin","floor":6,"turns":2},{"damage":5,"enemies":"The Mushroom Lair","floor":7,"turns":5},{"damage":11,"enemies":"3 Sentries","floor":8,"turns":9},{"damage":12,"enemies":"Gremlin Nob","floor":11,"turns":4},{"damage":0,"enemies":"2 Louse","floor":12,"turns":2},{"damage":0,"enemies":"Lots of Slimes","floor":14,"turns":2},{"damage":18,"enemies":"Slime Boss","floor":16,"turns":6}],"seed_played":"6511015743168050957","potions_obtained":[{"floor":6,"key":"LiquidBronze"},{"floor":7,"key":"SteroidPotion"},{"floor":12,"key":"GamblersBrew"}],"is_trial":false,"path_per_floor":["M","?","$","?","M","E","?","E","T","R","E","M","T","M","R","B"],"character_chosen":"THE_SILENT","items_purchased":[],"campfire_rested":0,"item_purchase_floors":[],"current_hp_per_floor":[59,59,59,59,59,59,54,43,43,43,31,31,31,31,31,13],"gold":223,"neow_bonus":"THREE_ENEMY_KILL","is_prod":false,"is_daily":false,"chose_seed":false,"campfire_upgraded":2,"win_rate":0,"timestamp":1556086757,"path_taken":["M","?","?","?","?","E","?","E","T","R","E","M","?","M","R","BOSS"],"build_version":"2019-01-23","purchased_purges":0,"victory":false,"max_hp_per_floor":[66,66,66,66,66,66,66,66,66,66,66,66,66,66,66,66],"card_choices":[{"not_picked":["Choke","Dodge and Roll"],"picked":"Deflect","floor":1},{"not_picked":["Dodge and Roll","Underhanded Strike"],"picked":"Dagger Spray","floor":5},{"not_picked":["Dagger Throw","Bane"],"picked":"Cloak And Dagger","floor":6},{"not_picked":["Flechettes","PiercingWail"],"picked":"Deadly Poison","floor":7},{"not_picked":["Endless Agony","Poisoned Stab"],"picked":"Sucker Punch","floor":8},{"not_picked":["Slice","Distraction"],"picked":"Backflip","floor":11},{"not_picked":["All Out Attack","Tactician"],"picked":"Flying Knee","floor":12},{"not_picked":["Masterful Stab","Underhanded Strike"],"picked":"Deflect","floor":14}],"player_experience":750596,"relics_obtained":[{"floor":6,"key":"Tiny Chest"},{"floor":7,"key":"Odd Mushroom"},{"floor":8,"key":"Regal Pillow"},{"floor":9,"key":"Torii"},{"floor":11,"key":"Art of War"},{"floor":13,"key":"Ancient Tea Set"}],"event_choices":[{"damage_healed":0,"gold_gain":0,"player_choice":"Paid Gold","damage_taken":0,"relics_obtained":["Dead Branch"],"max_hp_gain":0,"max_hp_loss":0,"event_name":"WeMeetAgain","floor":2,"gold_loss":105},{"cards_removed":["Strike_G"],"damage_healed":0,"gold_gain":0,"player_choice":"Purged","damage_taken":0,"max_hp_gain":0,"max_hp_loss":0,"event_name":"Purifier","floor":4,"gold_loss":0},{"damage_healed":0,"gold_gain":0,"player_choice":"Fought Mushrooms","damage_taken":0,"max_hp_gain":0,"max_hp_loss":0,"event_name":"Mushrooms","floor":7,"gold_loss":0}],"is_beta":false,"boss_relics":[],"items_purged_floors":[],"is_endless":false,"potions_floor_spawned":[6,7,12],"killed_by":"Slime Boss","ascension_level":18}