{"gold_per_floor":[119,119,129,129,229,229,265,265,313,352,376,394,394,427,427,516,516,516,436,436,324,324,324,324,324,324,324,324,324,324,324,324,324],"floor_reached":33,"playtime":2286,"items_purged":["Injury"],"score":614,"play_id":"4803e203-24cc-454c-8ce2-93b521e502bc","local_time":"20190527025159","is_ascension_mode":true,"campfire_choices":[{"floor":6.0,"key":"REST"},{"floor":8.0,"key":"REST"},{"floor":13.0,"key":"REST"},{"floor":15.0,"key":"REST"},{"data":"Escape Plan","floor":23.0,"key":"SMITH"},{"floor":25.0,"key":"REST"},{"floor":32.0,"key":"REST"}],"neow_cost":"PERCENT_DAMAGE","seed_source_timestamp":5139974168086,"circlet_count":0,"master_deck":["AscendersBane","Defend_G","Defend_G","Defend_G+1","Defend_G","Defend_G","Strike_G+1","Strike_G","Strike_G","Survivor","Neutralize","Predator","Escape Plan+1","Well Laid Plans+1","Dagger Throw","Leg Sweep","Poisoned Stab","Dagger Throw","Die Die Die","Backflip+1","Quick Slash","Cloak And Dagger+1","Noxious Fumes+1","Noxious Fumes+1","Deflect","Noxious Fumes+1"],"special_seed":0,"relics":["Ring of the Snake","Golden Idol","Frozen Egg 2","Centennial Puzzle","Happy Flower","Gremlin Horn","Ectoplasm","Letter Opener","Bottled Lightning","Bag of Marbles"],"potions_floor_usage":[33,33],"damage_taken":[{"damage":2.0,"enemies":"2 Louse","floor":1.0,"turns":6.0},{"damage":7.0,"enemies":"Small Slimes","floor":3.0,"turns":3.0},{"damage":31.0,"enemies":"Lagavulin","floor":7.0,"turns":8.0},{"damage":12.0,"enemies":"3 Sentries","floor":10.0,"turns":11.0},{"damage":0.0,"enemies":"Cultist","floor":11.0,"turns":3.0},{"damage":0.0,"enemies":"Red Slaver","floor":12.0,"turns":3.0},{"damage":16.0,"enemies":"Gremlin Nob","floor":14.0,"turns":4.0},{"damage":2.0,"enemies":"The Guardian","floor":16.0,"turns":15.0},{"damage":0.0,"enemies":"Chosen","floor":18.0,"turns":6.0},{"damage":6.0,"enemies":"2 Thieves","floor":19.0,"turns":4.0},{"damage":3.0,"enemies":"Centurion and Healer","floor":20.0,"turns":7.0},{"damage":33.0,"enemies":"Slavers","floor":24.0,"turns":7.0},{"damage":5.0,"enemies":"Gremlin Leader","floor":27.0,"turns":5.0},{"damage":0.0,"enemies":"3 Cultists","floor":28.0,"turns":4.0},{"damage":1.0,"enemies":"Snake Plant","floor":29.0,"turns":5.0},{"damage":5.0,"enemies":"Shelled Parasite and Fungi","floor":30.0,"turns":6.0},{"damage":0.0,"enemies":"Snecko","floor":31.0,"turns":6.0},{"damage":65,"enemies":"Collector","floor":33,"turns":7}],"seed_played":"-6355359885721244181","potions_obtained":[{"floor":3.0,"key":"Strength Potion"},{"floor":7.0,"key":"Swift Potion"},{"floor":10.0,"key":"Energy Potion"},{"floor":18.0,"key":"GhostInAJar"},{"floor":27.0,"key":"Strength Potion"},{"floor":29.0,"key":"Poison Potion"}],"is_trial":false,"path_per_floor":["M","?","M","?","?","R","E","R","T","E","M","M","R","E","R","B",null,"M","M","M","$","?","R","E","R","T","E","M","M","M","M","R","B"],"character_chosen":"THE_SILENT","items_purchased":["Noxious Fumes+1"],"campfire_rested":6,"item_purchase_floors":[21],"current_hp_per_floor":[42,22,15,15,15,34,3,22,22,10,10,10,29,13,32,30,57,57,51,48,48,48,48,15,34,34,29,29,28,23,23,42,0],"gold":324,"neow_bonus":"REMOVE_TWO","is_prod":false,"is_daily":false,"chose_seed":false,"campfire_upgraded":1,"win_rate":0,"timestamp":1558950719,"path_taken":["M","?","M","?","?","R","E","R","T","E","M","M","R","E","R","BOSS","M","?","M","?","?","R","E","R","T","E","?","M","M","M","R","BOSS"],"build_version":"2019-01-23","purchased_purges":1,"victory":false,"max_hp_per_floor":[66,66,66,66,66,66,66,66,66,66,66,66,66,66,66,66,66,66,66,66,66,66,66,66,66,66,66,66,66,66,66,66,66],"card_choices":[{"not_picked":["Flying Knee","Choke"],"picked":"Predator","floor":1.0},{"not_picked":["Backflip","Quick Slash"],"picked":"Escape Plan","floor":3.0},{"not_picked":["Backflip","Poisoned Stab"],"picked":"Well Laid Plans","floor":7.0},{"not_picked":["Endless Agony","Backflip"],"picked":"Dagger Throw","floor":10.0},{"not_picked":["Catalyst","PiercingWail"],"picked":"Leg Sweep","floor":11.0},{"not_picked":["Deadly Poison","Skewer"],"picked":"Poisoned Stab","floor":12.0},{"not_picked":["Flying Knee","Blade Dance"],"picked":"Dagger Throw","floor":14.0},{"not_picked":["Malaise","Storm of Steel"],"picked":"Die Die Die","floor":16.0},{"not_picked":["Deadly Poison","Endless Agony"],"picked":"Backflip+1","floor":18.0},{"not_picked":["Dagger Spray","Poisoned Stab"],"picked":"Quick Slash","floor":19.0},{"not_picked":["Bullet Time","Endless Agony"],"picked":"Cloak And Dagger+1","floor":20.0},{"not_picked":["Distraction","Accuracy+1","Quick Slash"],"picked":"SKIP","floor":24.0},{"not_picked":["Crippling Poison","Concentrate"],"picked":"Noxious Fumes+1","floor":27.0},{"not_picked":["Dagger Spray+1","Dodge and Roll"],"picked":"Deflect","floor":28.0},{"not_picked":["Accuracy+1","Acrobatics","Tactician"],"picked":"SKIP","floor":29.0},{"not_picked":["Quick Slash","Underhanded Strike"],"picked":"Noxious Fumes+1","floor":30.0},{"not_picked":["Prepared","PiercingWail","Riddle With Holes"],"picked":"SKIP","floor":31.0}],"player_experience":805120,"relics_obtained":[{"floor":7.0,"key":"Frozen Egg 2"},{"floor":9.0,"key":"Centennial Puzzle"},{"floor":10.0,"key":"Happy Flower"},{"floor":14.0,"key":"Gremlin Horn"},{"floor":24.0,"key":"Letter Opener"},{"floor":26.0,"key":"Bottled Lightning"},{"floor":27.0,"key":"Bag of Marbles"}],"event_choices":[{"damage_healed":0.0,"max_hp_gain":0.0,"max_hp_loss":0.0,"gold_gain":0.0,"event_name":"Shining Light","player_choice":"Entered Light","floor":2.0,"gold_loss":0.0,"damage_taken":20.0,"cards_upgraded":["Defend_G","Strike_G"]},{"damage_healed":0.0,"max_hp_gain":0.0,"max_hp_loss":0.0,"gold_gain":0.0,"event_name":"Golden Idol","player_choice":"Take Wound","floor":4.0,"gold_loss":0.0,"damage_taken":0.0,"relics_obtained":["Golden Idol"],"cards_obtained":["Injury"]},{"damage_healed":0.0,"max_hp_gain":0.0,"max_hp_loss":0.0,"gold_gain":100.0,"event_name":"Wheel of Change","player_choice":"Gold","floor":5.0,"gold_loss":0.0,"damage_taken":0.0},{"damage_healed":0.0,"max_hp_gain":0.0,"max_hp_loss":0.0,"gold_gain":0.0,"event_name":"Golden Shrine","player_choice":"Ignored","floor":22.0,"gold_loss":0.0,"damage_taken":0.0}],"is_beta":false,"boss_relics":[{"not_picked":["Calling Bell","Orrery"],"picked":"Ectoplasm"}],"items_purged_floors":[21],"is_endless":false,"potions_floor_spawned":[3,7,10,18,27,29,31],"killed_by":"Collector","ascension_level":20}