{"gold_per_floor":[118,118,118,268,286,311,311,311,386,396,415,447,447,372,372,372],"floor_reached":16,"playtime":482,"items_purged":["Doubt"],"score":266,"play_id":"8a2ae736-25f1-41d1-828a-e360e889592b","local_time":"20190604005017","is_ascension_mode":true,"campfire_choices":[{"data":"Neutralize","floor":7,"key":"SMITH"},{"floor":13,"key":"REST"},{"data":"Slice","floor":15,"key":"SMITH"}],"neow_cost":"NONE","seed_source_timestamp":45883501007924,"circlet_count":0,"master_deck":["AscendersBane","Defend_G","Defend_G","Defend_G","Defend_G","Defend_G","Strike_G","Strike_G","Strike_G","Strike_G+1","Survivor+1","Neutralize+1","Blade Dance","Riddle With Holes","Dagger Spray","Quick Slash","Slice+1"],"relics":["Ring of the Snake","NeowsBlessing","Anchor","SsserpentHead","Mummified Hand","FossilizedHelix"],"potions_floor_usage":[16,16],"damage_taken":[{"damage":0,"enemies":"Small Slimes","floor":1,"turns":1},{"damage":0,"enemies":"2 Louse","floor":5,"turns":1},{"damage":0,"enemies":"Gremlin Nob","floor":6,"turns":1},{"damage":0,"enemies":"Cultist","floor":10,"turns":3},{"damage":3,"enemies":"Looter","floor":11,"turns":3},{"damage":10,"enemies":"3 Sentries","floor":12,"turns":7},{"damage":41,"enemies":"The Guardian","floor":16,"turns":14}],"seed_played":"-4217091378284400523","potions_obtained":[{"floor":1,"key":"Block Potion"},{"floor":11,"key":"Energy Potion"},{"floor":12,"key":"Block Potion"}],"is_trial":false,"path_per_floor":["M","?","?","?","M","E","R","?","T","M","M","E","R","$","R","B"],"character_chosen":"THE_SILENT","items_purchased":[],"campfire_rested":1,"item_purchase_floors":[],"current_hp_per_floor":[59,52,32,32,32,32,32,32,32,32,29,19,38,38,38,0],"gold":372,"neow_bonus":"THREE_ENEMY_KILL","is_prod":false,"is_daily":false,"chose_seed":false,"campfire_upgraded":2,"win_rate":0,"timestamp":1559634617,"path_taken":["M","?","?","?","M","E","R","?","T","M","M","E","R","$","R","BOSS"],"build_version":"2019-01-23","purchased_purges":1,"victory":false,"max_hp_per_floor":[66,66,66,66,66,66,66,66,66,66,66,66,66,66,66,66],"card_choices":[{"not_picked":["Setup","Accuracy"],"picked":"Blade Dance","floor":1},{"not_picked":["Eviscerate","Finisher"],"picked":"Riddle With Holes","floor":5},{"not_picked":["Choke","Bane"],"picked":"Dagger Spray","floor":6},{"not_picked":["Underhanded Strike","Choke"],"picked":"Quick Slash","floor":10},{"not_picked":["Dagger Spray","Deadly Poison"],"picked":"Slice","floor":11},{"not_picked":["Deadly Poison","Dagger Spray","PiercingWail"],"picked":"SKIP","floor":12}],"player_experience":824821,"relics_obtained":[{"floor":6,"key":"Anchor"},{"floor":9,"key":"Mummified Hand"},{"floor":12,"key":"FossilizedHelix"}],"event_choices":[{"cards_removed":["Strike_G"],"damage_healed":0,"gold_gain":0,"player_choice":"Card Removal","damage_taken":7,"max_hp_gain":0,"max_hp_loss":0,"event_name":"Golden Wing","floor":2,"gold_loss":0},{"damage_healed":0,"gold_gain":0,"player_choice":"Entered Light","damage_taken":20,"max_hp_gain":0,"max_hp_loss":0,"event_name":"Shining Light","floor":3,"gold_loss":0,"cards_upgraded":["Survivor","Strike_G"]},{"damage_healed":0,"gold_gain":150,"player_choice":"AGREE","damage_taken":0,"max_hp_gain":0,"max_hp_loss":0,"event_name":"Liars Game","floor":4,"gold_loss":0,"cards_obtained":["Doubt"]},{"damage_healed":0,"gold_gain":0,"player_choice":"Trade","damage_taken":0,"relics_obtained":["SsserpentHead"],"max_hp_gain":0,"max_hp_loss":0,"event_name":"FaceTrader","floor":8,"gold_loss":0}],"is_beta":false,"boss_relics":[],"items_purged_floors":[14],"is_endless":false,"potions_floor_spawned":[1,11,12],"killed_by":"The Guardian","ascension_level":20}