{"gold_per_floor":[109,209,228,10,23,23,55,75,100,129,141,154,164,164],"floor_reached":14,"playtime":663,"items_purged":[],"score":208,"play_id":"7d6bc9fe-713b-4c8a-89ff-b6da27cae16a","local_time":"20190527020417","is_ascension_mode":true,"campfire_choices":[{"data":"Neutralize","floor":6.0,"key":"SMITH"}],"neow_cost":"NONE","seed_source_timestamp":4013497410666,"circlet_count":0,"master_deck":["AscendersBane","Defend_G","Defend_G","Defend_G","Defend_G","Defend_G","Strike_G","Strike_G","Strike_G","Strike_G","Strike_G","Survivor","Neutralize+1","Quick Slash","Poisoned Stab","Backflip","Crippling Poison","Quick Slash","Poisoned Stab","Infinite Blades","Backflip","Deflect"],"special_seed":0,"relics":["Ring of the Snake","NeowsBlessing","Medical Kit","Lantern","Boot","Oddly Smooth Stone"],"potions_floor_usage":[],"damage_taken":[{"damage":0.0,"enemies":"2 Louse","floor":1.0,"turns":1.0},{"damage":0.0,"enemies":"Cultist","floor":3.0,"turns":1.0},{"damage":0.0,"enemies":"Small Slimes","floor":5.0,"turns":1.0},{"damage":6.0,"enemies":"Gremlin Nob","floor":7.0,"turns":3.0},{"damage":1.0,"enemies":"2 Fungi Beasts","floor":8.0,"turns":5.0},{"damage":33.0,"enemies":"Lagavulin","floor":10.0,"turns":8.0},{"damage":2.0,"enemies":"Large Slime","floor":11.0,"turns":5.0},{"damage":0,"enemies":"Gremlin Gang","floor":12,"turns":4},{"damage":3,"enemies":"Blue Slaver","floor":13,"turns":3},{"damage":26,"enemies":"3 Sentries","floor":14,"turns":8}],"seed_played":"-255828324778141092","potions_obtained":[{"floor":3.0,"key":"Poison Potion"},{"floor":5.0,"key":"Fire Potion"},{"floor":11.0,"key":"FairyPotion"}],"is_trial":false,"path_per_floor":["M","?","M","$","M","R","E","M","T","E","M","M","M","E"],"character_chosen":"THE_SILENT","items_purchased":["Medical Kit"],"campfire_rested":0,"item_purchase_floors":[4],"current_hp_per_floor":[59,59,59,59,59,59,53,52,52,19,17,17,14,0],"gold":164,"neow_bonus":"THREE_ENEMY_KILL","is_prod":false,"is_daily":false,"chose_seed":false,"campfire_upgraded":1,"win_rate":0,"timestamp":1558947857,"path_taken":["M","?","?","?","?","R","E","M","T","E","M","M","?","E"],"build_version":"2019-01-23","purchased_purges":0,"victory":false,"max_hp_per_floor":[66,66,66,66,66,66,66,66,66,66,66,66,66,66],"card_choices":[{"not_picked":["Bane","Terror"],"picked":"Quick Slash","floor":1.0},{"not_picked":["Acrobatics","Expertise"],"picked":"Poisoned Stab","floor":3.0},{"not_picked":["Choke","Deadly Poison"],"picked":"Backflip","floor":5.0},{"not_picked":["Poisoned Stab","Riddle With Holes"],"picked":"Crippling Poison","floor":7.0},{"not_picked":["Expertise","Outmaneuver"],"picked":"Quick Slash","floor":8.0},{"not_picked":["Blade Dance","Bouncing Flask"],"picked":"Poisoned Stab","floor":10.0},{"not_picked":["Finisher","Catalyst"],"picked":"Infinite Blades","floor":11.0},{"not_picked":["Poisoned Stab","Infinite Blades"],"picked":"Backflip","floor":12},{"not_picked":["Outmaneuver","Flechettes"],"picked":"Deflect","floor":13}],"player_experience":804067,"relics_obtained":[{"floor":7.0,"key":"Lantern"},{"floor":9.0,"key":"Boot"},{"floor":10.0,"key":"Oddly Smooth Stone"}],"event_choices":[{"damage_healed":0.0,"max_hp_gain":0.0,"max_hp_loss":0.0,"gold_gain":100.0,"event_name":"Wheel of Change","player_choice":"Gold","floor":2.0,"gold_loss":0.0,"damage_taken":0.0}],"is_beta":false,"boss_relics":[],"items_purged_floors":[],"is_endless":false,"potions_floor_spawned":[3,5,11],"killed_by":"3 Sentries","ascension_level":20}