{"gold_per_floor":[116,41,41,52,327,355,114,142,166,166,185,203,203,203,203,203],"floor_reached":16,"playtime":390,"items_purged":["Regret"],"score":266,"play_id":"af476819-c42a-48dc-bb3d-d4f1694b5c46","local_time":"20190527021100","is_ascension_mode":true,"campfire_choices":[{"data":"Survivor","floor":10,"key":"SMITH"},{"data":"Cloak And Dagger","floor":13,"key":"SMITH"},{"data":"All Out Attack","floor":15,"key":"SMITH"}],"neow_cost":"NONE","seed_source_timestamp":4738985070587,"circlet_count":0,"master_deck":["AscendersBane","Defend_G","Defend_G","Defend_G","Defend_G","Strike_G","Strike_G","Strike_G","Strike_G+1","Survivor+1","Neutralize+1","All Out Attack+1","Backflip","Slice","Quick Slash","Quick Slash","Cloak And Dagger+1"],"relics":["Ring of the Snake","NeowsBlessing","Bag of Marbles","Whetstone","Boot","Juzu Bracelet","Torii"],"potions_floor_usage":[8,16,16],"damage_taken":[{"damage":0,"enemies":"Small Slimes","floor":1,"turns":1},{"damage":0,"enemies":"Jaw Worm","floor":4,"turns":1},{"damage":0,"enemies":"Lagavulin","floor":6,"turns":1},{"damage":19,"enemies":"Gremlin Nob","floor":8,"turns":4},{"damage":0,"enemies":"Cultist","floor":11,"turns":2},{"damage":1,"enemies":"2 Fungi Beasts","floor":12,"turns":2},{"damage":40,"enemies":"Slime Boss","floor":16,"turns":9}],"seed_played":"-782602808922311780","potions_obtained":[{"floor":1,"key":"Poison Potion"},{"floor":6,"key":"SpeedPotion"},{"floor":12,"key":"Energy Potion"}],"is_trial":false,"path_per_floor":["M","?","?","M","?","E","$","E","T","R","M","M","R","T","R","B"],"character_chosen":"THE_SILENT","items_purchased":["Whetstone"],"campfire_rested":0,"item_purchase_floors":[7],"current_hp_per_floor":[59,59,59,59,59,59,59,40,40,40,40,39,39,39,39,0],"gold":203,"neow_bonus":"THREE_ENEMY_KILL","is_prod":false,"is_daily":false,"chose_seed":false,"campfire_upgraded":3,"win_rate":0,"timestamp":1558948260,"path_taken":["M","?","?","?","?","E","?","E","T","R","M","M","R","?","R","BOSS"],"build_version":"2019-01-23","purchased_purges":1,"victory":false,"max_hp_per_floor":[66,66,66,66,66,66,66,66,66,66,66,66,66,66,66,66],"card_choices":[{"not_picked":["Calculated Gamble","Tactician"],"picked":"All Out Attack","floor":1},{"not_picked":["Prepared","Bouncing Flask"],"picked":"Backflip","floor":4},{"not_picked":["Caltrops","Bane"],"picked":"Slice","floor":6},{"not_picked":["Flying Knee","All Out Attack"],"picked":"Quick Slash","floor":8},{"not_picked":["Blade Dance","Bane"],"picked":"Quick Slash","floor":11},{"not_picked":["Backflip","Flying Knee"],"picked":"Cloak And Dagger","floor":12}],"player_experience":804730,"relics_obtained":[{"floor":6,"key":"Bag of Marbles"},{"floor":8,"key":"Boot"},{"floor":9,"key":"Juzu Bracelet"},{"floor":14,"key":"Torii"}],"event_choices":[{"cards_removed":["Strike_G"],"damage_healed":0,"gold_gain":0,"player_choice":"Card Removal","damage_taken":0,"max_hp_gain":0,"max_hp_loss":0,"event_name":"The Cleric","floor":2,"gold_loss":75},{"cards_removed":["Defend_G"],"damage_healed":0,"gold_gain":0,"player_choice":"Purged","damage_taken":0,"max_hp_gain":0,"max_hp_loss":0,"event_name":"Purifier","floor":3,"gold_loss":0},{"damage_healed":0,"gold_gain":275,"player_choice":"Desecrate","damage_taken":0,"max_hp_gain":0,"max_hp_loss":0,"event_name":"Golden Shrine","floor":5,"gold_loss":0,"cards_obtained":["Regret"]}],"is_beta":false,"boss_relics":[],"items_purged_floors":[7],"is_endless":false,"potions_floor_spawned":[1,6,12],"killed_by":"Slime Boss","ascension_level":20}