{"gold_per_floor":[117,136,136,156,10,41,41,51,133,133,151,151,107,125,125,125],"floor_reached":16,"playtime":488,"items_purged":[],"score":127,"play_id":"fc1b83de-c26e-4d0e-8c8c-41d1bce22649","local_time":"20180915171339","is_ascension_mode":false,"campfire_choices":[{"floor":7.0,"key":"REST"},{"data":"Perfected Strike","floor":10.0,"key":"SMITH"},{"data":"Uppercut","floor":15.0,"key":"SMITH"}],"neow_cost":"PERCENT_DAMAGE","seed_source_timestamp":21020507784337,"circlet_count":0,"master_deck":["Strike_R","Strike_R","Strike_R","Strike_R","Strike_R","Defend_R","Defend_R","Defend_R","Defend_R","Bash","Body Slam","Warcry","Perfected Strike+1","Uppercut+1","Pommel Strike+1","Feed+1","Twin Strike+1","Wild Strike+1"],"special_seed":0,"relics":["Burning Blood","Bag of Preparation","Prayer Wheel","Molten Egg 2"],"potions_floor_usage":[],"damage_taken":[{"damage":6.0,"enemies":"Jaw Worm","floor":1.0,"turns":4.0},{"damage":10.0,"enemies":"Small Slimes","floor":2.0,"turns":4.0},{"damage":5.0,"enemies":"2 Louse","floor":4.0,"turns":3.0},{"damage":55.0,"enemies":"Lagavulin","floor":6.0,"turns":10.0},{"damage":15.0,"enemies":"Looter","floor":8.0,"turns":3.0},{"damage":9.0,"enemies":"Exordium Thugs","floor":11.0,"turns":5.0},{"damage":12.0,"enemies":"Exordium Wildlife","floor":14.0,"turns":4.0},{"damage":33,"enemies":"The Guardian","floor":16,"turns":8}],"seed_played":"-8377705102114599106","potions_obtained":[{"floor":2.0,"key":"Block Potion"},{"floor":6.0,"key":"SpeedPotion"},{"floor":8.0,"key":"Swift Potion"}],"is_trial":false,"path_per_floor":["M","M","?","M","$","E","R","M","T","R","M","?","?","M","R"],"character_chosen":"IRONCLAD","items_purchased":["Bag of Preparation"],"campfire_rested":1,"item_purchase_floors":[5],"current_hp_per_floor":[69,65,65,66,66,17,45,36,36,36,33,33,33,31,31,0],"gold":125,"neow_bonus":"TWENTY_PERCENT_HP_BONUS","is_prod":false,"is_daily":false,"chose_seed":false,"campfire_upgraded":2,"win_rate":0,"timestamp":1536999219,"path_taken":["M","M","?","M","$","E","R","M","T","R","M","?","?","M","R","BOSS"],"build_version":"2018-09-12","purchased_purges":0,"victory":false,"max_hp_per_floor":[96,96,96,96,96,96,96,96,96,96,96,96,96,100,100,100],"card_choices":[{"not_picked":["Combust","Pummel"],"picked":"Body Slam","floor":1.0},{"not_picked":["True Grit","Shockwave","Dropkick"],"picked":"SKIP","floor":2.0},{"not_picked":["Wild Strike","Twin Strike"],"picked":"Warcry","floor":4.0},{"not_picked":["Sword Boomerang","Flex","Bludgeon"],"picked":"SKIP","floor":6.0},{"not_picked":["Rampage","Sever Soul"],"picked":"Perfected Strike","floor":8.0},{"not_picked":["Second Wind","Spot Weakness"],"picked":"Uppercut","floor":8.0},{"not_picked":["Clash+1","Armaments"],"picked":"Pommel Strike+1","floor":11.0},{"not_picked":["Bloodletting","Entrench"],"picked":"Feed+1","floor":11.0},{"not_picked":["Headbutt+1","Rupture"],"picked":"Twin Strike+1","floor":14.0},{"not_picked":["Hemokinesis+1","Sword Boomerang+1"],"picked":"Wild Strike+1","floor":14.0}],"player_experience":212603,"relics_obtained":[{"floor":6.0,"key":"Prayer Wheel"},{"floor":9.0,"key":"Molten Egg 2"}],"event_choices":[{"event_name":"Liars Game","player_choice":"disagreed","floor":3.0,"damage_taken":0.0},{"event_name":"The Woman in Blue","player_choice":"Bought 0 Potions","floor":12.0,"damage_taken":0.0},{"event_name":"World of Goop","player_choice":"Left","floor":13.0,"damage_taken":0.0}],"is_beta":true,"boss_relics":[],"items_purged_floors":[],"is_endless":false,"potions_floor_spawned":[2,6,8],"killed_by":"The Guardian","ascension_level":0}