{"gold_per_floor":[119,134,153,164,114,114,127,127,127,142,175,175,36,49,49,150,150,161,161,9,26,36,36,46,46,121,121,137,137,166,186,186,289,289,305,305,317,367,393,393,393,393,465,482,482,492,492,70,70,70],"floor_reached":51,"playtime":1737,"items_purged":["Strike_R"],"score":744,"play_id":"864a42cf-9f6c-4cf0-88e5-0470a73be172","local_time":"20190524020640","is_ascension_mode":false,"campfire_choices":[{"data":"Body Slam","floor":6.0,"key":"SMITH"},{"data":"True Grit","floor":8.0,"key":"SMITH"},{"data":"Rage","floor":12,"key":"SMITH"},{"data":"Disarm","floor":15,"key":"SMITH"},{"data":"Battle Trance","floor":23,"key":"SMITH"},{"data":"Offering","floor":25,"key":"SMITH"},{"data":"Evolve","floor":27,"key":"SMITH"},{"data":"Barricade","floor":29,"key":"SMITH"},{"data":"Shrug It Off","floor":32,"key":"SMITH"},{"data":"Pommel Strike","floor":40,"key":"SMITH"},{"data":"Bash","floor":45,"key":"SMITH"},{"data":"Wild Strike","floor":49,"key":"SMITH"}],"neow_cost":"NONE","seed_source_timestamp":0,"circlet_count":0,"master_deck":["Strike_R","Strike_R","Strike_R","Strike_R","Defend_R","Defend_R","Defend_R+1","Defend_R","Bash+1","Body Slam+1","Pommel Strike+1","Rage+1","True Grit+1","Disarm+1","Offering+1","Barricade+1","Armaments+1","Evolve+1","Battle Trance+1","Uppercut+1","Feel No Pain+1","Sever Soul+1","Body Slam+1","Shrug It Off+1","True Grit+1","Dark Shackles+1","Wild Strike+1"],"special_seed":0,"relics":["Black Blood","Du-Vu Doll","Magic Flower","FossilizedHelix","Mark of Pain","Letter Opener","Ornamental Fan","Meat on the Bone","Ginger","Red Skull","Question Card","PrismaticShard","War Paint"],"potions_floor_usage":[16,44,50,50],"damage_taken":[{"damage":1.0,"enemies":"Cultist","floor":1.0,"turns":4.0},{"damage":7.0,"enemies":"Small Slimes","floor":2.0,"turns":4.0},{"damage":2.0,"enemies":"2 Louse","floor":3.0,"turns":3.0},{"damage":3.0,"enemies":"Blue Slaver","floor":4.0,"turns":3.0},{"damage":2.0,"enemies":"2 Fungi Beasts","floor":7.0,"turns":3.0},{"damage":2.0,"enemies":"3 Louse","floor":10.0,"turns":5.0},{"damage":36,"enemies":"3 Sentries","floor":11,"turns":9},{"damage":0,"enemies":"Exordium Thugs","floor":14,"turns":5},{"damage":16,"enemies":"The Guardian","floor":16,"turns":14},{"damage":12,"enemies":"Chosen","floor":18,"turns":7},{"damage":8,"enemies":"Spheric Guardian","floor":21,"turns":4},{"damage":16,"enemies":"Shelled Parasite and Fungi","floor":22,"turns":6},{"damage":1,"enemies":"Chosen and Byrds","floor":24,"turns":5},{"damage":0,"enemies":"3 Cultists","floor":28,"turns":5},{"damage":8,"enemies":"Book of Stabbing","floor":30,"turns":5},{"damage":6,"enemies":"Shelled Parasite and Fungi","floor":31,"turns":4},{"damage":0,"enemies":"Champ","floor":33,"turns":8},{"damage":0,"enemies":"Orb Walker","floor":35,"turns":4},{"damage":0,"enemies":"3 Shapes","floor":37,"turns":4},{"damage":37,"enemies":"2 Orb Walkers","floor":38,"turns":5},{"damage":3,"enemies":"3 Darklings","floor":44,"turns":5},{"damage":22,"enemies":"Jaw Worm Horde","floor":46,"turns":5},{"damage":9,"enemies":"Time Eater","floor":50,"turns":9}],"seed_played":"6327517492527118367","potions_obtained":[{"floor":2.0,"key":"SkillPotion"},{"floor":10.0,"key":"Fire Potion"},{"floor":14,"key":"LiquidBronze"},{"floor":16,"key":"Weak Potion"},{"floor":44,"key":"Strength Potion"},{"floor":46,"key":"Ancient Potion"}],"is_trial":false,"path_per_floor":["M","M","M","M","?","R","M","R","T","M","E","R","$","M","R","B",null,"M","T","$","M","M","R","M","R","T","R","M","R","E","M","R","B",null,"M","?","M","?","T","R","?","?","T","M","R","M","?","$","R","B",null],"character_chosen":"IRONCLAD","items_purchased":["Offering","Evolve","Battle Trance","PrismaticShard","War Paint"],"campfire_rested":0,"item_purchase_floors":[13,20,20,48,48],"current_hp_per_floor":[88,87,88,88,88,88,88,88,88,88,61,61,61,70,70,63,88,85,85,85,86,79,79,87,87,87,87,88,88,88,88,88,88,88,88,78,88,66,66,66,66,66,66,78,78,71,71,71,71,77],"gold":70,"neow_bonus":"TEN_PERCENT_HP_BONUS","is_prod":false,"is_daily":false,"chose_seed":false,"campfire_upgraded":12,"win_rate":0,"timestamp":1558631200,"path_taken":["M","?","M","M","?","R","M","R","T","?","E","R","$","M","R","BOSS","M","?","$","M","M","R","?","R","T","R","M","R","E","M","R","BOSS","M","?","M","?","?","R","?","?","T","?","R","?","?","$","R","BOSS"],"build_version":"2019-01-23","purchased_purges":1,"victory":true,"max_hp_per_floor":[88,88,88,88,88,88,88,88,88,88,88,88,88,88,88,88,88,88,88,88,88,88,88,88,88,88,88,88,88,88,88,88,88,88,88,88,88,88,88,88,88,88,88,88,88,88,88,88,88,88],"card_choices":[{"not_picked":["Twin Strike","Thunderclap"],"picked":"Body Slam","floor":1.0},{"not_picked":["Warcry","Second Wind"],"picked":"Pommel Strike","floor":2.0},{"not_picked":["Flex","Pommel Strike"],"picked":"Rage","floor":3.0},{"not_picked":["Heavy Blade","Metallicize","Cleave"],"picked":"SKIP","floor":4.0},{"not_picked":["Infernal Blade","Armaments"],"picked":"True Grit","floor":7.0},{"not_picked":["Sword Boomerang","Fire Breathing"],"picked":"Reckless Charge","floor":10.0},{"not_picked":["Iron Wave","Perfected Strike"],"picked":"Disarm","floor":11},{"not_picked":["Inflame","Bloodletting","Thunderclap"],"picked":"SKIP","floor":14},{"not_picked":["Fiend Fire","Offering"],"picked":"Barricade","floor":16},{"not_picked":["Dual Wield","Cleave"],"picked":"Armaments+1","floor":18},{"not_picked":["Pummel","Burning Pact"],"picked":"Uppercut+1","floor":21},{"not_picked":["Heavy Blade","Searing Blow","Clothesline"],"picked":"SKIP","floor":22},{"not_picked":["Heavy Blade","Perfected Strike"],"picked":"Feel No Pain+1","floor":24},{"not_picked":["Pummel","Sword Boomerang"],"picked":"Sever Soul+1","floor":28},{"not_picked":["Intimidate","Double Tap"],"picked":"Body Slam+1","floor":30},{"not_picked":["Thunderclap+1","Shrug It Off","Sword Boomerang+1"],"picked":"SKIP","floor":31},{"not_picked":["Thunderclap+1","Sword Boomerang+1"],"picked":"Shrug It Off","floor":31},{"not_picked":["Rage","Flame Barrier+1"],"picked":"True Grit+1","floor":35},{"not_picked":["Enlightenment","Transmutation"],"picked":"Dark Shackles","floor":36},{"not_picked":["Havoc+1","Clothesline","Cleave+1"],"picked":"SKIP","floor":37},{"not_picked":["Sever Soul+1","Blood for Blood"],"picked":"Wild Strike","floor":38},{"not_picked":["Cleave+1","Clothesline","Flex+1","Fire Breathing+1"],"picked":"SKIP","floor":44},{"not_picked":["Cleave","Twin Strike","Berserk","Wild Strike+1"],"picked":"SKIP","floor":46}],"player_experience":1023398,"relics_obtained":[{"floor":9.0,"key":"Magic Flower"},{"floor":11,"key":"FossilizedHelix"},{"floor":19,"key":"Letter Opener"},{"floor":26,"key":"Ornamental Fan"},{"floor":30,"key":"Meat on the Bone"},{"floor":38,"key":"Ginger"},{"floor":39,"key":"Red Skull"},{"floor":43,"key":"Question Card"}],"event_choices":[{"damage_healed":0.0,"max_hp_gain":0.0,"max_hp_loss":0.0,"gold_gain":0.0,"event_name":"WeMeetAgain","player_choice":"Paid Gold","floor":5.0,"gold_loss":50.0,"damage_taken":0.0,"relics_obtained":["Du-Vu Doll"]},{"damage_healed":0,"gold_gain":0,"player_choice":"Memory 3","damage_taken":10,"max_hp_gain":0,"max_hp_loss":0,"event_name":"SensoryStone","floor":36,"gold_loss":0},{"damage_healed":0,"gold_gain":0,"player_choice":"Fight","damage_taken":0,"max_hp_gain":0,"max_hp_loss":0,"event_name":"Mysterious Sphere","floor":38,"gold_loss":0},{"damage_healed":0,"gold_gain":0,"player_choice":"Ignored","damage_taken":0,"max_hp_gain":0,"max_hp_loss":0,"event_name":"Tomb of Lord Red Mask","floor":41,"gold_loss":0},{"damage_healed":0,"gold_gain":0,"player_choice":"Ignored","damage_taken":0,"max_hp_gain":0,"max_hp_loss":0,"event_name":"SecretPortal","floor":42,"gold_loss":0},{"cards_removed":["Reckless Charge"],"damage_healed":0,"gold_gain":0,"player_choice":"Removed Attack","damage_taken":0,"max_hp_gain":0,"max_hp_loss":0,"event_name":"Falling","floor":47,"gold_loss":0}],"is_beta":false,"boss_relics":[{"not_picked":["Philosopher\u0027s Stone","Orrery"],"picked":"Mark of Pain"},{"not_picked":["Busted Crown","Velvet Choker"],"picked":"Black Blood"}],"items_purged_floors":[48],"is_endless":false,"potions_floor_spawned":[2,10,14,16,22,24,30,33,37,44,46],"ascension_level":0}