{"gold_per_floor":[111,186,186,186,203,203,228,228,300,300,358,358],"floor_reached":12,"playtime":180,"items_purged":[],"score":207,"play_id":"326d8706-91e5-42c2-968b-ae26ded1b6cf","local_time":"20190422031807","is_ascension_mode":true,"campfire_choices":[{"data":"Genetic Algorithm","floor":6.0,"key":"SMITH"},{"floor":8.0,"key":"REST"}],"neow_cost":"NONE","seed_source_timestamp":51740138489976,"circlet_count":0,"master_deck":["AscendersBane","Strike_B+1","Strike_B","Strike_B","Strike_B","Defend_B","Defend_B","Defend_B","Defend_B","Zap+1","Dualcast","Conserve Battery","Regret","Genetic Algorithm+1"],"special_seed":0,"relics":["Cracked Core","NeowsBlessing","Dodecahedron","Frozen Egg 2","Symbiotic Virus","Tiny Chest"],"potions_floor_usage":[11,11],"damage_taken":[{"damage":0.0,"enemies":"2 Louse","floor":1.0,"turns":1.0},{"damage":0.0,"enemies":"Jaw Worm","floor":5.0,"turns":1.0},{"damage":0.0,"enemies":"3 Sentries","floor":7.0,"turns":1.0},{"damage":45,"enemies":"Gremlin Nob","floor":11,"turns":4},{"damage":8,"enemies":"Small Slimes","floor":12,"turns":2}],"seed_played":"7369934475795387769","potions_obtained":[{"floor":10.0,"key":"FearPotion"},{"floor":10.0,"key":"FocusPotion"},{"floor":11,"key":"Poison Potion"}],"is_trial":false,"path_per_floor":["M","?","?","?","M","R","E","R","T","?","E","M"],"character_chosen":"DEFECT","items_purchased":[],"campfire_rested":1,"item_purchase_floors":[],"current_hp_per_floor":[64,53,53,32,32,32,32,53,53,53,8,0],"gold":358,"neow_bonus":"THREE_ENEMY_KILL","is_prod":false,"is_daily":false,"chose_seed":false,"campfire_upgraded":1,"win_rate":0,"timestamp":1555928287,"path_taken":["M","?","?","?","M","R","E","R","T","?","E","?"],"build_version":"2019-01-23","purchased_purges":0,"victory":false,"max_hp_per_floor":[71,71,71,71,71,71,71,71,71,71,71,71],"card_choices":[{"not_picked":["Rebound","Blizzard"],"picked":"Conserve Battery","floor":1.0},{"not_picked":["Stack","Chaos"],"picked":"Genetic Algorithm","floor":5.0},{"not_picked":["Aggregate","Barrage","Beam Cell"],"picked":"SKIP","floor":7.0},{"not_picked":["Steam Power","Compile Driver","Rebound"],"picked":"SKIP","floor":11}],"player_experience":743271,"relics_obtained":[{"floor":7.0,"key":"Frozen Egg 2"},{"floor":9.0,"key":"Symbiotic Virus"},{"floor":11,"key":"Tiny Chest"}],"event_choices":[{"damage_healed":0.0,"max_hp_gain":0.0,"max_hp_loss":0.0,"gold_gain":75.0,"event_name":"World of Goop","player_choice":"Gather Gold","floor":2.0,"gold_loss":0.0,"damage_taken":11.0},{"damage_healed":0.0,"max_hp_gain":0.0,"max_hp_loss":0.0,"gold_gain":0.0,"event_name":"Big Fish","player_choice":"Box","floor":3.0,"gold_loss":0.0,"damage_taken":0.0,"relics_obtained":["Dodecahedron"],"cards_obtained":["Regret"]},{"damage_healed":0.0,"max_hp_gain":0.0,"max_hp_loss":0.0,"gold_gain":0.0,"event_name":"Shining Light","player_choice":"Entered Light","floor":4.0,"gold_loss":0.0,"damage_taken":21.0,"cards_upgraded":["Zap","Strike_B"]},{"damage_healed":0.0,"max_hp_gain":0.0,"max_hp_loss":0.0,"gold_gain":0.0,"event_name":"Lab","player_choice":"Got Potions","floor":10.0,"gold_loss":0.0,"damage_taken":0.0}],"is_beta":false,"boss_relics":[],"items_purged_floors":[],"is_endless":false,"potions_floor_spawned":[11],"killed_by":"Small Slimes","ascension_level":18}