{"gold_per_floor":[112,122,122,136,160,160,160],"floor_reached":7,"playtime":258,"items_purged":[],"score":43,"play_id":"295fe77c-d8e4-4822-b71a-139253b15039","local_time":"20180715175000","daily_mods":["Draft"],"is_ascension_mode":false,"campfire_choices":[{"data":"Battle Trance","floor":6,"key":"SMITH"}],"neow_cost":"","seed_source_timestamp":0,"circlet_count":0,"master_deck":["Perfected Strike","Flame Barrier","Thunderclap","Pommel Strike","Ghostly Armor","Spot Weakness","Rage","Pommel Strike","Uppercut","Power Through","Battle Trance+1","Cleave","Seeing Red","Armaments","Inflame","Wild Strike","Headbutt","Iron Wave"],"special_seed":0,"relics":["Burning Blood","Golden Idol"],"potions_floor_usage":[],"damage_taken":[{"damage":8.0,"enemies":"Jaw Worm","floor":1.0,"turns":2.0},{"damage":0.0,"enemies":"2 Louse","floor":2.0,"turns":2.0},{"damage":0.0,"enemies":"Cultist","floor":4.0,"turns":2.0},{"damage":0.0,"enemies":"Red Slaver","floor":5.0,"turns":4.0},{"damage":0,"enemies":"Exordium Thugs","floor":7,"turns":1}],"seed_played":"469733382782365655","potions_obtained":[{"floor":4.0,"key":"SpeedPotion"},{"floor":5.0,"key":"Regen Potion"}],"is_trial":true,"path_per_floor":["M","M","?","M","M","R"],"character_chosen":"IRONCLAD","items_purchased":[],"campfire_rested":0,"item_purchase_floors":[],"current_hp_per_floor":[78,80,60,66,72,72,72],"gold":160,"neow_bonus":"","is_prod":false,"is_daily":false,"chose_seed":false,"campfire_upgraded":1,"win_rate":0,"timestamp":1531644600,"path_taken":["M","M","?","M","?","R","M"],"build_version":"2018-07-13","purchased_purges":0,"victory":false,"max_hp_per_floor":[80,80,80,80,80,80,80],"card_choices":[{"not_picked":["Sword Boomerang","Sentinel"],"picked":"Perfected Strike","floor":0.0},{"not_picked":["Anger","Warcry"],"picked":"Flame Barrier","floor":0.0},{"not_picked":["Feel No Pain","Whirlwind"],"picked":"Thunderclap","floor":0.0},{"not_picked":["Bloodletting","Reckless Charge"],"picked":"Pommel Strike","floor":0.0},{"not_picked":["Evolve","Headbutt"],"picked":"Ghostly Armor","floor":0.0},{"not_picked":["Carnage","Anger"],"picked":"Spot Weakness","floor":0.0},{"not_picked":["Iron Wave","Anger"],"picked":"Rage","floor":0.0},{"not_picked":["Sword Boomerang","Blood for Blood"],"picked":"Pommel Strike","floor":0.0},{"not_picked":["Whirlwind","Inflame"],"picked":"Uppercut","floor":0.0},{"not_picked":["Infernal Blade","Uppercut"],"picked":"Power Through","floor":0.0},{"not_picked":["Shockwave","Rage"],"picked":"Battle Trance","floor":0.0},{"not_picked":["Anger","Havoc"],"picked":"Cleave","floor":0.0},{"not_picked":["Second Wind","Disarm"],"picked":"Seeing Red","floor":0.0},{"not_picked":["Havoc","Battle Trance"],"picked":"Armaments","floor":0.0},{"not_picked":["Iron Wave","Entrench"],"picked":"Inflame","floor":0.0},{"not_picked":["True Grit","Seeing Red"],"picked":"Wild Strike","floor":1.0},{"not_picked":["Shockwave","Clothesline","Armaments"],"picked":"SKIP","floor":2.0},{"not_picked":["Body Slam","Rupture"],"picked":"Headbutt","floor":4.0},{"not_picked":["Second Wind","True Grit"],"picked":"Iron Wave","floor":5.0}],"player_experience":181248,"relics_obtained":[],"event_choices":[{"event_name":"Golden Idol","player_choice":"Take Damage","floor":3.0,"damage_taken":0.0}],"boss_relics":[],"items_purged_floors":[],"is_endless":false,"potions_floor_spawned":[4,5],"killed_by":"Exordium Thugs","ascension_level":0}