{"gold_per_floor":[116,116,41,41,66,66,107,107,134,154,167,208,283,308,308,308],"floor_reached":16,"playtime":500,"items_purged":["Regret"],"score":270,"play_id":"a2400fe2-c5b7-4065-8066-8d8df79d78fa","local_time":"20190602024621","is_ascension_mode":true,"campfire_choices":[{"data":"Cloak And Dagger","floor":6.0,"key":"SMITH"},{"data":"Predator","floor":8.0,"key":"SMITH"},{"floor":15,"key":"REST"}],"neow_cost":"NONE","seed_source_timestamp":49166607010923,"circlet_count":0,"master_deck":["AscendersBane","Defend_G","Defend_G","Defend_G","Defend_G","Defend_G","Strike_G","Strike_G","Strike_G","Strike_G","Strike_G","Survivor","Neutralize","Poisoned Stab","Cloak And Dagger+1","Predator+1","Quick Slash","Well Laid Plans","Endless Agony","Burst"],"special_seed":0,"relics":["Ring of the Snake","NeowsBlessing","Pen Nib","Golden Idol","Pocketwatch","Lantern","Centennial Puzzle"],"potions_floor_usage":[12,12],"damage_taken":[{"damage":0.0,"enemies":"2 Louse","floor":1.0,"turns":1.0},{"damage":0.0,"enemies":"Small Slimes","floor":5.0,"turns":1.0},{"damage":0.0,"enemies":"3 Sentries","floor":7.0,"turns":1.0},{"damage":0.0,"enemies":"Jaw Worm","floor":10.0,"turns":2.0},{"damage":0.0,"enemies":"2 Fungi Beasts","floor":11.0,"turns":2.0},{"damage":7,"enemies":"Lagavulin","floor":12,"turns":4},{"damage":3,"enemies":"Exordium Thugs","floor":14,"turns":4},{"damage":38,"enemies":"The Guardian","floor":16,"turns":9}],"seed_played":"7116839943070885290","potions_obtained":[{"floor":5.0,"key":"SkillPotion"},{"floor":7.0,"key":"AttackPotion"}],"is_trial":false,"path_per_floor":["M","?","$","?","M","R","E","R","T","M","M","E","?","M","R","B"],"character_chosen":"THE_SILENT","items_purchased":[],"campfire_rested":1,"item_purchase_floors":[],"current_hp_per_floor":[59,59,59,36,36,36,36,36,36,36,36,29,18,15,34,0],"gold":308,"neow_bonus":"THREE_ENEMY_KILL","is_prod":false,"is_daily":false,"chose_seed":false,"campfire_upgraded":2,"win_rate":0,"timestamp":1559468781,"path_taken":["M","?","$","?","M","R","E","R","T","M","M","E","?","M","R","BOSS"],"build_version":"2019-01-23","purchased_purges":1,"victory":false,"max_hp_per_floor":[66,66,66,66,66,66,66,66,66,66,66,66,66,66,66,66],"card_choices":[{"not_picked":["Acrobatics","Expertise"],"picked":"Poisoned Stab","floor":1.0},{"not_picked":["Infinite Blades","Prepared"],"picked":"Cloak And Dagger","floor":5.0},{"not_picked":["Dagger Throw","Dodge and Roll"],"picked":"Predator","floor":7.0},{"not_picked":["Blur","Dodge and Roll"],"picked":"Quick Slash","floor":10.0},{"not_picked":["Quick Slash","Riddle With Holes"],"picked":"Well Laid Plans","floor":11.0},{"not_picked":["Concentrate","Dodge and Roll"],"picked":"Endless Agony","floor":12},{"not_picked":["Cloak And Dagger","Backflip"],"picked":"Burst","floor":14}],"player_experience":822633,"relics_obtained":[{"floor":7.0,"key":"Pocketwatch"},{"floor":9.0,"key":"Lantern"},{"floor":12,"key":"Centennial Puzzle"}],"event_choices":[{"damage_healed":0.0,"max_hp_gain":0.0,"max_hp_loss":0.0,"gold_gain":0.0,"event_name":"Big Fish","player_choice":"Box","floor":2.0,"gold_loss":0.0,"damage_taken":0.0,"relics_obtained":["Pen Nib"],"cards_obtained":["Regret"]},{"damage_healed":0.0,"max_hp_gain":0.0,"max_hp_loss":0.0,"gold_gain":0.0,"event_name":"Golden Idol","player_choice":"Take Damage","floor":4.0,"gold_loss":0.0,"damage_taken":23.0,"relics_obtained":["Golden Idol"]},{"damage_healed":0,"gold_gain":75,"player_choice":"Gather Gold","damage_taken":11,"max_hp_gain":0,"max_hp_loss":0,"event_name":"World of Goop","floor":13,"gold_loss":0}],"is_beta":false,"boss_relics":[],"items_purged_floors":[3],"is_endless":false,"potions_floor_spawned":[5,7,11],"killed_by":"The Guardian","ascension_level":20}