{"path_per_floor":["M","M","?","?","M","M","M","M","T","$","?","R","M","T","R","B",null,"M","T","?","?","M","E","R","?","T","R","T","E","M","$","R","B",null,"M","M","$","?","M","E","?","R","T","M","T","M","M","?","R","B"],"character_chosen":"IRONCLAD","items_purchased":["Apotheosis","Bronze Scales","Master of Strategy"],"gold_per_floor":[16,30,130,130,145,159,170,185,211,28,103,103,113,113,113,215,215,233,233,233,148,161,192,192,192,240,240,267,298,318,94,94,193,193,206,219,25,25,39,103,103,103,130,150,150,164,176,176,176,176],"floor_reached":51,"campfire_rested":0,"playtime":2377,"item_purchase_floors":[10,31,37],"current_hp_per_floor":[80,80,80,80,80,79,79,77,77,77,66,66,63,63,63,33,80,80,80,80,80,76,80,80,80,80,80,80,80,80,80,80,64,80,80,80,80,80,80,52,42,42,49,58,58,67,68,68,68,28],"items_purged":["Strike_R"],"gold":176,"score":757,"play_id":"72bf99b1-f892-4231-bb30-6a43e734d0bf","local_time":"20180613013512","is_prod":false,"is_daily":false,"chose_seed":false,"is_ascension_mode":false,"campfire_upgraded":2,"win_rate":0,"timestamp":1528821312,"campfire_choices":[{"data":"Apotheosis","floor":12,"key":"SMITH"},{"data":"Flex","floor":15,"key":"SMITH"},{"floor":24,"key":"DIG"},{"floor":27,"key":"DIG"},{"floor":32,"key":"DIG"},{"floor":42,"key":"DIG"},{"floor":49,"key":"DIG"}],"path_taken":["M","M","?","?","M","M","?","M","T","$","?","R","M","?","R","BOSS","M","?","?","?","?","E","R","?","T","R","?","E","M","?","R","BOSS","M","M","$","?","M","E","?","R","T","M","?","M","M","?","R","BOSS"],"build_version":"2018-06-11","seed_source_timestamp":4162736732415,"purchased_purges":1,"victory":true,"master_deck":["Defend_R","Defend_R","Defend_R","Bash","Pommel Strike","Shrug It Off","Warcry","Battle Trance","Flex+1","Apotheosis+1","Impervious","Seeing Red+1","Anger","Intimidate","Spot Weakness","Double Tap","Flex+1","Master of Strategy","Headbutt+1","Headbutt+1","Madness","Madness","Seeing Red","Rage"],"max_hp_per_floor":[80,80,80,80,80,80,80,80,80,80,80,80,80,80,80,80,80,80,80,80,80,80,80,80,80,80,80,80,80,80,80,80,80,80,80,80,80,80,80,80,80,80,87,87,87,87,87,87,87,87],"special_seed":17694,"relics":["Burning Blood","Vajra","Toolbox","Runic Cube","Shovel","Charon\u0027s Ashes","Bag of Preparation","Omamori","Bag of Marbles","Lantern","Ginger","Happy Flower","Pen Nib","Bronze Scales","Magic Flower","Cursed Key","Tiny Chest","Mummified Hand","Strawberry","Self Forming Clay","Peace Pipe"],"card_choices":[{"not_picked":["Pummel","Headbutt"],"picked":"Pommel Strike","floor":1},{"not_picked":["Headbutt","Body Slam"],"picked":"Shrug It Off","floor":2},{"not_picked":["Entrench","Sever Soul"],"picked":"Warcry","floor":5},{"not_picked":["Clothesline","Berserk","Headbutt"],"picked":"SKIP","floor":6},{"not_picked":["Entrench","True Grit"],"picked":"Battle Trance","floor":7},{"not_picked":["Clothesline","Blood for Blood"],"picked":"Flex","floor":8},{"not_picked":["Fire Breathing","Dropkick","Headbutt"],"picked":"SKIP","floor":13},{"not_picked":["Immolate","Dark Embrace"],"picked":"Impervious","floor":16},{"not_picked":["Burning Pact+1","Pommel Strike+1"],"picked":"Seeing Red+1","floor":18},{"not_picked":["Sever Soul","Inflame"],"picked":"Anger","floor":22},{"not_picked":["Armaments","Body Slam+1"],"picked":"Intimidate","floor":23},{"not_picked":["Power Through","Second Wind+1"],"picked":"Spot Weakness","floor":29},{"not_picked":["Infernal Blade","Dropkick","Havoc"],"picked":"SKIP","floor":30},{"not_picked":["Bludgeon","Berserk"],"picked":"Double Tap","floor":33},{"not_picked":["Pommel Strike+1","Heavy Blade+1"],"picked":"Flex+1","floor":35},{"not_picked":["Sentinel+1","Twin Strike","Thunderclap+1"],"picked":"SKIP","floor":36},{"not_picked":["Clothesline","Warcry+1"],"picked":"Headbutt+1","floor":39},{"not_picked":["Thunderclap","Searing Blow+1"],"picked":"Headbutt+1","floor":40},{"not_picked":["Perfected Strike+1","Body Slam+1"],"picked":"Seeing Red","floor":44},{"not_picked":["Double Tap","Perfected Strike"],"picked":"Rage","floor":46},{"not_picked":["Flame Barrier","Second Wind+1","Corruption"],"picked":"SKIP","floor":47}],"player_experience":149149,"potions_floor_usage":[18,33,33,50,50,50],"damage_taken":[{"damage":1,"enemies":"2 Louse","floor":1,"turns":3},{"damage":1,"enemies":"Cultist","floor":2,"turns":3},{"damage":6,"enemies":"Jaw Worm","floor":5,"turns":4},{"damage":7,"enemies":"Looter","floor":6,"turns":3},{"damage":6,"enemies":"Blue Slaver","floor":7,"turns":5},{"damage":8,"enemies":"2 Fungi Beasts","floor":8,"turns":4},{"damage":9,"enemies":"Exordium Thugs","floor":13,"turns":4},{"damage":36,"enemies":"The Guardian","floor":16,"turns":10},{"damage":6,"enemies":"Shell Parasite","floor":18,"turns":4},{"damage":10,"enemies":"2 Thieves","floor":22,"turns":4},{"damage":2,"enemies":"Gremlin Leader","floor":23,"turns":7},{"damage":0,"enemies":"Slavers","floor":29,"turns":4},{"damage":0,"enemies":"Chosen and Byrds","floor":30,"turns":2},{"damage":25,"enemies":"Collector","floor":33,"turns":6},{"damage":0,"enemies":"Orb Walker","floor":35,"turns":2},{"damage":6,"enemies":"Flame Bruiser 1 Orb","floor":36,"turns":3},{"damage":6,"enemies":"Maw","floor":39,"turns":5},{"damage":37,"enemies":"Nemesis","floor":40,"turns":5},{"damage":0,"enemies":"Transient","floor":44,"turns":5},{"damage":0,"enemies":"Spire Growth","floor":46,"turns":2},{"damage":8,"enemies":"3 Darklings","floor":47,"turns":4},{"damage":49,"enemies":"Donu and Deca","floor":50,"turns":7}],"relics_obtained":[{"floor":9,"key":"Vajra"},{"floor":14,"key":"Toolbox"},{"floor":19,"key":"Shovel"},{"floor":23,"key":"Bag of Preparation"},{"floor":24,"key":"Omamori"},{"floor":26,"key":"Lantern"},{"floor":27,"key":"Ginger"},{"floor":28,"key":"Happy Flower"},{"floor":29,"key":"Pen Nib"},{"floor":32,"key":"Magic Flower"},{"floor":40,"key":"Tiny Chest"},{"floor":42,"key":"Mummified Hand"},{"floor":43,"key":"Strawberry"},{"floor":45,"key":"Self Forming Clay"},{"floor":49,"key":"Peace Pipe"}],"event_choices":[{"event_name":"Wheel of Change","player_choice":"Gold","floor":3,"damage_taken":0},{"event_name":"Living Wall","player_choice":"Forget","floor":4,"damage_taken":0},{"event_name":"World of Goop","player_choice":"Gather Gold","floor":11,"damage_taken":0},{"event_name":"Back to Basics","player_choice":"Elegance","floor":20,"damage_taken":0},{"event_name":"Addict","player_choice":"Obtained Relic","floor":21,"damage_taken":0},{"event_name":"The Mausoleum","player_choice":"Yes","floor":25,"damage_taken":0},{"event_name":"The Lab","player_choice":"Got Potions","floor":38,"damage_taken":0},{"event_name":"Winding Halls","player_choice":"Embrace Madness","floor":41,"damage_taken":0},{"event_name":"Purifier","player_choice":"One Purge","floor":48,"damage_taken":0}],"boss_relics":[{"not_picked":["Eternal Feather","Runic Pyramid"],"picked":"Runic Cube"},{"not_picked":["Mark of Pain","Black Star"],"picked":"Cursed Key"}],"items_purged_floors":[31],"potions_floor_spawned":[1,5,7,16,23,30,36,40,46,47],"seed_played":"1874789284642370854","ascension_level":0,"potions_obtained":[{"floor":1,"key":"Weak Potion"},{"floor":5,"key":"AttackPotion"},{"floor":7,"key":"Ancient Potion"},{"floor":16,"key":"Ancient Potion"},{"floor":23,"key":"SpeedPotion"},{"floor":30,"key":"EssenceOfSteel"},{"floor":36,"key":"Explosive Potion"},{"floor":38,"key":"SmokeBomb"},{"floor":40,"key":"Strength Potion"},{"floor":47,"key":"Fire Potion"}],"is_trial":false}