{"gold_per_floor":[369,11,24,24,41,71,71,71,71,84,97,116,116,134,134,134],"floor_reached":16,"playtime":361,"items_purged":["Normality"],"score":104,"play_id":"7e62bc6b-5665-4ecb-9ac1-f1047c955cb2","local_time":"20190429074250","is_ascension_mode":false,"campfire_choices":[{"data":"Body Slam","floor":7,"key":"SMITH"},{"data":"Inflame","floor":15,"key":"SMITH"}],"neow_cost":"CURSE","seed_source_timestamp":160433533122,"circlet_count":0,"master_deck":["Strike_R","Strike_R","Strike_R","Defend_R","Defend_R","Defend_R","Defend_R","Bash","Body Slam+1","Inflame+1","Sword Boomerang","Iron Wave","Shrug It Off","True Grit"],"special_seed":0,"relics":["Burning Blood","Meat on the Bone","Pear","PreservedInsect"],"potions_floor_usage":[6,6,16],"damage_taken":[{"damage":1.0,"enemies":"2 Louse","floor":1.0,"turns":2.0},{"damage":1.0,"enemies":"Cultist","floor":3.0,"turns":3.0},{"damage":8,"enemies":"Jaw Worm","floor":5,"turns":3},{"damage":14,"enemies":"3 Sentries","floor":6,"turns":6},{"damage":0,"enemies":"2 Fungi Beasts","floor":10,"turns":4},{"damage":16,"enemies":"Large Slime","floor":11,"turns":4},{"damage":11,"enemies":"Red Slaver","floor":12,"turns":5},{"damage":25,"enemies":"Exordium Wildlife","floor":14,"turns":7},{"damage":54,"enemies":"The Guardian","floor":16,"turns":10}],"seed_played":"-2692815774382787068","potions_obtained":[{"floor":1.0,"key":"Explosive Potion"},{"floor":5,"key":"SpeedPotion"},{"floor":6,"key":"Block Potion"},{"floor":12,"key":"Ancient Potion"}],"is_trial":false,"path_per_floor":["M","$","M","?","M","E","R","$","T","M","M","M","?","M","R","B"],"character_chosen":"IRONCLAD","items_purchased":["Meat on the Bone","Inflame"],"campfire_rested":0,"item_purchase_floors":[2,2],"current_hp_per_floor":[80,80,80,80,78,80,80,80,80,86,76,71,64,57,57,3],"gold":134,"neow_bonus":"TWO_FIFTY_GOLD","is_prod":false,"is_daily":false,"chose_seed":false,"campfire_upgraded":2,"win_rate":0,"timestamp":1556491370,"path_taken":["M","$","M","?","?","E","R","?","T","M","M","M","?","M","R","BOSS"],"build_version":"2019-01-23","purchased_purges":1,"victory":false,"max_hp_per_floor":[80,80,80,80,80,90,90,90,90,90,90,90,90,90,90,90],"card_choices":[{"not_picked":["Pommel Strike","Rupture"],"picked":"Body Slam","floor":1.0},{"not_picked":["Corruption","Rampage"],"picked":"Sword Boomerang","floor":3.0},{"not_picked":["Disarm","Pommel Strike"],"picked":"Shrug It Off","floor":5},{"not_picked":["Shockwave","Berserk"],"picked":"True Grit","floor":6},{"not_picked":["Havoc","Sever Soul","Fire Breathing"],"picked":"SKIP","floor":10},{"not_picked":["Anger","Heavy Blade","Perfected Strike"],"picked":"SKIP","floor":11},{"not_picked":["Inflame","Twin Strike","Body Slam"],"picked":"SKIP","floor":12},{"not_picked":["Metallicize","Pommel Strike","Havoc"],"picked":"SKIP","floor":14}],"player_experience":977560,"relics_obtained":[{"floor":6,"key":"Pear"},{"floor":9,"key":"PreservedInsect"}],"event_choices":[{"cards_removed":["Strike_R"],"damage_healed":0,"gold_gain":0,"player_choice":"Took Card","damage_taken":0,"max_hp_gain":0,"max_hp_loss":0,"event_name":"NoteForYourself","floor":4,"gold_loss":0,"cards_obtained":["Iron Wave"]},{"cards_removed":["Strike_R"],"damage_healed":0,"gold_gain":0,"player_choice":"Card Removal","damage_taken":7,"max_hp_gain":0,"max_hp_loss":0,"event_name":"Golden Wing","floor":13,"gold_loss":0}],"is_beta":false,"boss_relics":[],"items_purged_floors":[2],"is_endless":false,"potions_floor_spawned":[1,5,6,12],"killed_by":"The Guardian","ascension_level":0}