{"path_per_floor":["M","M","?","M","?","E","M","M","T","M","?","M","R","M","R","B",null,"M","M","?","M","M","R","T","?","T"],"character_chosen":"IRONCLAD","items_purchased":[],"gold_per_floor":[14,31,31,42,117,142,157,168,168,181,181,199,199,216,216,316,316,335,348,271,290,308,308,308,223,248,248],"floor_reached":27,"campfire_rested":3,"playtime":1086,"current_hp_per_floor":[80,80,80,80,69,41,43,38,38,38,22,22,46,35,59,23,80,64,58,58,32,8,38,38,38,38,0],"items_purged":[],"gold":248,"score":219,"play_id":"69add4f5-0f7c-409a-bc8d-c6656347545f","local_time":"20180509144827","is_prod":false,"is_daily":false,"chose_seed":false,"is_ascension_mode":false,"campfire_upgraded":0,"timestamp":1525844907,"path_taken":["M","M","?","M","?","E","?","M","T","M","?","M","R","M","R","BOSS","M","M","?","M","?","R","?","?","T","?"],"build_version":"2018-05-07","seed_source_timestamp":8572848716147,"purchased_purges":0,"victory":false,"master_deck":["Strike_R","Strike_R","Strike_R","Strike_R+1","Strike_R","Defend_R","Defend_R","Defend_R","Defend_R","Bash+1","Cleave","Armaments","Rage","Flex","Anger+1","Pommel Strike","Warcry+1","Anger","J.A.X."],"max_hp_per_floor":[80,80,80,80,80,80,80,80,80,80,80,80,80,80,80,80,80,80,80,80,80,80,80,80,80,80,80],"relics":["Burning Blood","Bird Faced Urn","Sundial","Girya","Eternal Feather","Ginger","Gambling Chip","Dream Catcher"],"card_choices":[{"not_picked":["True Grit","Fire Breathing"],"picked":"Cleave","floor":1},{"not_picked":["Dual Wield","True Grit"],"picked":"Armaments","floor":4},{"not_picked":["Iron Wave","Heavy Blade"],"picked":"Rage","floor":6},{"not_picked":["Flame Barrier","Havoc"],"picked":"Flex","floor":7},{"not_picked":["True Grit","Armaments"],"picked":"Anger","floor":8},{"not_picked":["Burning Pact","Seeing Red"],"picked":"Pommel Strike","floor":10},{"not_picked":["Havoc","Heavy Blade"],"picked":"Warcry","floor":18},{"not_picked":["Thunderclap","Infernal Blade"],"picked":"Anger","floor":19}],"player_experience":25494,"potions_floor_usage":[6,12,16,22,22,27],"damage_taken":[{"damage":0,"enemies":"Small Slimes","floor":1,"turns":3},{"damage":6,"enemies":"Jaw Worm","floor":2,"turns":3},{"damage":3,"enemies":"2 Louse","floor":4,"turns":2},{"damage":34,"enemies":"Lagavulin","floor":6,"turns":6},{"damage":4,"enemies":"Blue Slaver","floor":7,"turns":4},{"damage":11,"enemies":"Red Slaver","floor":8,"turns":4},{"damage":6,"enemies":"2 Fungi Beasts","floor":10,"turns":3},{"damage":6,"enemies":"Exordium Wildlife","floor":12,"turns":2},{"damage":17,"enemies":"Large Slime","floor":14,"turns":6},{"damage":42,"enemies":"The Guardian","floor":16,"turns":12},{"damage":22,"enemies":"Shell Parasite","floor":18,"turns":7},{"damage":12,"enemies":"Spheric Guardian","floor":19,"turns":5},{"damage":32,"enemies":"3 Cultists","floor":21,"turns":6},{"damage":30,"enemies":"Cultist and Chosen","floor":22,"turns":5},{"damage":43,"enemies":"Slaver and Parasite","floor":27,"turns":3}],"event_choices":[{"event_name":"Living Wall","player_choice":"Grow","floor":3,"damage_taken":0},{"event_name":"World of Goop","player_choice":"Gather Gold","floor":5,"damage_taken":0},{"event_name":"Shining Light","player_choice":"Entered Light","floor":11,"damage_taken":0},{"event_name":"Drug Dealer","player_choice":"Got JAXXED","floor":20,"damage_taken":0},{"event_name":"Addict","player_choice":"Obtained Relic","floor":25,"damage_taken":0}],"boss_relics":[{"not_picked":["Tiny House","Black Blood"],"picked":"Eternal Feather"}],"potions_floor_spawned":[2,7,8,10,14,16,19,22],"seed_played":"7982333165422444518","killed_by":"Slaver and Parasite","ascension_level":0,"is_trial":false}