{"gold_per_floor":[111,36,54,72,91,91,123,123,205,216,228,228,243,71,71,71],"floor_reached":16,"playtime":388,"items_purged":[],"score":208,"play_id":"b5ea94af-95f9-46bd-93d8-08802753c7ec","local_time":"20190426000013","is_ascension_mode":true,"campfire_choices":[{"data":"Blood for Blood","floor":6.0,"key":"SMITH"},{"data":"Cleave","floor":8.0,"key":"SMITH"},{"data":"Battle Trance","floor":15,"key":"SMITH"}],"neow_cost":"NONE","seed_source_timestamp":2278273677999,"circlet_count":0,"master_deck":["AscendersBane","Strike_R","Strike_R","Strike_R","Strike_R","Defend_R","Defend_R","Bash","Battle Trance+1","Blood for Blood+1","Cleave+1","Thunderclap","Bloodletting","Shrug It Off","Headbutt"],"special_seed":0,"relics":["Burning Blood","WingedGreaves","Gremlin Horn","Omamori"],"potions_floor_usage":[11,16],"damage_taken":[{"damage":10.0,"enemies":"2 Louse","floor":1.0,"turns":3.0},{"damage":1.0,"enemies":"Small Slimes","floor":3.0,"turns":4.0},{"damage":9.0,"enemies":"Jaw Worm","floor":4.0,"turns":4.0},{"damage":1.0,"enemies":"2 Fungi Beasts","floor":5.0,"turns":3.0},{"damage":30.0,"enemies":"3 Sentries","floor":7.0,"turns":7.0},{"damage":16.0,"enemies":"Blue Slaver","floor":10.0,"turns":3.0},{"damage":0,"enemies":"3 Louse","floor":11,"turns":1},{"damage":0,"enemies":"Lots of Slimes","floor":13,"turns":1},{"damage":40,"enemies":"The Guardian","floor":16,"turns":9}],"seed_played":"6134538861825831978","potions_obtained":[{"floor":1.0,"key":"FearPotion"},{"floor":7.0,"key":"BloodPotion"},{"floor":10.0,"key":"Explosive Potion"},{"floor":11,"key":"SteroidPotion"}],"is_trial":false,"path_per_floor":["M","?","M","M","M","R","E","R","T","M","M","?","M","$","R","B"],"character_chosen":"IRONCLAD","items_purchased":["Omamori"],"campfire_rested":0,"item_purchase_floors":[14],"current_hp_per_floor":[64,64,69,66,71,71,47,47,47,44,50,43,49,49,49,9],"gold":71,"neow_bonus":"REMOVE_CARD","is_prod":false,"is_daily":false,"chose_seed":false,"campfire_upgraded":3,"win_rate":0,"timestamp":1556204413,"path_taken":["M","?","M","M","M","R","E","R","T","M","M","?","M","$","R","BOSS"],"build_version":"2019-01-23","purchased_purges":0,"victory":false,"max_hp_per_floor":[75,75,75,75,75,75,75,75,75,75,75,75,75,75,75,75],"card_choices":[{"not_picked":["Evolve","Iron Wave"],"picked":"Battle Trance","floor":1.0},{"not_picked":["Second Wind","Intimidate"],"picked":"Blood for Blood","floor":3.0},{"not_picked":["Pommel Strike","Wild Strike"],"picked":"Cleave","floor":4.0},{"not_picked":["Iron Wave","Pummel","Heavy Blade"],"picked":"SKIP","floor":5.0},{"not_picked":["Evolve","Flex"],"picked":"Thunderclap","floor":7.0},{"not_picked":["Uppercut","Headbutt"],"picked":"Bloodletting","floor":10.0},{"not_picked":["Feed","Anger"],"picked":"Shrug It Off","floor":11},{"not_picked":["Sever Soul","Armaments"],"picked":"Headbutt","floor":13}],"player_experience":960008,"relics_obtained":[{"floor":7.0,"key":"WingedGreaves"},{"floor":9.0,"key":"Gremlin Horn"}],"event_choices":[{"cards_removed":["Defend_R"],"damage_healed":0.0,"max_hp_gain":0.0,"max_hp_loss":0.0,"gold_gain":0.0,"event_name":"The Cleric","player_choice":"Card Removal","floor":2.0,"gold_loss":75.0,"damage_taken":0.0},{"cards_removed":["Defend_R"],"damage_healed":0,"gold_gain":0,"player_choice":"Card Removal","damage_taken":7,"max_hp_gain":0,"max_hp_loss":0,"event_name":"Golden Wing","floor":12,"gold_loss":0}],"is_beta":false,"boss_relics":[],"items_purged_floors":[],"is_endless":false,"potions_floor_spawned":[1,7,10,11],"killed_by":"The Guardian","ascension_level":20}