{"gold_per_floor":[112,123,198,209,229,229,229,229,304,404,422,22,22,35,35,35],"floor_reached":16,"playtime":326,"items_purged":["Strike_R"],"score":184,"play_id":"4d7f26fd-8325-4006-afc7-8f349e8e1f43","local_time":"20190506133805","is_ascension_mode":true,"campfire_choices":[{"data":"Wild Strike","floor":6,"key":"SMITH"},{"data":"Flame Barrier","floor":8,"key":"SMITH"},{"data":"Demon Form","floor":13,"key":"SMITH"},{"floor":15,"key":"REST"}],"neow_cost":"NONE","seed_source_timestamp":10021005349407,"circlet_count":0,"master_deck":["AscendersBane","Strike_R","Strike_R","Strike_R","Defend_R","Defend_R","Defend_R","Defend_R","Bash+1","Wild Strike+1","Flame Barrier+1","Ghostly Armor","Ghostly Armor","Demon Form+1"],"relics":["Burning Blood","Blue Candle","Strawberry"],"potions_floor_usage":[16],"damage_taken":[{"damage":19,"enemies":"Small Slimes","floor":1,"turns":4},{"damage":9,"enemies":"2 Louse","floor":2,"turns":3},{"damage":0,"enemies":"Cultist","floor":4,"turns":2},{"damage":11,"enemies":"Red Slaver","floor":5,"turns":3},{"damage":20,"enemies":"Gremlin Gang","floor":11,"turns":7},{"damage":11,"enemies":"Blue Slaver","floor":14,"turns":4},{"damage":40,"enemies":"Hexaghost","floor":16,"turns":9}],"seed_played":"6829057523290841382","potions_obtained":[{"floor":2,"key":"PowerPotion"},{"floor":4,"key":"Strength Potion"}],"is_trial":false,"path_per_floor":["M","M","?","M","M","R","?","R","T","?","M","$","R","M","R","B"],"character_chosen":"IRONCLAD","items_purchased":["Demon Form","Strawberry"],"campfire_rested":1,"item_purchase_floors":[12,12],"current_hp_per_floor":[55,52,41,47,42,42,42,42,42,42,28,35,35,30,54,14],"gold":35,"neow_bonus":"UPGRADE_CARD","is_prod":false,"is_daily":false,"chose_seed":false,"campfire_upgraded":3,"win_rate":0,"timestamp":1557117485,"path_taken":["M","M","?","M","M","R","?","R","T","?","?","?","R","M","R","BOSS"],"build_version":"2019-01-23","purchased_purges":1,"victory":false,"max_hp_per_floor":[75,75,75,75,75,75,75,75,75,75,75,82,82,82,82,82],"card_choices":[{"not_picked":["Thunderclap","Shrug It Off"],"picked":"Wild Strike","floor":1},{"not_picked":["Searing Blow","Iron Wave","Wild Strike"],"picked":"SKIP","floor":2},{"not_picked":["Bloodletting","Infernal Blade"],"picked":"Flame Barrier","floor":4},{"not_picked":["Thunderclap","Sword Boomerang"],"picked":"Ghostly Armor","floor":5},{"not_picked":["Disarm","Sword Boomerang","Clash"],"picked":"SKIP","floor":11},{"not_picked":["Pommel Strike","Clash","Ghostly Armor"],"picked":"SKIP","floor":14}],"player_experience":1006676,"relics_obtained":[{"floor":9,"key":"Blue Candle"}],"event_choices":[{"damage_healed":0,"gold_gain":75,"player_choice":"Gather Gold","damage_taken":11,"max_hp_gain":0,"max_hp_loss":0,"event_name":"World of Goop","floor":3,"gold_loss":0},{"damage_healed":0,"gold_gain":0,"cards_transformed":["Strike_R"],"player_choice":"Change","damage_taken":0,"max_hp_gain":0,"max_hp_loss":0,"event_name":"Living Wall","floor":7,"gold_loss":0,"cards_obtained":["Ghostly Armor"]},{"damage_healed":0,"gold_gain":100,"player_choice":"Gold","damage_taken":0,"max_hp_gain":0,"max_hp_loss":0,"event_name":"Wheel of Change","floor":10,"gold_loss":0}],"is_beta":false,"boss_relics":[],"items_purged_floors":[12],"is_endless":false,"potions_floor_spawned":[2,4],"killed_by":"Hexaghost","ascension_level":20}