{"gold_per_floor":[118,134,134,134,234,234,234,15,15,15,15,33,63,81,81,181,181,200,214,139,151,250,250,282,282,282,298,312,324,324,343,343,448,448,464,464,62,62,62,62,73,88,88,88,88,121,134,134,134,134],"floor_reached":51,"playtime":2243,"items_purged":["Strike_R","Defend_R"],"score":770,"play_id":"faa42763-192d-4e5f-8f42-0d7dfdfac88d","local_time":"20180923181409","is_ascension_mode":false,"campfire_choices":[{"data":"Armaments","floor":6.0,"key":"SMITH"},{"data":"Double Tap","floor":15.0,"key":"SMITH"},{"floor":23.0,"key":"REST"},{"data":"Offering","floor":30.0,"key":"SMITH"},{"data":"Seeing Red","floor":32.0,"key":"SMITH"},{"data":"Exhume","floor":40.0,"key":"SMITH"},{"data":"Apotheosis","floor":44.0,"key":"SMITH"},{"data":"Rupture","floor":49,"key":"SMITH"}],"neow_cost":"CURSE","seed_source_timestamp":9343203269868,"circlet_count":0,"master_deck":["Strike_R","Strike_R","Defend_R","Defend_R+1","Defend_R","Bash","Heavy Blade+1","Seeing Red+1","Armaments+1","Warcry","Battle Trance","Flex","Havoc","Double Tap+1","Offering+1","Whirlwind+1","Uppercut","Exhume+1","Rupture+1","Offering","Apotheosis+1","Bandage Up","Madness","Madness","Dual Wield","Feel No Pain+1","Doubt"],"special_seed":0,"relics":["Burning Blood","Question Card","Pen Nib","Pantograph","Vajra","Runic Cube","Centennial Puzzle","Gremlin Horn","Paper Frog","Busted Crown","Ancient Tea Set","Dodecahedron","Frozen Egg 2"],"potions_floor_usage":[47,47],"damage_taken":[{"damage":1.0,"enemies":"Jaw Worm","floor":1.0,"turns":3.0},{"damage":4.0,"enemies":"Cultist","floor":2.0,"turns":4.0},{"damage":0.0,"enemies":"2 Louse","floor":12.0,"turns":3.0},{"damage":15.0,"enemies":"Lagavulin","floor":13.0,"turns":8.0},{"damage":2.0,"enemies":"Looter","floor":14.0,"turns":3.0},{"damage":26.0,"enemies":"The Guardian","floor":16.0,"turns":11.0},{"damage":18.0,"enemies":"Shell Parasite","floor":18.0,"turns":3.0},{"damage":29.0,"enemies":"3 Byrds","floor":19.0,"turns":5.0},{"damage":15.0,"enemies":"Centurion and Healer","floor":21.0,"turns":4.0},{"damage":6.0,"enemies":"Slavers","floor":24.0,"turns":2.0},{"damage":0.0,"enemies":"Sentry and Sphere","floor":27.0,"turns":3.0},{"damage":16.0,"enemies":"Shelled Parasite and Fungi","floor":28.0,"turns":3.0},{"damage":11.0,"enemies":"Snake Plant","floor":29.0,"turns":2.0},{"damage":6.0,"enemies":"3 Cultists","floor":31.0,"turns":2.0},{"damage":72.0,"enemies":"Champ","floor":33.0,"turns":10.0},{"damage":24.0,"enemies":"3 Shapes","floor":35.0,"turns":2.0},{"damage":6.0,"enemies":"3 Darklings","floor":41.0,"turns":1.0},{"damage":19.0,"enemies":"Transient","floor":42.0,"turns":5.0},{"damage":37.0,"enemies":"Nemesis","floor":46.0,"turns":3.0},{"damage":0,"enemies":"Reptomancer","floor":47,"turns":1},{"damage":64,"enemies":"Awakened One","floor":50,"turns":10}],"seed_played":"-1818130809309266372","potions_obtained":[{"floor":2.0,"key":"GamblersBrew"},{"floor":27.0,"key":"FairyPotion"},{"floor":28.0,"key":"FearPotion"},{"floor":29.0,"key":"Strength Potion"}],"is_trial":false,"path_per_floor":["M","M","?","?","?","R","?","$","T","$","?","M","E","M","R","B",null,"M","M","$","M","?","R","E","T","T","M","M","M","R","M","R","B",null,"M","?","$","?","?","R","M","M","T","R","$","E","M","?","R","B"],"character_chosen":"IRONCLAD","items_purchased":["Pen Nib","Battle Trance","Rupture","Offering","Ancient Tea Set"],"campfire_rested":1,"item_purchase_floors":[8,8,37,37,37],"current_hp_per_floor":[80,80,80,64,64,64,46,46,46,46,46,52,43,47,47,52,80,68,45,45,36,36,60,60,60,60,66,56,51,51,51,51,10,80,62,62,62,52,42,42,42,33,33,33,33,8,18,80,80,26],"gold":134,"neow_bonus":"TRANSFORM_TWO_CARDS","is_prod":false,"is_daily":false,"chose_seed":false,"campfire_upgraded":7,"win_rate":0,"timestamp":1537694049,"path_taken":["M","M","?","?","?","R","?","$","T","$","?","?","E","M","R","BOSS","M","?","$","M","?","R","E","?","T","?","M","M","R","M","R","BOSS","M","?","$","?","?","R","?","M","T","R","$","E","M","?","R","BOSS"],"build_version":"2018-09-20","purchased_purges":2,"victory":true,"max_hp_per_floor":[80,80,80,80,80,80,80,80,80,80,80,80,80,80,80,80,80,80,80,80,80,80,80,80,80,80,80,80,80,80,80,80,80,80,80,80,80,80,80,80,80,80,80,80,80,80,80,80,80,80],"card_choices":[{"not_picked":["Combust","Cleave"],"picked":"Armaments","floor":1.0},{"not_picked":["Iron Wave","Perfected Strike"],"picked":"Warcry","floor":2.0},{"not_picked":["Anger","Wild Strike","Heavy Blade"],"picked":"Flex","floor":12.0},{"not_picked":["Flex","Headbutt","Anger"],"picked":"Havoc","floor":13.0},{"not_picked":["Pommel Strike","Sword Boomerang","Headbutt"],"picked":"Double Tap","floor":14.0},{"not_picked":["Double Tap","Juggernaut","Immolate"],"picked":"Offering","floor":16.0},{"not_picked":["Armaments+1","Sword Boomerang","Warcry","Combust"],"picked":"SKIP","floor":18.0},{"not_picked":["Clash","True Grit","Infernal Blade"],"picked":"Whirlwind+1","floor":19.0},{"not_picked":["Battle Trance+1","Cleave+1","Flex","Fire Breathing"],"picked":"SKIP","floor":21.0},{"not_picked":["Perfected Strike","Shockwave","Pommel Strike","Cleave"],"picked":"SKIP","floor":24.0},{"not_picked":["Burning Pact","Bludgeon","Armaments"],"picked":"Uppercut","floor":27.0},{"not_picked":["Ghostly Armor","Twin Strike+1","Wild Strike","Havoc"],"picked":"SKIP","floor":28.0},{"not_picked":["Warcry","Flex","Infernal Blade","Clothesline"],"picked":"SKIP","floor":29.0},{"not_picked":["Battle Trance","Rupture","Sword Boomerang+1","Rampage"],"picked":"SKIP","floor":31.0},{"not_picked":["Fiend Fire","Feed","Brutality"],"picked":"Exhume","floor":33.0},{"not_picked":["Shrug It Off","Infernal Blade+1"],"picked":"SKIP","floor":35.0},{"not_picked":["Mayhem"],"picked":"Apotheosis","floor":38.0},{"not_picked":["Magnetism"],"picked":"Bandage Up","floor":38.0},{"not_picked":["Sword Boomerang","Clothesline"],"picked":"SKIP","floor":41.0},{"not_picked":["Clothesline"],"picked":"Dual Wield","floor":42.0},{"not_picked":["Berserk"],"picked":"Feel No Pain","floor":46.0},{"not_picked":["Iron Wave","Clash"],"picked":"SKIP","floor":47}],"player_experience":157471,"relics_obtained":[{"floor":9.0,"key":"Pantograph"},{"floor":13.0,"key":"Vajra"},{"floor":24.0,"key":"Centennial Puzzle"},{"floor":25.0,"key":"Gremlin Horn"},{"floor":26.0,"key":"Paper Frog"},{"floor":43.0,"key":"Dodecahedron"},{"floor":46.0,"key":"Frozen Egg 2"}],"event_choices":[{"event_name":"Fountain of Cleansing","player_choice":"Removed Curse","floor":3.0,"damage_taken":0.0},{"event_name":"Shining Light","player_choice":"Entered Light","floor":4.0,"damage_taken":0.0},{"event_name":"Golden Shrine","player_choice":"Pray","floor":5.0,"damage_taken":0.0},{"event_name":"Scrap Ooze","player_choice":"success","floor":7.0,"damage_taken":18.0},{"event_name":"Liars Game","player_choice":"disagreed","floor":11.0,"damage_taken":0.0},{"event_name":"Nest","player_choice":"Stole From Cult","floor":22.0,"damage_taken":0.0},{"event_name":"Tomb of Lord Red Mask","player_choice":"Ignored","floor":36.0,"damage_taken":0.0},{"event_name":"SensoryStone","player_choice":"Memory 3","floor":38.0,"damage_taken":0.0},{"event_name":"Winding Halls","player_choice":"Embrace Madness","floor":39.0,"damage_taken":0.0},{"event_name":"MindBloom","player_choice":"Heal","floor":48,"damage_taken":0}],"is_beta":false,"boss_relics":[{"not_picked":["Mark of Pain","Black Blood"],"picked":"Runic Cube"},{"not_picked":["Runic Dome","Philosopher\u0027s Stone"],"picked":"Busted Crown"}],"items_purged_floors":[20,37],"is_endless":false,"potions_floor_spawned":[2,27,28,29,31,35,46],"ascension_level":0}