{"gold_per_floor":[117,137,62,62,12,12,12,87,133,166,166,178,192,207,207,312,312,312,312,191,191,191,191,191,191,191,191,191,191,191,191,191,191,191,191,191,191,191,191,191,191,191,191,191,141,141,141,141,141,141],"floor_reached":51,"playtime":3093,"items_purged":["Defend_R","Feel No Pain","Strike_R"],"score":926,"play_id":"3cd5ca52-12a3-4ee4-8ff8-ecf601d1e0d8","local_time":"20181102190459","is_ascension_mode":true,"campfire_choices":[{"data":"Flex","floor":6.0,"key":"SMITH"},{"data":"Bash","floor":11.0,"key":"SMITH"},{"data":"Heavy Blade","floor":15.0,"key":"SMITH"},{"data":"Sword Boomerang","floor":23.0,"key":"SMITH"},{"data":"Double Tap","floor":25.0,"key":"SMITH"},{"data":"Battle Trance","floor":30.0,"key":"SMITH"},{"data":"Spot Weakness","floor":32.0,"key":"SMITH"},{"data":"Offering","floor":40.0,"key":"SMITH"},{"floor":49,"key":"REST"}],"neow_cost":"NONE","seed_source_timestamp":0,"circlet_count":0,"master_deck":["Strike_R","Defend_R","Defend_R","Defend_R","Bash+1","Flex+1","Sword Boomerang+1","Reaper","Spot Weakness+1","Heavy Blade+1","Double Tap+1","Whirlwind+1","Battle Trance+1","Offering+1","Shrug It Off","Dual Wield+1","True Grit+1","Iron Wave+1"],"special_seed":0,"relics":["Burning Blood","Smiling Mask","Bottled Flame","Ectoplasm","Ancient Tea Set","StoneCalendar","Bottled Lightning","Red Mask","Runic Cube","Unceasing Top","Nunchaku","Strawberry","Darkstone Periapt"],"potions_floor_usage":[41,46,46,50,50],"damage_taken":[{"damage":10.0,"enemies":"2 Louse","floor":1.0,"turns":3.0},{"damage":13.0,"enemies":"Small Slimes","floor":2.0,"turns":4.0},{"damage":32.0,"enemies":"Gremlin Nob","floor":10.0,"turns":4.0},{"damage":1.0,"enemies":"Cultist","floor":12.0,"turns":4.0},{"damage":12.0,"enemies":"3 Louse","floor":13.0,"turns":3.0},{"damage":26.0,"enemies":"Lots of Slimes","floor":14.0,"turns":4.0},{"damage":31.0,"enemies":"The Guardian","floor":16.0,"turns":8.0},{"damage":23.0,"enemies":"Shell Parasite","floor":18.0,"turns":3.0},{"damage":1.0,"enemies":"Spheric Guardian","floor":19.0,"turns":3.0},{"damage":0.0,"enemies":"3 Cultists","floor":22.0,"turns":2.0},{"damage":18.0,"enemies":"Centurion and Healer","floor":24.0,"turns":3.0},{"damage":23.0,"enemies":"Colosseum Slavers","floor":28.0,"turns":3.0},{"damage":53.0,"enemies":"Colosseum Nobs","floor":28.0,"turns":4.0},{"damage":26.0,"enemies":"Masked Bandits","floor":29.0,"turns":3.0},{"damage":0.0,"enemies":"Snake Plant","floor":31.0,"turns":2.0},{"damage":32.0,"enemies":"Collector","floor":33.0,"turns":3.0},{"damage":7.0,"enemies":"3 Darklings","floor":35.0,"turns":2.0},{"damage":48.0,"enemies":"Mind Bloom Boss Battle","floor":36.0,"turns":4.0},{"damage":54.0,"enemies":"2 Orb Walkers","floor":37.0,"turns":3.0},{"damage":6,"enemies":"Nemesis","floor":41,"turns":1},{"damage":20,"enemies":"3 Shapes","floor":42,"turns":2},{"damage":12,"enemies":"Sphere and 2 Shapes","floor":44,"turns":4},{"damage":8,"enemies":"Maw","floor":46,"turns":6},{"damage":55,"enemies":"Spire Growth","floor":47,"turns":5},{"damage":58,"enemies":"Awakened One","floor":50,"turns":8}],"seed_played":"-2071366150866186927","potions_obtained":[{"floor":10.0,"key":"SmokeBomb"},{"floor":12.0,"key":"PowerPotion"},{"floor":14.0,"key":"SteroidPotion"},{"floor":16.0,"key":"Fruit Juice"},{"floor":19.0,"key":"Strength Potion"},{"floor":21.0,"key":"SteroidPotion"},{"floor":28.0,"key":"SpeedPotion"},{"floor":31.0,"key":"SteroidPotion"},{"floor":33.0,"key":"Block Potion"},{"floor":46,"key":"Fruit Juice"},{"floor":47,"key":"AttackPotion"}],"is_trial":false,"path_per_floor":["M","M","$","?","?","R","?","?","T","E","R","M","M","M","R","B",null,"M","M","$","?","M","R","M","R","T","?","?","?","R","M","R","B",null,"M","?","?","?","?","R","E","M","T","M","$","M","M","?","R","B",null],"character_chosen":"IRONCLAD","items_purchased":["Battle Trance"],"campfire_rested":1,"item_purchase_floors":[20],"current_hp_per_floor":[76,69,69,69,69,69,69,61,61,47,47,59,70,64,64,55,80,77,82,82,82,85,85,77,77,77,77,30,42,42,48,48,57,85,85,79,53,53,53,53,60,46,46,59,59,80,55,55,82,74],"gold":141,"neow_bonus":"TRANSFORM_CARD","is_prod":false,"is_daily":false,"chose_seed":false,"campfire_upgraded":8,"win_rate":0,"timestamp":1541153099,"path_taken":["M","M","$","?","?","R","?","?","T","E","R","M","M","M","R","BOSS","M","?","$","?","?","R","M","R","T","?","?","?","R","M","R","BOSS","M","?","?","?","?","R","E","M","T","?","$","M","M","?","R","BOSS"],"build_version":"2018-11-01","purchased_purges":3,"victory":true,"max_hp_per_floor":[80,80,80,80,80,80,80,80,80,80,80,80,80,80,80,80,80,85,85,85,85,85,85,85,85,85,85,85,85,85,85,85,85,85,85,85,85,85,85,85,92,92,92,92,92,97,97,92,92,92],"card_choices":[{"not_picked":["Havoc","Cleave"],"picked":"Sword Boomerang","floor":1.0},{"not_picked":["Sword Boomerang","Twin Strike"],"picked":"Reaper","floor":2.0},{"not_picked":["Entrench","Sword Boomerang","Havoc"],"picked":"SKIP","floor":10.0},{"not_picked":["Body Slam","Clash","True Grit"],"picked":"SKIP","floor":12.0},{"not_picked":["Cleave","Headbutt"],"picked":"Spot Weakness","floor":13.0},{"not_picked":["Havoc","Cleave"],"picked":"Heavy Blade","floor":14.0},{"not_picked":["Immolate","Juggernaut"],"picked":"Double Tap","floor":16.0},{"not_picked":["Clash","Shrug It Off"],"picked":"Whirlwind+1","floor":18.0},{"not_picked":["Anger+1","Dual Wield+1","Twin Strike+1"],"picked":"SKIP","floor":19.0},{"not_picked":["Battle Trance","Cleave","Warcry"],"picked":"SKIP","floor":22.0},{"not_picked":["Sentinel","Thunderclap","Power Through"],"picked":"SKIP","floor":24.0},{"not_picked":["Seeing Red","Clothesline"],"picked":"Thunderclap+1","floor":28.0},{"not_picked":["Clash","Havoc","Uppercut"],"picked":"SKIP","floor":31.0},{"not_picked":["Berserk","Double Tap"],"picked":"Offering","floor":33.0},{"not_picked":["Cleave+1","Thunderclap+1"],"picked":"Shrug It Off","floor":35.0},{"not_picked":["Corruption","Double Tap"],"picked":"Dual Wield+1","floor":36.0},{"not_picked":["Body Slam","Sword Boomerang","Armaments+1"],"picked":"SKIP","floor":41},{"not_picked":["Clash+1","Anger"],"picked":"True Grit+1","floor":42},{"not_picked":["Infernal Blade+1","Clothesline+1","Sword Boomerang"],"picked":"SKIP","floor":44},{"not_picked":["Cleave","Rage+1"],"picked":"Iron Wave+1","floor":46},{"not_picked":["Dropkick+1","Sever Soul","Perfected Strike+1"],"picked":"SKIP","floor":47}],"player_experience":256382,"relics_obtained":[{"floor":9.0,"key":"Smiling Mask"},{"floor":10.0,"key":"Bottled Flame"},{"floor":26.0,"key":"Ancient Tea Set"},{"floor":28.0,"key":"StoneCalendar"},{"floor":28.0,"key":"Bottled Lightning"},{"floor":29.0,"key":"Red Mask"},{"floor":36.0,"key":"Unceasing Top"},{"floor":37.0,"key":"Nunchaku"},{"floor":41,"key":"Strawberry"},{"floor":43,"key":"Darkstone Periapt"}],"event_choices":[{"damage_healed":0.0,"max_hp_gain":0.0,"max_hp_loss":0.0,"gold_gain":0.0,"event_name":"Liars Game","player_choice":"Ignored","floor":4.0,"gold_loss":0.0,"damage_taken":0.0},{"cards_removed":["Strike_R"],"damage_healed":0.0,"max_hp_gain":0.0,"max_hp_loss":0.0,"gold_gain":0.0,"event_name":"The Cleric","player_choice":"Card Removal","floor":5.0,"gold_loss":50.0,"damage_taken":0.0},{"damage_healed":0.0,"max_hp_gain":0.0,"max_hp_loss":0.0,"gold_gain":0.0,"cards_transformed":["Strike_R"],"event_name":"Living Wall","player_choice":"Change","floor":7.0,"gold_loss":0.0,"damage_taken":0.0,"cards_obtained":["Feel No Pain"]},{"damage_healed":0.0,"max_hp_gain":0.0,"max_hp_loss":0.0,"gold_gain":75.0,"event_name":"FaceTrader","player_choice":"Touch","floor":8.0,"gold_loss":0.0,"damage_taken":8.0},{"damage_healed":0.0,"max_hp_gain":0.0,"max_hp_loss":0.0,"gold_gain":0.0,"event_name":"Lab","player_choice":"Got Potions","floor":21.0,"gold_loss":0.0,"damage_taken":0.0},{"damage_healed":0.0,"max_hp_gain":0.0,"max_hp_loss":0.0,"gold_gain":0.0,"event_name":"Vampires","player_choice":"Ignored","floor":27.0,"gold_loss":0.0,"damage_taken":0.0},{"damage_healed":0.0,"max_hp_gain":0.0,"max_hp_loss":0.0,"gold_gain":0.0,"event_name":"Colosseum","player_choice":"Fight","floor":28.0,"gold_loss":0.0,"damage_taken":0.0},{"damage_healed":0.0,"max_hp_gain":0.0,"max_hp_loss":0.0,"gold_gain":0.0,"event_name":"Colosseum","player_choice":"Fought Nobs","floor":28.0,"gold_loss":0.0,"damage_taken":0.0},{"damage_healed":0.0,"max_hp_gain":0.0,"max_hp_loss":0.0,"gold_gain":0.0,"event_name":"Masked Bandits","player_choice":"Fought Bandits","floor":29.0,"gold_loss":0.0,"damage_taken":0.0},{"damage_healed":0.0,"max_hp_gain":0.0,"max_hp_loss":0.0,"gold_gain":0.0,"event_name":"MindBloom","player_choice":"Fight","floor":36.0,"gold_loss":0.0,"damage_taken":0.0},{"damage_healed":0.0,"max_hp_gain":0.0,"max_hp_loss":0.0,"gold_gain":0.0,"event_name":"Mysterious Sphere","player_choice":"Fight","floor":37.0,"gold_loss":0.0,"damage_taken":0.0},{"damage_healed":0.0,"max_hp_gain":0.0,"max_hp_loss":0.0,"gold_gain":222.0,"event_name":"Tomb of Lord Red Mask","player_choice":"Wore Mask","floor":38.0,"gold_loss":0.0,"damage_taken":0.0},{"cards_removed":["Thunderclap"],"damage_healed":0.0,"max_hp_gain":0.0,"max_hp_loss":0.0,"gold_gain":0.0,"event_name":"Falling","player_choice":"Removed Attack","floor":39.0,"gold_loss":0.0,"damage_taken":0.0},{"damage_healed":0,"gold_gain":0,"player_choice":"Max HP","damage_taken":0,"max_hp_gain":0,"max_hp_loss":5,"event_name":"Winding Halls","floor":48,"gold_loss":0}],"is_beta":false,"boss_relics":[{"not_picked":["Snecko Eye","Fusion Hammer"],"picked":"Ectoplasm"},{"not_picked":["Calling Bell","Black Blood"],"picked":"Runic Cube"}],"items_purged_floors":[3,20,45],"is_endless":false,"potions_floor_spawned":[10,12,14,16,19,28,31,33,46,47],"ascension_level":3}