{"gold_per_floor":[117,134,134,134,147,147,65,135,206,235,235,251,269,194,194,294,294,304,320,32,32,43,58,68,95,118,118,118,130,130,141,141,141],"floor_reached":33,"playtime":1224,"items_purged":["Strike_R"],"score":269,"play_id":"5dddc3d1-4cc7-48fe-a2b2-109b76274b43","local_time":"20180909031723","is_ascension_mode":false,"campfire_choices":[{"data":"Warcry","floor":6.0,"key":"SMITH"},{"data":"Dual Wield","floor":15.0,"key":"SMITH"},{"data":"Burning Pact","floor":27,"key":"SMITH"},{"data":"Spot Weakness","floor":30,"key":"SMITH"},{"data":"Juggernaut","floor":32,"key":"SMITH"}],"neow_cost":"NONE","seed_source_timestamp":11302951431436,"circlet_count":0,"master_deck":["Strike_R","Strike_R+1","Strike_R+1","Defend_R","Defend_R","Defend_R","Defend_R","Bash","Spot Weakness+1","Headbutt","Warcry+1","Second Wind","Dual Wield+1","Juggernaut+1","Bludgeon","Iron Wave+1","Burning Pact+1","Shrug It Off+1","Dramatic Entrance","True Grit+1"],"special_seed":0,"relics":["Burning Blood","Orichalcum","Mercury Hourglass","Gremlin Horn","Thread and Needle","Coffee Dripper","Ginger","Smiling Mask","Potion Belt"],"potions_floor_usage":[31,33],"damage_taken":[{"damage":5.0,"enemies":"Cultist","floor":1.0,"turns":4.0},{"damage":1.0,"enemies":"Small Slimes","floor":2.0,"turns":3.0},{"damage":0.0,"enemies":"2 Louse","floor":5.0,"turns":2.0},{"damage":11.0,"enemies":"3 Sentries","floor":10.0,"turns":6.0},{"damage":0.0,"enemies":"Red Slaver","floor":12.0,"turns":3.0},{"damage":0.0,"enemies":"3 Louse","floor":13.0,"turns":1.0},{"damage":28.0,"enemies":"The Guardian","floor":16.0,"turns":8.0},{"damage":2.0,"enemies":"3 Byrds","floor":18.0,"turns":3.0},{"damage":5.0,"enemies":"Shell Parasite","floor":19.0,"turns":3.0},{"damage":25,"enemies":"3 Cultists","floor":22,"turns":5},{"damage":0,"enemies":"Cultist and Chosen","floor":23,"turns":4},{"damage":5,"enemies":"Chosen and Byrds","floor":24,"turns":4},{"damage":26,"enemies":"Gremlin Leader","floor":25,"turns":6},{"damage":9,"enemies":"Snake Plant","floor":29,"turns":4},{"damage":0,"enemies":"3 Cultists","floor":31,"turns":4},{"damage":26,"enemies":"Champ","floor":33,"turns":9}],"seed_played":"4383573616070700281","potions_obtained":[{"floor":2.0,"key":"SkillPotion"},{"floor":10.0,"key":"Dexterity Potion"},{"floor":13.0,"key":"Swift Potion"},{"floor":18.0,"key":"PowerPotion"},{"floor":22,"key":"Explosive Potion"}],"is_trial":false,"path_per_floor":["M","M","?","?","M","R","$","T","T","E","?","M","M","$","R","B",null,"M","M","$","?","M","M","M","E","T","R","?","M","R","M","R"],"character_chosen":"IRONCLAD","items_purchased":["Dual Wield","Ginger"],"campfire_rested":0,"item_purchase_floors":[7,20],"current_hp_per_floor":[80,80,80,80,80,80,80,80,80,75,59,65,71,71,71,49,80,80,80,80,80,61,67,68,48,48,48,48,45,45,51,51,25],"gold":141,"neow_bonus":"THREE_CARDS","is_prod":false,"is_daily":false,"chose_seed":false,"campfire_upgraded":5,"win_rate":0,"timestamp":1536430643,"path_taken":["M","?","?","?","?","R","$","?","T","E","?","M","M","?","R","BOSS","M","M","$","?","M","M","M","E","T","R","?","?","R","M","R","BOSS"],"build_version":"2018-09-06","purchased_purges":1,"victory":false,"max_hp_per_floor":[80,80,80,80,80,80,80,80,80,80,80,80,80,80,80,80,80,80,80,80,80,80,80,80,80,80,80,80,80,80,80,80,80],"card_choices":[{"not_picked":["Entrench","Shrug It Off"],"picked":"Spot Weakness","floor":0.0},{"not_picked":["Flex","Thunderclap"],"picked":"Headbutt","floor":1.0},{"not_picked":["Intimidate","Flex","Shrug It Off"],"picked":"SKIP","floor":2.0},{"not_picked":["Body Slam","Corruption"],"picked":"Second Wind","floor":5.0},{"not_picked":["Perfected Strike","Fire Breathing"],"picked":"Juggernaut","floor":10.0},{"not_picked":["Inflame","Clothesline","Armaments"],"picked":"SKIP","floor":12.0},{"not_picked":["Rage","Perfected Strike","Clash"],"picked":"SKIP","floor":13.0},{"not_picked":["Berserk","Feed"],"picked":"Bludgeon","floor":16.0},{"not_picked":["Shockwave","Sword Boomerang","Cleave"],"picked":"SKIP","floor":18.0},{"not_picked":["Intimidate","Perfected Strike+1","Flex"],"picked":"SKIP","floor":19.0},{"not_picked":["Shrug It Off","Anger+1"],"picked":"Iron Wave+1","floor":22},{"not_picked":["Second Wind","Havoc"],"picked":"Burning Pact","floor":23},{"not_picked":["Twin Strike+1","Barricade"],"picked":"Shrug It Off+1","floor":24},{"not_picked":["Searing Blow+1","Evolve","Havoc"],"picked":"SKIP","floor":25},{"not_picked":["Pommel Strike+1","Pummel+1"],"picked":"True Grit+1","floor":29},{"not_picked":["Sentinel","Pummel","Body Slam"],"picked":"SKIP","floor":31}],"player_experience":202711,"relics_obtained":[{"floor":4.0,"key":"Orichalcum"},{"floor":8.0,"key":"Mercury Hourglass"},{"floor":9.0,"key":"Gremlin Horn"},{"floor":10.0,"key":"Thread and Needle"},{"floor":25,"key":"Smiling Mask"},{"floor":26,"key":"Potion Belt"}],"event_choices":[{"event_name":"Living Wall","player_choice":"Change","floor":3.0,"damage_taken":0.0},{"event_name":"Wheel of Change","player_choice":"Relic","floor":4.0,"damage_taken":0.0},{"event_name":"Shining Light","player_choice":"Entered Light","floor":11.0,"damage_taken":0.0},{"event_name":"Beggar","player_choice":"Ignored","floor":21.0,"damage_taken":0.0},{"event_name":"Match and Keep!","player_choice":"1 cards matched","floor":28,"damage_taken":0}],"is_beta":true,"boss_relics":[{"not_picked":["Ectoplasm","Runic Dome"],"picked":"Coffee Dripper"}],"items_purged_floors":[14],"is_endless":false,"potions_floor_spawned":[2,10,13,18,22,24,25],"killed_by":"Champ","ascension_level":0}