{"gold_per_floor":[111,111,111,42,54,86,86,154,154,154,174,208,227,63,63,158,158,171,121,121,121,134,134,34,34,34,46,46,46,46,63,63,166,166,178,178,194,194,205,205,254,129,129,144,144,159,176,26,26,26],"floor_reached":51,"playtime":1305,"items_purged":["Body Slam","Burning Pact","Second Wind","Headbutt"],"score":678,"play_id":"f07e24c8-fc71-432a-bfab-c507eb3854c4","local_time":"20181020202700","daily_mods":["SealedDeck"],"is_ascension_mode":false,"campfire_choices":[{"data":"Searing Blow","floor":7,"key":"SMITH"},{"data":"Searing Blow+1","floor":15,"key":"SMITH"},{"data":"Searing Blow+2","floor":23,"key":"SMITH"},{"data":"Searing Blow+3","floor":25,"key":"SMITH"},{"data":"Searing Blow+4","floor":28,"key":"SMITH"},{"data":"Searing Blow+5","floor":30,"key":"SMITH"},{"data":"Searing Blow+6","floor":32,"key":"SMITH"},{"data":"Searing Blow+7","floor":40,"key":"SMITH"},{"data":"Searing Blow+8","floor":45,"key":"SMITH"},{"data":"Searing Blow+9","floor":49,"key":"SMITH"}],"neow_cost":"","seed_source_timestamp":0,"circlet_count":0,"master_deck":["Battle Trance+1","Searing Blow+10","Shrug It Off","Flame Barrier+1","Madness","Offering","Dual Wield+1","Madness","Madness","Rampage"],"relics":["Burning Blood","Pocketwatch","Bottled Lightning","Paper Frog","Matryoshka","Busted Crown","Pen Nib","Darkstone Periapt","Peace Pipe","Empty Cage","Bird Faced Urn","Kunai","Meat on the Bone"],"potions_floor_usage":[50,50,50],"damage_taken":[{"damage":7,"enemies":"2 Louse","floor":1,"turns":3},{"damage":0,"enemies":"Cultist","floor":5,"turns":2},{"damage":18,"enemies":"Lagavulin","floor":6,"turns":6},{"damage":0,"enemies":"Jaw Worm","floor":11,"turns":2},{"damage":10,"enemies":"Gremlin Nob","floor":12,"turns":3},{"damage":0,"enemies":"Exordium Thugs","floor":13,"turns":3},{"damage":11,"enemies":"Slime Boss","floor":16,"turns":4},{"damage":6,"enemies":"Spheric Guardian","floor":18,"turns":2},{"damage":6,"enemies":"Chosen","floor":22,"turns":3},{"damage":6,"enemies":"Snecko","floor":27,"turns":2},{"damage":6,"enemies":"3 Cultists","floor":31,"turns":2},{"damage":44,"enemies":"Collector","floor":33,"turns":4},{"damage":6,"enemies":"Orb Walker","floor":35,"turns":2},{"damage":6,"enemies":"3 Darklings","floor":37,"turns":2},{"damage":6,"enemies":"Writhing Mass","floor":39,"turns":1},{"damage":23,"enemies":"2 Orb Walkers","floor":41,"turns":2},{"damage":19,"enemies":"Maw","floor":44,"turns":4},{"damage":0,"enemies":"4 Shapes","floor":46,"turns":2},{"damage":6,"enemies":"Jaw Worm Horde","floor":47,"turns":1},{"damage":27,"enemies":"Time Eater","floor":50,"turns":2}],"seed_played":"4172468291740391038","potions_obtained":[{"floor":1,"key":"Ancient Potion"},{"floor":5,"key":"Energy Potion"},{"floor":6,"key":"BloodPotion"},{"floor":33,"key":"SpeedPotion"},{"floor":47,"key":"Regen Potion"}],"is_trial":true,"path_per_floor":["M","?","?","$","M","E","R","T","T","?","M","E","M","$","R","B",null,"M","?","?","$","M","R","$","R","T","M","R","?","R","M","R","B",null,"M","?","M","?","M","R","?","$","T","M","R","M","M","$","R","B"],"character_chosen":"IRONCLAD","items_purchased":["Flame Barrier","Madness"],"campfire_rested":0,"item_purchase_floors":[4,14],"current_hp_per_floor":[79,84,85,85,85,73,73,73,73,56,62,58,64,64,64,59,85,85,85,85,85,85,85,85,85,85,85,85,85,85,85,85,47,85,85,85,85,74,74,74,57,57,57,56,56,62,62,62,62,53],"gold":26,"neow_bonus":"","is_prod":false,"is_daily":false,"chose_seed":false,"campfire_upgraded":10,"win_rate":0,"timestamp":1540034820,"path_taken":["M","?","?","?","M","E","R","?","T","?","M","E","M","$","R","BOSS","M","?","?","$","?","R","$","R","T","M","R","?","R","M","R","BOSS","M","?","M","?","M","R","?","$","T","?","R","M","M","?","R","BOSS"],"build_version":"2018-10-18","purchased_purges":4,"victory":true,"max_hp_per_floor":[80,85,85,85,85,85,85,85,85,85,85,85,85,85,85,85,85,85,85,85,85,85,85,85,85,85,85,85,85,85,85,85,85,85,85,85,85,85,85,85,85,85,85,85,85,85,85,85,85,85],"card_choices":[{"not_picked":["Twin Strike","Entrench","Feel No Pain"],"picked":"SKIP","floor":1},{"not_picked":["Pommel Strike","Anger","Wild Strike"],"picked":"SKIP","floor":5},{"not_picked":["Whirlwind","Cleave","Feed"],"picked":"SKIP","floor":6},{"not_picked":["Hemokinesis","Havoc","Wild Strike"],"picked":"SKIP","floor":11},{"not_picked":["Perfected Strike","Rupture","Warcry"],"picked":"SKIP","floor":12},{"not_picked":["Heavy Blade","True Grit","Thunderclap"],"picked":"SKIP","floor":13},{"not_picked":["Demon Form","Impervious"],"picked":"Offering","floor":16},{"not_picked":["Shrug It Off"],"picked":"SKIP","floor":18},{"not_picked":["Anger"],"picked":"SKIP","floor":22},{"not_picked":[],"picked":"Dual Wield+1","floor":27},{"not_picked":["Pommel Strike+1"],"picked":"SKIP","floor":31},{"not_picked":["Warcry+1"],"picked":"SKIP","floor":35},{"not_picked":["Burning Pact"],"picked":"SKIP","floor":37},{"not_picked":["Burning Pact"],"picked":"SKIP","floor":37},{"not_picked":["Clash"],"picked":"SKIP","floor":39},{"not_picked":[],"picked":"Rampage","floor":41},{"not_picked":["Shrug It Off"],"picked":"SKIP","floor":44},{"not_picked":["Intimidate"],"picked":"SKIP","floor":46},{"not_picked":["Battle Trance"],"picked":"SKIP","floor":47}],"player_experience":203086,"relics_obtained":[{"floor":6,"key":"Pocketwatch"},{"floor":8,"key":"Bottled Lightning"},{"floor":9,"key":"Paper Frog"},{"floor":12,"key":"Matryoshka"},{"floor":26,"key":"Pen Nib"},{"floor":26,"key":"Darkstone Periapt"},{"floor":41,"key":"Bird Faced Urn"},{"floor":43,"key":"Kunai"},{"floor":43,"key":"Meat on the Bone"}],"event_choices":[{"damage_healed":0,"gold_gain":0,"player_choice":"Donut","damage_taken":0,"max_hp_gain":5,"max_hp_loss":0,"event_name":"Big Fish","floor":2,"gold_loss":0},{"damage_healed":1,"gold_gain":0,"player_choice":"Full Heal","damage_taken":0,"max_hp_gain":0,"max_hp_loss":0,"event_name":"Wheel of Change","floor":3,"gold_loss":0},{"damage_healed":0,"gold_gain":0,"player_choice":"Entered Light","damage_taken":17,"max_hp_gain":0,"max_hp_loss":0,"event_name":"Shining Light","floor":10,"gold_loss":0,"cards_upgraded":["Flame Barrier","Battle Trance"]},{"damage_healed":0,"gold_gain":0,"player_choice":"Bet on Owner","damage_taken":0,"max_hp_gain":0,"max_hp_loss":0,"event_name":"The Joust","floor":19,"gold_loss":50},{"damage_healed":0,"gold_gain":0,"cards_transformed":["Clothesline"],"player_choice":"Transformed","damage_taken":0,"max_hp_gain":0,"max_hp_loss":0,"event_name":"Transmorgrifier","floor":20,"gold_loss":0,"cards_obtained":["Burning Pact"]},{"damage_healed":0,"gold_gain":0,"player_choice":"Gave Potion","damage_taken":0,"relics_obtained":["Peace Pipe"],"max_hp_gain":0,"max_hp_loss":0,"event_name":"WeMeetAgain","floor":29,"gold_loss":0},{"cards_removed":["Uppercut"],"damage_healed":0,"gold_gain":0,"player_choice":"Removed Attack","damage_taken":0,"max_hp_gain":0,"max_hp_loss":0,"event_name":"Falling","floor":36,"gold_loss":0},{"damage_healed":0,"gold_gain":0,"player_choice":"Embrace Madness","damage_taken":11,"max_hp_gain":0,"max_hp_loss":0,"event_name":"Winding Halls","floor":38,"gold_loss":0,"cards_obtained":["Madness","Madness"]},{"damage_healed":0,"gold_gain":0,"player_choice":"Fight","damage_taken":0,"max_hp_gain":0,"max_hp_loss":0,"event_name":"Mysterious Sphere","floor":41,"gold_loss":0}],"is_beta":false,"boss_relics":[{"not_picked":["White Beast Statue","Lizard Tail"],"picked":"Busted Crown"},{"not_picked":["Runic Cube","Runic Pyramid"],"picked":"Empty Cage"}],"items_purged_floors":[14,24,42,48],"is_endless":false,"potions_floor_spawned":[1,5,6,12,27,33,39,41,47],"ascension_level":0}