{"gold_per_floor":[118,118,118,31,51,85,85,99,123,141,12,12,28,41,41,41],"floor_reached":16,"playtime":232,"items_purged":["Strike_R"],"score":254,"play_id":"6742d282-f77f-4792-a1ed-c73410a313a8","local_time":"20190524220034","is_ascension_mode":true,"campfire_choices":[{"data":"Carnage","floor":7,"key":"SMITH"},{"data":"Rampage","floor":12,"key":"SMITH"},{"data":"Clothesline","floor":15,"key":"SMITH"}],"neow_cost":"NONE","seed_source_timestamp":8537398782501,"circlet_count":0,"master_deck":["AscendersBane","Strike_R","Strike_R","Strike_R","Strike_R","Defend_R","Defend_R","Defend_R","Defend_R","Bash","Flame Barrier","Carnage+1","Second Wind","Clothesline+1","Rampage+1","Shrug It Off"],"relics":["Burning Blood","NeowsBlessing","Golden Idol","Anchor","Pen Nib","Vajra"],"potions_floor_usage":[16,16],"damage_taken":[{"damage":0,"enemies":"Small Slimes","floor":1,"turns":1},{"damage":0,"enemies":"Jaw Worm","floor":5,"turns":1},{"damage":0,"enemies":"Gremlin Nob","floor":6,"turns":1},{"damage":0,"enemies":"Cultist","floor":8,"turns":3},{"damage":12,"enemies":"Exordium Thugs","floor":10,"turns":3},{"damage":0,"enemies":"2 Fungi Beasts","floor":13,"turns":4},{"damage":0,"enemies":"Exordium Wildlife","floor":14,"turns":5},{"damage":56,"enemies":"Slime Boss","floor":16,"turns":7}],"seed_played":"4167977796819769864","potions_obtained":[{"floor":5,"key":"GamblersBrew"},{"floor":6,"key":"Poison Potion"},{"floor":8,"key":"Fire Potion"}],"is_trial":false,"path_per_floor":["M","?","?","$","M","E","R","M","T","M","$","R","M","M","R","B"],"character_chosen":"IRONCLAD","items_purchased":["Carnage","Shrug It Off"],"campfire_rested":0,"item_purchase_floors":[4,11],"current_hp_per_floor":[74,68,23,23,29,35,35,41,41,35,35,35,41,47,47,0],"gold":41,"neow_bonus":"THREE_ENEMY_KILL","is_prod":false,"is_daily":false,"chose_seed":false,"campfire_upgraded":3,"win_rate":0,"timestamp":1558702834,"path_taken":["M","?","?","?","M","E","R","M","T","M","$","R","?","M","R","BOSS"],"build_version":"2019-01-23","purchased_purges":1,"victory":false,"max_hp_per_floor":[75,68,68,68,68,68,68,68,68,68,68,68,68,68,68,68],"card_choices":[{"not_picked":["Flex","Seeing Red"],"picked":"Flame Barrier","floor":1},{"not_picked":["Clothesline","Sever Soul"],"picked":"Second Wind","floor":5},{"not_picked":["Combust","Body Slam"],"picked":"Clothesline","floor":6},{"not_picked":["Clothesline","Rupture"],"picked":"Rampage","floor":8},{"not_picked":["Warcry","Flex","Body Slam"],"picked":"SKIP","floor":10},{"not_picked":["Anger","Rampage","Heavy Blade"],"picked":"SKIP","floor":13},{"not_picked":["Pommel Strike","Body Slam","Rampage"],"picked":"SKIP","floor":14}],"player_experience":1026884,"relics_obtained":[{"floor":6,"key":"Pen Nib"},{"floor":9,"key":"Vajra"}],"event_choices":[{"damage_healed":0,"gold_gain":0,"player_choice":"Lose Max HP","damage_taken":0,"relics_obtained":["Golden Idol"],"max_hp_gain":0,"max_hp_loss":7,"event_name":"Golden Idol","floor":2,"gold_loss":0},{"damage_healed":0,"gold_gain":0,"player_choice":"Success","damage_taken":45,"relics_obtained":["Anchor"],"max_hp_gain":0,"max_hp_loss":0,"event_name":"Scrap Ooze","floor":3,"gold_loss":0}],"is_beta":false,"boss_relics":[],"items_purged_floors":[11],"is_endless":false,"potions_floor_spawned":[5,6,8,14],"killed_by":"Slime Boss","ascension_level":20}