{"gold_per_floor":[117,117],"floor_reached":2,"playtime":161,"items_purged":[],"score":12,"play_id":"03468517-e391-4f3e-a7ec-661e525c93fa","local_time":"20180714154425","daily_mods":["Draft"],"is_ascension_mode":false,"campfire_choices":[],"neow_cost":"","seed_source_timestamp":0,"circlet_count":0,"master_deck":["Pommel Strike","Pummel","Intimidate","Armaments","Whirlwind","Anger","Searing Blow","Spot Weakness","Anger","Twin Strike","Inflame","Shrug It Off","Metallicize","Twin Strike","Battle Trance"],"special_seed":17726,"relics":["Burning Blood"],"potions_floor_usage":[],"damage_taken":[{"damage":2,"enemies":"Small Slimes","floor":1,"turns":3},{"damage":0,"enemies":"Jaw Worm","floor":2,"turns":1}],"seed_played":"-7955021775720589898","potions_obtained":[{"floor":1,"key":"BloodPotion"}],"is_trial":true,"path_per_floor":["M"],"character_chosen":"IRONCLAD","items_purchased":[],"campfire_rested":0,"item_purchase_floors":[],"current_hp_per_floor":[80,80],"gold":117,"neow_bonus":"","is_prod":false,"is_daily":false,"chose_seed":false,"campfire_upgraded":0,"win_rate":0,"timestamp":1531550665,"path_taken":["M","M"],"build_version":"2018-07-12","purchased_purges":0,"victory":false,"max_hp_per_floor":[80,80],"card_choices":[{"not_picked":["Flex","Wild Strike"],"picked":"Pommel Strike","floor":0},{"not_picked":["Cleave","Evolve"],"picked":"Pummel","floor":0},{"not_picked":["True Grit","Infernal Blade"],"picked":"Intimidate","floor":0},{"not_picked":["Iron Wave","Corruption"],"picked":"Armaments","floor":0},{"not_picked":["Sever Soul","Headbutt"],"picked":"Whirlwind","floor":0},{"not_picked":["Havoc","Blood for Blood"],"picked":"Anger","floor":0},{"not_picked":["Rage","Burning Pact"],"picked":"Searing Blow","floor":0},{"not_picked":["True Grit","Body Slam"],"picked":"Spot Weakness","floor":0},{"not_picked":["Warcry","Pommel Strike"],"picked":"Anger","floor":0},{"not_picked":["Metallicize","Bloodletting"],"picked":"Twin Strike","floor":0},{"not_picked":["Clothesline","Iron Wave"],"picked":"Inflame","floor":0},{"not_picked":["Clash","Corruption"],"picked":"Shrug It Off","floor":0},{"not_picked":["Evolve","Clothesline"],"picked":"Metallicize","floor":0},{"not_picked":["Warcry","Sword Boomerang"],"picked":"Twin Strike","floor":0},{"not_picked":["Entrench","Spot Weakness"],"picked":"Battle Trance","floor":0},{"not_picked":["Flex","Second Wind","Sever Soul"],"picked":"SKIP","floor":1}],"player_experience":175018,"relics_obtained":[],"event_choices":[],"boss_relics":[],"items_purged_floors":[],"is_endless":false,"potions_floor_spawned":[1],"killed_by":"Jaw Worm","ascension_level":0}