{"path_per_floor":["M","M","M","$","M","R","E","?","T","R","M","M","M","M","R","B",null,"M","M","M","?","M","R","?"],"character_chosen":"IRONCLAD","items_purchased":["Cleave"],"gold_per_floor":[111,129,146,19,29,29,60,60,60,60,73,89,108,123,123,219,219,233,250,266,266,276,276,201,201],"floor_reached":25,"campfire_rested":0,"playtime":918,"current_hp_per_floor":[80,80,80,80,74,74,61,61,61,61,67,73,79,80,80,37,80,80,77,75,75,54,54,54,0],"items_purged":["Defend_R"],"gold":201,"score":209,"play_id":"c371adb3-e9ad-4c7a-b669-2da5ce33eb14","local_time":"20180509143007","is_prod":false,"is_daily":false,"chose_seed":false,"is_ascension_mode":false,"campfire_upgraded":4,"timestamp":1525843807,"path_taken":["M","M","M","$","M","R","E","?","T","R","M","M","M","?","R","BOSS","M","M","M","?","M","R","?","M"],"build_version":"2018-05-07","seed_source_timestamp":7641371365456,"purchased_purges":1,"victory":false,"master_deck":["Strike_R","Strike_R","Strike_R","Strike_R","Defend_R","Defend_R","Defend_R","Bash+1","Clash+1","Anger+1","Clash","Cleave+1","Armaments+1","Flex","Spot Weakness+1","Thunderclap"],"max_hp_per_floor":[80,80,80,80,80,80,80,80,80,80,80,80,80,80,80,80,80,80,80,80,80,80,80,80,80],"relics":["Black Blood","Bag of Preparation","Anchor"],"card_choices":[{"not_picked":["Thunderclap","Iron Wave"],"picked":"Clash","floor":1},{"not_picked":["Clash","Pommel Strike"],"picked":"Anger","floor":2},{"not_picked":["Rupture","Pommel Strike"],"picked":"Clash","floor":3},{"not_picked":["Body Slam","Uppercut"],"picked":"Armaments","floor":12},{"not_picked":["Iron Wave","Armaments"],"picked":"Flex","floor":14},{"not_picked":["Iron Wave","Clash"],"picked":"Spot Weakness","floor":18}],"player_experience":24576,"potions_floor_usage":[16,22],"damage_taken":[{"damage":0,"enemies":"2 Louse","floor":1,"turns":2},{"damage":3,"enemies":"Small Slimes","floor":2,"turns":3},{"damage":6,"enemies":"Jaw Worm","floor":3,"turns":3},{"damage":12,"enemies":"Gremlin Gang","floor":5,"turns":4},{"damage":19,"enemies":"3 Sentries","floor":7,"turns":5},{"damage":0,"enemies":"2 Fungi Beasts","floor":11,"turns":1},{"damage":0,"enemies":"3 Louse","floor":12,"turns":2},{"damage":0,"enemies":"Lots of Slimes","floor":13,"turns":3},{"damage":0,"enemies":"Large Slime","floor":14,"turns":4},{"damage":49,"enemies":"Hexaghost","floor":16,"turns":9},{"damage":10,"enemies":"2 Thieves","floor":18,"turns":3},{"damage":13,"enemies":"Chosen","floor":19,"turns":4},{"damage":12,"enemies":"Centurion and Healer","floor":20,"turns":5},{"damage":39,"enemies":"Snecko","floor":22,"turns":6},{"damage":54,"enemies":"Cultist and Chosen","floor":25,"turns":6}],"event_choices":[{"event_name":"Living Wall","player_choice":"Grow","floor":8,"damage_taken":0},{"event_name":"The Library","player_choice":"Read","floor":21,"damage_taken":0},{"event_name":"Beggar","player_choice":"Gave Gold","floor":24,"damage_taken":0}],"boss_relics":[{"not_picked":["Runic Cube","Mark of Pain"],"picked":"Black Blood"}],"potions_floor_spawned":[1,5,11,12,14],"seed_played":"-418079683484357217","killed_by":"Cultist and Chosen","ascension_level":0,"is_trial":false}