{"gold_per_floor":[109,129,149,169,182,182,202,202,202,202,219,219,232,246,246,341,341,351,364,374,384,402,402,416,416,468,487,506,506,69,83,83,178,178],"floor_reached":34,"playtime":1679,"items_purged":[],"score":406,"play_id":"882b81fe-2247-455d-a00a-d6e3de1611f8","local_time":"20190214185828","is_ascension_mode":false,"campfire_choices":[{"data":"Armaments","floor":6.0,"key":"SMITH"},{"data":"Perfected Strike","floor":8.0,"key":"SMITH"},{"data":"Clothesline","floor":10.0,"key":"SMITH"},{"floor":15.0,"key":"REST"},{"data":"Immolate","floor":29.0,"key":"SMITH"},{"floor":32.0,"key":"REST"}],"neow_cost":"NONE","seed_source_timestamp":188897869640016,"circlet_count":0,"master_deck":["Strike_R+1","Strike_R+1","Strike_R+1","Strike_R+1","Strike_R+1","Defend_R+1","Defend_R+1","Defend_R+1","Defend_R+1","Bash","Armaments+1","Perfected Strike+1","Twin Strike","Clothesline+1","Heavy Blade+1","Pommel Strike+1","Dropkick","Spot Weakness","Immolate+1","Spot Weakness","Iron Wave+1","Wild Strike","Impervious","Corruption","Twin Strike","Carnage","Wild Strike","Shrug It Off","Pommel Strike","Bludgeon"],"special_seed":0,"relics":["Snecko Eye","Boot","Bag of Marbles","Pear"],"potions_floor_usage":[33,33,33],"damage_taken":[{"damage":1.0,"enemies":"Jaw Worm","floor":1.0,"turns":2.0},{"damage":0.0,"enemies":"2 Louse","floor":2.0,"turns":2.0},{"damage":2.0,"enemies":"Small Slimes","floor":3.0,"turns":3.0},{"damage":1.0,"enemies":"Red Slaver","floor":4.0,"turns":2.0},{"damage":13.0,"enemies":"Gremlin Gang","floor":5.0,"turns":3.0},{"damage":1.0,"enemies":"Exordium Thugs","floor":7.0,"turns":3.0},{"damage":13.0,"enemies":"Lots of Slimes","floor":11.0,"turns":4.0},{"damage":0.0,"enemies":"3 Louse","floor":13.0,"turns":2.0},{"damage":5.0,"enemies":"Exordium Thugs","floor":14.0,"turns":2.0},{"damage":0.0,"enemies":"Slime Boss","floor":16.0,"turns":4.0},{"damage":5.0,"enemies":"Chosen","floor":18.0,"turns":3.0},{"damage":15.0,"enemies":"2 Thieves","floor":19.0,"turns":2.0},{"damage":0.0,"enemies":"Cultist and Chosen","floor":20.0,"turns":4.0},{"damage":12.0,"enemies":"Snake Plant","floor":21.0,"turns":3.0},{"damage":8.0,"enemies":"3 Cultists","floor":22.0,"turns":3.0},{"damage":1.0,"enemies":"Centurion and Healer","floor":24.0,"turns":5.0},{"damage":10.0,"enemies":"Shelled Parasite and Fungi","floor":27.0,"turns":3.0},{"damage":0.0,"enemies":"Snake Plant","floor":28.0,"turns":2.0},{"damage":10.0,"enemies":"Chosen and Byrds","floor":31.0,"turns":2.0},{"damage":44,"enemies":"Collector","floor":33,"turns":7}],"seed_played":"4762286008723786378","potions_obtained":[{"floor":1.0,"key":"Block Potion"},{"floor":3.0,"key":"Swift Potion"},{"floor":7.0,"key":"EssenceOfSteel"},{"floor":11.0,"key":"Swift Potion"},{"floor":18.0,"key":"FairyPotion"},{"floor":19.0,"key":"Regen Potion"},{"floor":27.0,"key":"SkillPotion"}],"is_trial":false,"path_per_floor":["M","M","M","M","M","R","M","R","T","R","M","?","M","M","R","B",null,"M","M","M","M","M","?","M","?","T","M","M","R","$","M","R","B",null],"character_chosen":"IRONCLAD","items_purchased":["Bag of Marbles","Shrug It Off","Pear"],"campfire_rested":2,"item_purchase_floors":[30,30,30],"current_hp_per_floor":[79,79,77,76,63,63,62,62,62,62,49,33,33,28,52,52,80,75,60,60,48,40,40,53,53,53,43,43,43,53,43,70,26,26],"gold":178,"neow_bonus":"BOSS_RELIC","is_prod":false,"is_daily":false,"chose_seed":false,"campfire_upgraded":4,"win_rate":0,"timestamp":1550188708,"path_taken":["M","M","M","M","M","R","M","R","T","R","M","?","M","M","R","BOSS","M","M","M","M","M","?","M","?","T","M","M","R","$","M","R","BOSS"],"build_version":"2019-01-23","purchased_purges":0,"victory":false,"max_hp_per_floor":[80,80,80,80,80,80,80,80,80,80,80,80,80,80,80,80,80,80,80,80,80,80,80,80,80,80,80,80,80,90,90,90,90,90],"card_choices":[{"not_picked":["Spot Weakness","Fire Breathing"],"picked":"Armaments","floor":1.0},{"not_picked":["Anger","Thunderclap"],"picked":"Perfected Strike","floor":2.0},{"not_picked":["Fire Breathing","Clash"],"picked":"Twin Strike","floor":3.0},{"not_picked":["Whirlwind","Iron Wave"],"picked":"Clothesline","floor":4.0},{"not_picked":["Sword Boomerang","Exhume","Battle Trance"],"picked":"SKIP","floor":5.0},{"not_picked":["Anger","Seeing Red"],"picked":"Heavy Blade","floor":7.0},{"not_picked":["Headbutt","Seeing Red"],"picked":"Pommel Strike","floor":11.0},{"not_picked":["Metallicize","Warcry"],"picked":"Dropkick","floor":13.0},{"not_picked":["Rampage","Body Slam"],"picked":"Spot Weakness","floor":14.0},{"not_picked":["Limit Break","Dark Embrace"],"picked":"Immolate","floor":16.0},{"not_picked":["Warcry+1","Armaments"],"picked":"Spot Weakness","floor":18.0},{"not_picked":["Burning Pact","Warcry"],"picked":"Iron Wave+1","floor":19.0},{"not_picked":["Body Slam","Heavy Blade"],"picked":"Wild Strike","floor":20.0},{"not_picked":["Whirlwind","Ghostly Armor"],"picked":"Impervious","floor":21.0},{"not_picked":["Iron Wave+1","Searing Blow"],"picked":"Corruption","floor":22.0},{"not_picked":["Corruption+1","Disarm"],"picked":"Twin Strike","floor":24.0},{"not_picked":["Clash","Anger"],"picked":"Carnage","floor":27.0},{"not_picked":["Sword Boomerang","Anger"],"picked":"Wild Strike","floor":28.0},{"not_picked":["Pummel","Flex"],"picked":"Pommel Strike","floor":31.0},{"not_picked":["Juggernaut","Feed"],"picked":"Bludgeon","floor":33}],"player_experience":662467,"relics_obtained":[{"floor":26.0,"key":"Boot"}],"event_choices":[{"damage_healed":0.0,"max_hp_gain":0.0,"max_hp_loss":0.0,"gold_gain":0.0,"event_name":"Shining Light","player_choice":"Entered Light","floor":12.0,"gold_loss":0.0,"damage_taken":16.0,"cards_upgraded":["Heavy Blade","Pommel Strike"]},{"damage_healed":0.0,"max_hp_gain":0.0,"max_hp_loss":0.0,"gold_gain":0.0,"event_name":"Back to Basics","player_choice":"Simplicity","floor":23.0,"gold_loss":0.0,"damage_taken":0.0,"cards_upgraded":["Strike_R","Strike_R","Strike_R","Strike_R","Strike_R","Defend_R","Defend_R","Defend_R","Defend_R"]},{"damage_healed":0.0,"max_hp_gain":0.0,"max_hp_loss":0.0,"gold_gain":0.0,"event_name":"Ghosts","player_choice":"Ignored","floor":25.0,"gold_loss":0.0,"damage_taken":0.0}],"is_beta":false,"boss_relics":[{"not_picked":["Astrolabe","Empty Cage","Tiny House"]}],"items_purged_floors":[],"is_endless":false,"potions_floor_spawned":[1,3,7,11,13,14,18,19,21,27],"ascension_level":0}