{"gold_per_floor":[109,123,12,32,32,47,58,58,81,81,97,97,129,144,144,247,247,258,275,275,153,182,182,213,213,238,269,59,73,73,90,90,189,189,201,58,73,126,126,159,171,199,211,237,39,39,39,73,73,73],"floor_reached":51,"playtime":2292,"items_purged":["Strike_R","Strike_R","Strike_R","Defend_R"],"score":847,"play_id":"b4376a95-5e7d-4b49-9be6-3b905d405d20","local_time":"20181014151811","is_ascension_mode":false,"campfire_choices":[{"data":"Rampage","floor":10.0,"key":"SMITH"},{"data":"Shrug It Off","floor":12.0,"key":"SMITH"},{"data":"Bash","floor":15.0,"key":"SMITH"},{"data":"True Grit","floor":23.0,"key":"SMITH"},{"data":"Havoc","floor":25.0,"key":"SMITH"},{"floor":32.0,"key":"REST"},{"data":"Double Tap","floor":41.0,"key":"SMITH"},{"data":"Bloodletting","floor":49,"key":"SMITH"}],"neow_cost":"","seed_source_timestamp":0,"circlet_count":0,"master_deck":["Defend_R+1","Defend_R","Bash+1","Battle Trance+1","Rampage+1","Havoc+1","Shrug It Off+1","Carnage","Fiend Fire","Second Wind","Double Tap+1","Bloodletting+1","Offering","Finesse"],"special_seed":0,"relics":["Burning Blood","Centennial Puzzle","PreservedInsect","Runic Cube","Red Mask","Smiling Mask","Strawberry","Vajra","Enchiridion","Empty Cage","Du-Vu Doll","MawBank","Pear","ClockworkSouvenir","Mercury Hourglass"],"potions_floor_usage":[46,50,50],"damage_taken":[{"damage":6.0,"enemies":"Cultist","floor":1.0,"turns":3.0},{"damage":6.0,"enemies":"Jaw Worm","floor":2.0,"turns":3.0},{"damage":6.0,"enemies":"Small Slimes","floor":4.0,"turns":3.0},{"damage":0.0,"enemies":"2 Fungi Beasts","floor":6.0,"turns":3.0},{"damage":15.0,"enemies":"3 Louse","floor":7.0,"turns":4.0},{"damage":13.0,"enemies":"Red Slaver","floor":11.0,"turns":2.0},{"damage":5.0,"enemies":"Lagavulin","floor":13.0,"turns":6.0},{"damage":11.0,"enemies":"Large Slime","floor":14.0,"turns":5.0},{"damage":20.0,"enemies":"The Guardian","floor":16.0,"turns":8.0},{"damage":0.0,"enemies":"Chosen","floor":18.0,"turns":3.0},{"damage":19.0,"enemies":"2 Thieves","floor":19.0,"turns":3.0},{"damage":12.0,"enemies":"Masked Bandits","floor":22.0,"turns":4.0},{"damage":6.0,"enemies":"Gremlin Leader","floor":24.0,"turns":4.0},{"damage":29.0,"enemies":"Slavers","floor":27.0,"turns":6.0},{"damage":8.0,"enemies":"Sentry and Sphere","floor":29.0,"turns":5.0},{"damage":0.0,"enemies":"3 Cultists","floor":31.0,"turns":4.0},{"damage":13.0,"enemies":"Automaton","floor":33.0,"turns":5.0},{"damage":9.0,"enemies":"Orb Walker","floor":35.0,"turns":1.0},{"damage":18.0,"enemies":"3 Darklings","floor":37.0,"turns":2.0},{"damage":21.0,"enemies":"Mysterious Sphere","floor":38.0,"turns":4.0},{"damage":33.0,"enemies":"Nemesis","floor":40.0,"turns":3.0},{"damage":12.0,"enemies":"Spire Growth","floor":42.0,"turns":2.0},{"damage":23.0,"enemies":"4 Shapes","floor":44.0,"turns":2.0},{"damage":0,"enemies":"Reptomancer","floor":46,"turns":1},{"damage":22,"enemies":"Giant Head","floor":48,"turns":5},{"damage":41,"enemies":"Time Eater","floor":50,"turns":7}],"seed_played":"2279277740879318203","potions_obtained":[{"floor":1.0,"key":"Strength Potion"},{"floor":4.0,"key":"Poison Potion"},{"floor":11.0,"key":"Block Potion"},{"floor":13.0,"key":"SmokeBomb"},{"floor":29.0,"key":"LiquidBronze"},{"floor":31.0,"key":"Explosive Potion"},{"floor":35.0,"key":"PowerPotion"},{"floor":40.0,"key":"SteroidPotion"},{"floor":44.0,"key":"SteroidPotion"}],"is_trial":true,"path_per_floor":["M","M","$","M","?","M","M","?","T","R","M","R","E","M","R","B",null,"M","M","?","$","?","R","E","R","T","E","$","M","?","M","R","B",null,"M","$","M","?","?","E","R","M","T","M","$","M","?","E","R","B"],"character_chosen":"IRONCLAD","items_purchased":["Rampage","True Grit","Double Tap","Finesse","ClockworkSouvenir"],"campfire_rested":1,"item_purchase_floors":[3,21,28,36,45],"current_hp_per_floor":[80,80,80,80,64,70,61,61,61,61,54,54,55,50,50,36,80,80,67,67,67,61,61,61,61,68,45,45,43,27,33,59,52,87,84,84,72,57,57,30,30,24,34,17,17,23,85,69,69,34],"gold":73,"neow_bonus":"","is_prod":false,"is_daily":false,"chose_seed":true,"campfire_upgraded":7,"win_rate":0,"timestamp":1539497891,"path_taken":["M","M","$","M","?","M","?","?","T","R","?","R","E","M","R","BOSS","M","M","?","$","?","R","E","R","T","E","$","?","?","M","R","BOSS","M","$","M","?","?","E","R","M","T","M","$","M","?","E","R","BOSS"],"build_version":"2018-10-11","purchased_purges":4,"victory":true,"max_hp_per_floor":[80,80,80,80,80,80,80,80,80,80,80,80,80,80,80,80,80,80,80,80,80,80,80,80,80,87,87,87,87,87,87,87,87,87,87,87,87,87,87,87,87,87,97,97,97,97,85,85,85,85],"card_choices":[{"not_picked":["Warcry","Reckless Charge"],"picked":"Battle Trance","floor":1.0},{"not_picked":["Shrug It Off","Pummel","Uppercut"],"picked":"SKIP","floor":2.0},{"not_picked":["Armaments","Dark Embrace"],"picked":"Havoc","floor":4.0},{"not_picked":["Blood for Blood","Burning Pact"],"picked":"Shrug It Off","floor":6.0},{"not_picked":["Pummel","Rupture","Sentinel"],"picked":"SKIP","floor":7.0},{"not_picked":["Searing Blow","Perfected Strike","Spot Weakness"],"picked":"SKIP","floor":11.0},{"not_picked":["Heavy Blade","Armaments"],"picked":"Carnage","floor":13.0},{"not_picked":["Sword Boomerang","Twin Strike","Clash"],"picked":"SKIP","floor":14.0},{"not_picked":["Barricade","Limit Break"],"picked":"Fiend Fire","floor":16.0},{"not_picked":["Twin Strike","Heavy Blade+1","Havoc"],"picked":"SKIP","floor":18.0},{"not_picked":["Armaments","Flex","Anger"],"picked":"SKIP","floor":19.0},{"not_picked":["Sentinel","True Grit","Shockwave"],"picked":"SKIP","floor":24.0},{"not_picked":["Barricade","Clothesline+1"],"picked":"Second Wind","floor":27.0},{"not_picked":["Body Slam","Combust","Cleave"],"picked":"SKIP","floor":29.0},{"not_picked":["Flame Barrier","Flex+1"],"picked":"Bloodletting","floor":31.0},{"not_picked":["Berserk","Barricade"],"picked":"Offering","floor":33.0},{"not_picked":["Pommel Strike","Sword Boomerang","Fire Breathing"],"picked":"SKIP","floor":35.0},{"not_picked":["Dropkick","Clothesline","Evolve"],"picked":"SKIP","floor":37.0},{"not_picked":["Intimidate","Headbutt+1","Clothesline"],"picked":"SKIP","floor":40.0},{"not_picked":["Clash","Warcry+1","Armaments"],"picked":"SKIP","floor":42.0},{"not_picked":["Intimidate+1","Ghostly Armor","Heavy Blade+1"],"picked":"SKIP","floor":44.0},{"not_picked":["Corruption+1","Sword Boomerang+1","Rage+1"],"picked":"SKIP","floor":48}],"player_experience":194149,"relics_obtained":[{"floor":9.0,"key":"Centennial Puzzle"},{"floor":13.0,"key":"PreservedInsect"},{"floor":22.0,"key":"Red Mask"},{"floor":24.0,"key":"Smiling Mask"},{"floor":26.0,"key":"Strawberry"},{"floor":27.0,"key":"Vajra"},{"floor":30.0,"key":"Enchiridion"},{"floor":38.0,"key":"Du-Vu Doll"},{"floor":40.0,"key":"MawBank"},{"floor":43.0,"key":"Pear"},{"floor":48,"key":"Mercury Hourglass"}],"event_choices":[{"event_name":"Shining Light","player_choice":"Entered Light","floor":5.0,"damage_taken":0.0},{"event_name":"Living Wall","player_choice":"Forget","floor":8.0,"damage_taken":0.0},{"event_name":"Vampires","player_choice":"Ignored","floor":20.0,"damage_taken":0.0},{"event_name":"Masked Bandits","player_choice":"Fought Bandits","floor":22.0,"damage_taken":0.0},{"event_name":"Cursed Tome","player_choice":"Obtained Book","floor":30.0,"damage_taken":0.0},{"event_name":"Mysterious Sphere","player_choice":"Fight","floor":38.0,"damage_taken":0.0},{"event_name":"Falling","player_choice":"Removed Skill","floor":39.0,"damage_taken":0.0},{"event_name":"The Moai Head","player_choice":"Heal","floor":47,"damage_taken":0}],"is_beta":false,"boss_relics":[{"not_picked":["Coffee Dripper","Ectoplasm"],"picked":"Runic Cube"},{"not_picked":["Black Star","Tiny House"],"picked":"Empty Cage"}],"items_purged_floors":[3,21,28,36],"is_endless":false,"potions_floor_spawned":[1,4,11,13,16,22,29,31,35,40,44],"ascension_level":0}