{"path_per_floor":["M","M","$","M","M","R","M","R","T","M","R","M","$","M","R","B",null,"M","?","$","M","M","R","?","M","T","M","R","M","M"],"character_chosen":"IRONCLAD","items_purchased":["Fire Breathing","Swift Strike","Flex"],"gold_per_floor":[118,131,52,68,81,81,92,92,92,105,105,119,19,30,30,135,135,147,147,25,35,53,53,53,53,53,65,65,82,96,96],"floor_reached":31,"campfire_rested":1,"playtime":1462,"current_hp_per_floor":[78,80,80,70,70,70,75,75,75,71,71,74,74,80,80,80,80,71,71,71,70,59,59,44,50,50,49,74,35,8,0],"items_purged":["Defend_R"],"gold":96,"score":285,"play_id":"0cba8efd-bf75-4746-a3aa-0a93ec2fc673","local_time":"20180509132112","is_prod":false,"is_daily":false,"chose_seed":false,"is_ascension_mode":false,"campfire_upgraded":5,"timestamp":1525839672,"path_taken":["M","M","$","M","M","R","M","R","T","M","R","M","$","M","R","BOSS","M","?","$","M","M","R","?","M","T","M","R","M","M","M"],"build_version":"2018-05-07","seed_source_timestamp":2902859828053,"purchased_purges":1,"victory":false,"master_deck":["Strike_R+1","Strike_R","Strike_R","Strike_R+1","Strike_R","Defend_R","Defend_R","Defend_R","Bash+1","Twin Strike","Perfected Strike+1","Fire Breathing+1","Seeing Red+1","Clash","Clash+1","Inflame","Swift Strike","Dual Wield+1","Warcry+1","Flex+1","Spot Weakness+1","Warcry+1","Warcry+1","Armaments+1","Clash+1"],"max_hp_per_floor":[80,80,80,80,80,80,80,80,80,80,80,80,80,80,80,80,80,80,80,80,80,80,80,85,85,85,85,85,85,85,85],"relics":["Burning Blood","Toxic Egg 2","Philosopher\u0027s Stone","Whetstone"],"card_choices":[{"not_picked":["Clash","Clothesline"],"picked":"Twin Strike","floor":1},{"not_picked":["Entrench","Reckless Charge"],"picked":"Perfected Strike","floor":2},{"not_picked":["Shrug It Off","Ghostly Armor"],"picked":"Seeing Red","floor":4},{"not_picked":["Cleave","Heavy Blade"],"picked":"Clash","floor":5},{"not_picked":["Iron Wave","Carnage"],"picked":"Clash","floor":10},{"not_picked":["Dual Wield","Cleave"],"picked":"Inflame","floor":12},{"not_picked":["Body Slam","Perfected Strike"],"picked":"Dual Wield","floor":14},{"not_picked":["Corruption","Clothesline"],"picked":"Warcry","floor":18},{"not_picked":["Warcry","Shrug It Off"],"picked":"Spot Weakness","floor":21},{"not_picked":["Sword Boomerang","Cleave"],"picked":"Warcry","floor":22},{"not_picked":["Body Slam","Heavy Blade"],"picked":"Warcry","floor":27},{"not_picked":["Shrug It Off","Feed"],"picked":"Armaments","floor":29},{"not_picked":["Warcry","Combust"],"picked":"Clash","floor":30}],"player_experience":19953,"potions_floor_usage":[16,25,30,31,31],"damage_taken":[{"damage":8,"enemies":"2 Louse","floor":1,"turns":3},{"damage":0,"enemies":"Small Slimes","floor":2,"turns":3},{"damage":16,"enemies":"Jaw Worm","floor":4,"turns":4},{"damage":6,"enemies":"Red Slaver","floor":5,"turns":3},{"damage":1,"enemies":"2 Fungi Beasts","floor":7,"turns":2},{"damage":10,"enemies":"Looter","floor":10,"turns":2},{"damage":3,"enemies":"Red Slaver","floor":12,"turns":2},{"damage":0,"enemies":"Exordium Wildlife","floor":14,"turns":3},{"damage":0,"enemies":"Slime Boss","floor":16,"turns":5},{"damage":15,"enemies":"Chosen","floor":18,"turns":4},{"damage":7,"enemies":"Spheric Guardian","floor":21,"turns":3},{"damage":17,"enemies":"3 Cultists","floor":22,"turns":4},{"damage":0,"enemies":"Centurion and Healer","floor":25,"turns":1},{"damage":7,"enemies":"Snecko","floor":27,"turns":3},{"damage":45,"enemies":"Snake Plant","floor":29,"turns":4},{"damage":33,"enemies":"Cultist and Chosen","floor":30,"turns":5},{"damage":10,"enemies":"Slaver and Parasite","floor":31,"turns":3}],"event_choices":[{"event_name":"Vampires","player_choice":"Ignored","floor":19,"damage_taken":0},{"event_name":"Forgotten Altar","player_choice":"Shed Blood","floor":24,"damage_taken":0}],"boss_relics":[{"not_picked":["Ectoplasm","White Beast Statue"],"picked":"Philosopher\u0027s Stone"}],"potions_floor_spawned":[5,10,12,14,22,25,29],"seed_played":"1871733554893643373","killed_by":"Slaver and Parasite","ascension_level":0,"is_trial":false}