{"gold_per_floor":[112,131,62,62,62,62,91,109,109,126,157,171,171,96,96,199,199,210,210,13,32,32,65,65,95,122,149,149,165,65,84,84,189,189,203,203,223,223,239,239,264,276,288,314,357,389,421,445,457,469],"floor_reached":51,"playtime":1635,"items_purged":["Defend_R","Defend_R"],"score":982,"play_id":"ae2c8aac-4c24-460f-883a-9c6e9574ecf8","local_time":"20181102235546","is_ascension_mode":true,"campfire_choices":[{"data":"Perfected Strike","floor":6.0,"key":"SMITH"},{"data":"Seeing Red","floor":13,"key":"SMITH"},{"data":"Shrug It Off","floor":15,"key":"SMITH"},{"data":"Bash","floor":24,"key":"SMITH"},{"data":"Flame Barrier","floor":28,"key":"SMITH"},{"data":"Pommel Strike","floor":32,"key":"SMITH"},{"data":"Ghostly Armor","floor":40,"key":"SMITH"},{"data":"Pommel Strike","floor":42,"key":"SMITH"},{"data":"Pommel Strike","floor":49,"key":"SMITH"}],"neow_cost":"NONE","seed_source_timestamp":23335136466285,"circlet_count":0,"master_deck":["Strike_R","Strike_R","Strike_R","Strike_R","Strike_R+1","Bash+1","Perfected Strike+1","Perfected Strike+1","Ghostly Armor+1","Ghostly Armor","Ghostly Armor","Shrug It Off+1","Seeing Red+1","Pommel Strike+1","Headbutt+1","True Grit+1","Shockwave+1","Twin Strike+1","Flame Barrier+1","Wild Strike+1","Dark Embrace+1","Second Wind+1","Carnage+1","Pommel Strike+1","Disarm+1","Pommel Strike+1","Havoc+1"],"special_seed":0,"relics":["Burning Blood","NeowsBlessing","Ginger","Self Forming Clay","Paper Frog","Coffee Dripper","Bag of Preparation","Matryoshka","Whetstone","Happy Flower","Orichalcum","Frozen Egg 2","White Beast Statue","MawBank","Bag of Marbles","Anchor","Bronze Scales"],"potions_floor_usage":[18,33,33,41,41,45,50,50,50,50,50,50],"damage_taken":[{"damage":0.0,"enemies":"2 Louse","floor":1.0,"turns":1.0},{"damage":0.0,"enemies":"Cultist","floor":2.0,"turns":1.0},{"damage":0.0,"enemies":"Lagavulin","floor":7.0,"turns":2.0},{"damage":9.0,"enemies":"Jaw Worm","floor":8.0,"turns":3.0},{"damage":0.0,"enemies":"Blue Slaver","floor":10.0,"turns":3.0},{"damage":28.0,"enemies":"Gremlin Nob","floor":11.0,"turns":5.0},{"damage":15.0,"enemies":"Gremlin Gang","floor":12.0,"turns":5.0},{"damage":10,"enemies":"Slime Boss","floor":16,"turns":9},{"damage":0,"enemies":"3 Byrds","floor":18,"turns":3},{"damage":0,"enemies":"Shell Parasite","floor":21,"turns":3},{"damage":27,"enemies":"Gremlin Leader","floor":23,"turns":5},{"damage":18,"enemies":"Book of Stabbing","floor":25,"turns":5},{"damage":2,"enemies":"Gremlin Leader","floor":27,"turns":3},{"damage":10,"enemies":"Centurion and Healer","floor":29,"turns":4},{"damage":8,"enemies":"Snake Plant","floor":31,"turns":2},{"damage":19,"enemies":"Collector","floor":33,"turns":4},{"damage":0,"enemies":"3 Shapes","floor":35,"turns":3},{"damage":25,"enemies":"3 Darklings","floor":37,"turns":6},{"damage":15,"enemies":"Maw","floor":39,"turns":5},{"damage":28,"enemies":"Reptomancer","floor":41,"turns":4},{"damage":0,"enemies":"Spire Growth","floor":44,"turns":2},{"damage":0,"enemies":"Nemesis","floor":45,"turns":1},{"damage":6,"enemies":"Jaw Worm Horde","floor":46,"turns":4},{"damage":0,"enemies":"Transient","floor":47,"turns":5},{"damage":0,"enemies":"3 Darklings","floor":48,"turns":3},{"damage":45,"enemies":"Awakened One","floor":50,"turns":13}],"seed_played":"-5145495334909514643","potions_obtained":[{"floor":7.0,"key":"LiquidBronze"},{"floor":8.0,"key":"Swift Potion"},{"floor":10.0,"key":"SpeedPotion"},{"floor":21,"key":"PowerPotion"},{"floor":35,"key":"EntropicBrew"},{"floor":37,"key":"Regen Potion"},{"floor":41,"key":"GamblersBrew"},{"floor":44,"key":"AttackPotion"},{"floor":45,"key":"Ancient Potion"}],"is_trial":false,"path_per_floor":["M","M","$","?","$","R","E","M","T","M","E","M","M","R","$","R","B",null,"M","?","$","M","?","E","R","E","T","E","R","M","$","M","R","B",null,"M","?","M","?","M","R","E","R","T","M","E","M","M","M","R","B",null],"character_chosen":"IRONCLAD","items_purchased":["Ghostly Armor","Bag of Preparation","Block Potion"],"campfire_rested":0,"item_purchase_floors":[3,20,20],"current_hp_per_floor":[80,80,80,80,80,80,80,77,77,80,58,49,49,49,49,45,80,80,80,80,80,80,59,59,47,47,51,51,47,47,45,45,32,80,80,80,61,80,71,71,58,58,58,64,70,70,76,80,80,41],"gold":481,"neow_bonus":"THREE_ENEMY_KILL","is_prod":false,"is_daily":false,"chose_seed":false,"campfire_upgraded":9,"win_rate":0,"timestamp":1541170546,"path_taken":["M","M","$","?","?","R","E","M","T","?","E","M","R","$","R","BOSS","M","?","?","M","?","E","R","E","T","E","R","M","$","M","R","BOSS","M","?","?","?","M","R","E","R","T","M","E","M","M","?","R","BOSS"],"build_version":"2018-11-01","purchased_purges":2,"victory":true,"max_hp_per_floor":[80,80,80,80,80,80,80,80,80,80,80,80,80,80,80,80,80,80,80,80,80,80,80,80,80,80,80,80,80,80,80,80,80,80,80,80,80,80,80,80,80,80,80,80,80,80,80,80,80,80],"card_choices":[{"not_picked":["Armaments","Sword Boomerang"],"picked":"Perfected Strike","floor":1.0},{"not_picked":["Armaments","Metallicize"],"picked":"Perfected Strike","floor":2.0},{"not_picked":["Burning Pact","Spot Weakness"],"picked":"Ghostly Armor","floor":7.0},{"not_picked":["Feed","Warcry"],"picked":"Ghostly Armor","floor":8.0},{"not_picked":["Infernal Blade","Pommel Strike"],"picked":"Shrug It Off","floor":10.0},{"not_picked":["Iron Wave","Corruption"],"picked":"Seeing Red","floor":11.0},{"not_picked":["Shrug It Off","Inflame"],"picked":"Pommel Strike","floor":12},{"not_picked":["Sever Soul","Inflame"],"picked":"Headbutt","floor":18},{"not_picked":["Havoc","Pommel Strike"],"picked":"True Grit+1","floor":21},{"not_picked":["Cleave","Sword Boomerang"],"picked":"Shockwave+1","floor":23},{"not_picked":["Uppercut","Clash"],"picked":"Twin Strike+1","floor":25},{"not_picked":["Twin Strike","Anger"],"picked":"Flame Barrier","floor":27},{"not_picked":["Sever Soul","Sword Boomerang+1","True Grit"],"picked":"SKIP","floor":29},{"not_picked":["True Grit","Warcry"],"picked":"Wild Strike+1","floor":31},{"not_picked":["Fiend Fire","Reaper"],"picked":"Dark Embrace+1","floor":33},{"not_picked":["Sever Soul+1","Burning Pact"],"picked":"Second Wind+1","floor":35},{"not_picked":["Fire Breathing+1","Flame Barrier"],"picked":"Carnage+1","floor":37},{"not_picked":["Headbutt","Pommel Strike","Thunderclap+1"],"picked":"SKIP","floor":39},{"not_picked":["Carnage+1","Bloodletting"],"picked":"Pommel Strike","floor":41},{"not_picked":["Reckless Charge","Body Slam","Flex"],"picked":"SKIP","floor":44},{"not_picked":["Clothesline+1","Wild Strike"],"picked":"Disarm+1","floor":45},{"not_picked":["Metallicize+1","Rage+1"],"picked":"Pommel Strike","floor":46},{"not_picked":["Rampage+1","Dropkick"],"picked":"Havoc+1","floor":47},{"not_picked":["Sword Boomerang","Second Wind","Clothesline"],"picked":"SKIP","floor":48}],"player_experience":273871,"relics_obtained":[{"floor":7.0,"key":"Ginger"},{"floor":9.0,"key":"Self Forming Clay"},{"floor":11.0,"key":"Paper Frog"},{"floor":23,"key":"Matryoshka"},{"floor":25,"key":"Whetstone"},{"floor":26,"key":"Happy Flower"},{"floor":26,"key":"Orichalcum"},{"floor":27,"key":"Frozen Egg 2"},{"floor":41,"key":"MawBank"},{"floor":43,"key":"Bag of Marbles"},{"floor":43,"key":"Anchor"},{"floor":45,"key":"Bronze Scales"}],"event_choices":[{"damage_healed":0.0,"max_hp_gain":0.0,"max_hp_loss":0.0,"gold_gain":0.0,"event_name":"Accursed Blacksmith","player_choice":"Forge","floor":4.0,"gold_loss":0.0,"damage_taken":0.0,"cards_upgraded":["Perfected Strike"]},{"damage_healed":0,"gold_gain":0,"cards_transformed":["Defend_R"],"player_choice":"Transformed","damage_taken":0,"max_hp_gain":0,"max_hp_loss":0,"event_name":"Transmorgrifier","floor":19,"gold_loss":0,"cards_obtained":["Pummel"]},{"cards_removed":["Defend_R"],"damage_healed":0,"gold_gain":0,"player_choice":"Elegance","damage_taken":0,"max_hp_gain":0,"max_hp_loss":0,"event_name":"Back to Basics","floor":22,"gold_loss":0},{"damage_healed":0,"gold_gain":0,"cards_transformed":["Pummel"],"player_choice":"Transformed","damage_taken":0,"max_hp_gain":0,"max_hp_loss":0,"event_name":"Transmorgrifier","floor":36,"gold_loss":0,"cards_obtained":["Rampage"]},{"cards_removed":["Rampage"],"damage_healed":19,"gold_gain":0,"player_choice":"Offered Uncommon","damage_taken":0,"max_hp_gain":0,"max_hp_loss":0,"event_name":"Bonfire Elementals","floor":38,"gold_loss":0}],"is_beta":false,"boss_relics":[{"not_picked":["Astrolabe","Runic Dome"],"picked":"Coffee Dripper"},{"not_picked":["Philosopher\u0027s Stone","Black Star"],"picked":"White Beast Statue"}],"items_purged_floors":[14,30],"is_endless":false,"potions_floor_spawned":[7,8,10,11,21,23,25,31,35,37,39,41,44,45,46,47,48],"ascension_level":4}