{"gold_per_floor":[109,184,203,53,67,67,81,81,152,168,186,86,86,104,104,203,203,203,2,2,2,19,19,35,35,111,145,145,159,171,25,25,25],"floor_reached":33,"playtime":1215,"items_purged":["Heavy Blade","Dodge and Roll"],"score":259,"play_id":"818a86db-3d27-4c11-a620-ee46094e1194","local_time":"20180729001257","daily_mods":["Draft","Diverse"],"is_ascension_mode":false,"campfire_choices":[{"data":"Streamline","floor":8,"key":"SMITH"},{"data":"Demon Form","floor":13,"key":"SMITH"},{"data":"Prepared","floor":15,"key":"SMITH"},{"data":"Rip and Tear","floor":23,"key":"SMITH"},{"data":"Battle Trance","floor":25,"key":"SMITH"},{"data":"Fiend Fire","floor":32,"key":"SMITH"}],"neow_cost":"","seed_source_timestamp":0,"circlet_count":0,"master_deck":["Cold Snap","Pommel Strike","Deflect","Prepared+1","Turbo","Ball Lightning","Clothesline","Backflip","Redo","Leap","Streamline+1","Leap","Outmaneuver","Terror","Well Laid Plans","Leap","Cleave","Battle Trance+1","Demon Form+1","Thunderclap","Writhe","Rip and Tear+1","Turbo","Decay","Steam Power","Fiend Fire+1"],"relics":["Burning Blood","Letter Opener","Orrery","Bag of Preparation","Blood Vial","Bottled Lightning","Meat on the Bone"],"potions_floor_usage":[16,18,33,33],"damage_taken":[{"damage":0,"enemies":"Small Slimes","floor":1,"turns":2},{"damage":0,"enemies":"2 Louse","floor":3,"turns":2},{"damage":0,"enemies":"Cultist","floor":5,"turns":2},{"damage":3,"enemies":"Exordium Thugs","floor":7,"turns":4},{"damage":0,"enemies":"Gremlin Gang","floor":10,"turns":2},{"damage":0,"enemies":"Exordium Wildlife","floor":11,"turns":2},{"damage":3,"enemies":"Looter","floor":14,"turns":3},{"damage":11,"enemies":"The Guardian","floor":16,"turns":6},{"damage":0,"enemies":"Chosen","floor":18,"turns":1},{"damage":8,"enemies":"Spheric Guardian","floor":22,"turns":4},{"damage":6,"enemies":"Cultist and Chosen","floor":24,"turns":4},{"damage":50,"enemies":"Slavers","floor":27,"turns":5},{"damage":11,"enemies":"3 Cultists","floor":29,"turns":4},{"damage":12,"enemies":"Centurion and Healer","floor":30,"turns":5},{"damage":66,"enemies":"Champ","floor":33,"turns":7}],"seed_played":"-1708999904327615509","potions_obtained":[{"floor":1,"key":"Block Potion"},{"floor":10,"key":"SmokeBomb"},{"floor":22,"key":"SmokeBomb"},{"floor":29,"key":"PowerPotion"},{"floor":30,"key":"Swift Potion"}],"is_trial":true,"path_per_floor":["M","?","M","$","M","?","M","R","T","M","M","$","R","M","R","B",null,"M","$","?","$","M","R","M","R","T","E","?","M","M","$","R"],"character_chosen":"IRONCLAD","items_purchased":["Well Laid Plans","Bag of Preparation","Thunderclap","Fiend Fire"],"campfire_rested":0,"item_purchase_floors":[4,19,19,31],"current_hp_per_floor":[80,69,75,75,80,80,80,80,80,80,80,80,80,80,80,75,80,80,80,80,80,78,78,80,80,80,36,36,45,53,53,53,0],"gold":25,"neow_bonus":"","is_prod":false,"is_daily":false,"chose_seed":false,"campfire_upgraded":6,"win_rate":0,"timestamp":1532790777,"path_taken":["M","?","M","$","M","?","?","R","T","?","M","$","R","M","R","BOSS","M","$","?","$","?","R","M","R","T","E","?","M","M","?","R","BOSS"],"build_version":"2018-07-26","purchased_purges":2,"victory":false,"max_hp_per_floor":[80,80,80,80,80,80,80,80,80,80,80,80,80,80,80,80,80,80,80,80,80,80,80,80,80,80,80,80,80,80,80,80,80],"card_choices":[{"not_picked":["Scrape","Clothesline"],"picked":"Cold Snap","floor":0},{"not_picked":["Wild Strike","Gash"],"picked":"Pommel Strike","floor":0},{"not_picked":["Predator","Reprogram"],"picked":"Heavy Blade","floor":0},{"not_picked":["Fire Breathing","Thunderclap"],"picked":"Deflect","floor":0},{"not_picked":["Gash","Slice"],"picked":"Prepared","floor":0},{"not_picked":["Hologram","Reprogram"],"picked":"Turbo","floor":0},{"not_picked":["Acrobatics","Endless Agony"],"picked":"Ball Lightning","floor":0},{"not_picked":["Quick Slash","Endless Agony"],"picked":"Clothesline","floor":0},{"not_picked":["Clothesline","Twin Strike"],"picked":"Iron Wave","floor":0},{"not_picked":["Quick Slash","Pommel Strike"],"picked":"Backflip","floor":0},{"not_picked":["Dagger Throw","Compile Driver"],"picked":"Redo","floor":0},{"not_picked":["Beam Cell","Consume"],"picked":"Leap","floor":0},{"not_picked":["Flex","Heavy Blade"],"picked":"Streamline","floor":0},{"not_picked":["Scrape","Flying Knee"],"picked":"Leap","floor":0},{"not_picked":["Masterful Stab","Anger"],"picked":"Outmaneuver","floor":0},{"not_picked":["Go for the Eyes","Shockwave","Prepared"],"picked":"SKIP","floor":1},{"not_picked":["Scrape","Clothesline","Terror"],"picked":"SKIP","floor":3},{"not_picked":["Scrape","Clothesline"],"picked":"Terror","floor":3},{"not_picked":["Caltrops","Setup"],"picked":"Leap","floor":5},{"not_picked":["Rebound","Outmaneuver"],"picked":"Cleave","floor":7},{"not_picked":["Masterful Stab","Leg Sweep"],"picked":"Battle Trance","floor":10},{"not_picked":["Bloodletting","Streamline"],"picked":"Demon Form","floor":11},{"not_picked":["Prepared","Well Laid Plans","Reckless Charge"],"picked":"SKIP","floor":14},{"not_picked":["Catalyst+1","Cold Snap"],"picked":"Rip and Tear","floor":22},{"not_picked":["Carnage","FTL"],"picked":"Turbo","floor":24},{"not_picked":["Undo","Sentinel+1","Flex"],"picked":"SKIP","floor":27},{"not_picked":["Leap","Steam","Darkness"],"picked":"SKIP","floor":29},{"not_picked":["True Grit","Dodge and Roll+1"],"picked":"Steam Power","floor":30}],"player_experience":186743,"relics_obtained":[{"floor":9,"key":"Letter Opener"},{"floor":26,"key":"Bottled Lightning"},{"floor":27,"key":"Meat on the Bone"}],"event_choices":[{"event_name":"World of Goop","player_choice":"Gather Gold","floor":2,"damage_taken":0},{"event_name":"Living Wall","player_choice":"Change","floor":6,"damage_taken":0},{"event_name":"The Mausoleum","player_choice":"Yes","floor":20,"damage_taken":0},{"event_name":"Wheel of Change","player_choice":"Curse","floor":28,"damage_taken":0}],"is_beta":true,"boss_relics":[{"not_picked":["White Beast Statue","Busted Crown"],"picked":"Orrery"}],"items_purged_floors":[4,12],"is_endless":false,"potions_floor_spawned":[1,10,22,29,30],"killed_by":"Champ","ascension_level":0}