{"gold_per_floor":[116,129,145,24,40,40,40,40,40,51,82,93,93,93],"floor_reached":14,"playtime":288,"items_purged":["Strike_R"],"score":92,"play_id":"59916e43-68f9-4c1d-8881-9019b4228a0f","local_time":"20190506115204","is_ascension_mode":false,"campfire_choices":[{"data":"Armaments","floor":6.0,"key":"SMITH"},{"data":"Flex","floor":8.0,"key":"SMITH"}],"neow_cost":"","seed_source_timestamp":0,"circlet_count":1,"master_deck":["Strike_R","Strike_R","Strike_R","Strike_R","Defend_R","Defend_R","Defend_R","Defend_R","Bash","Pommel Strike","Armaments+1","Sword Boomerang","Flex+1","Madness","Self Repair+1","Madness"],"special_seed":0,"relics":["Circlet","Dream Catcher","Pear"],"potions_floor_usage":[],"damage_taken":[{"damage":13.0,"enemies":"Cultist","floor":1.0,"turns":5.0},{"damage":7.0,"enemies":"2 Louse","floor":2.0,"turns":2.0},{"damage":8.0,"enemies":"Jaw Worm","floor":3.0,"turns":3.0},{"damage":6.0,"enemies":"Red Slaver","floor":5.0,"turns":4.0},{"damage":9.0,"enemies":"Blue Slaver","floor":10.0,"turns":4.0},{"damage":16.0,"enemies":"Lagavulin","floor":11.0,"turns":8.0},{"damage":2.0,"enemies":"3 Louse","floor":12.0,"turns":5.0},{"damage":0,"enemies":"Gremlin Gang","floor":14,"turns":1}],"seed_played":"-2406227934451740891","potions_obtained":[{"floor":3.0,"key":"Languid Potion"},{"floor":5.0,"key":"Venom Potion"}],"is_trial":true,"path_per_floor":["M","M","M","$","M","R","?","R","T","M","E","M","?","M"],"character_chosen":"IRONCLAD","items_purchased":["Flex"],"campfire_rested":0,"item_purchase_floors":[4],"current_hp_per_floor":[73,72,70,70,70,70,70,70,70,71,75,83,83,83],"gold":93,"neow_bonus":"","is_prod":false,"is_daily":false,"chose_seed":false,"campfire_upgraded":2,"win_rate":0,"timestamp":1557111124,"path_taken":["?","M","M","$","M","R","?","R","T","M","E","M","?","?"],"build_version":"2019-01-23","purchased_purges":1,"victory":false,"max_hp_per_floor":[80,80,80,80,80,80,80,80,80,80,90,90,90,90],"card_choices":[{"not_picked":["Iron Wave","Pummel"],"picked":"Pommel Strike","floor":1.0},{"not_picked":["True Grit","Headbutt"],"picked":"Armaments","floor":2.0},{"not_picked":["Exhume","ReplayTheSpireMod:Strike From Hell"],"picked":"Sword Boomerang","floor":3.0},{"not_picked":["Dropkick","Second Wind"],"picked":"ReplayTheSpireMod:Limb From Limb","floor":5.0},{"not_picked":["Armaments","Wild Strike","Cleave"],"picked":"SKIP","floor":10.0},{"not_picked":["Turbo","Run Through"],"picked":"Eclipse","floor":11.0},{"not_picked":["ReplayTheSpireMod:Stacked","Thunderclap","Havoc"],"picked":"SKIP","floor":12.0}],"player_experience":1005588,"relics_obtained":[{"floor":9.0,"key":"Dream Catcher"},{"floor":11.0,"key":"Pear"},{"floor":13.0,"key":"Ring of Peace"}],"event_choices":[],"is_beta":false,"boss_relics":[],"items_purged_floors":[4],"is_endless":false,"potions_floor_spawned":[3,5],"killed_by":"Gremlin Gang","ascension_level":0}