{"path_per_floor":["M","M","?","?","M","R","$","R","T","M","?","$","M","M","R","B",null,"M","M","$","M","?","R","E","?","T","M","$","M","R","M","R","B",null,"M","M","M","?","?","R","$","M","T"],"character_chosen":"IRONCLAD","items_purchased":["Corruption","Feel No Pain","Whetstone","Fire Potion"],"gold_per_floor":[114,133,133,133,148,148,5,5,5,23,98,60,72,82,82,184,214,228,240,88,99,24,24,49,49,49,63,15,30,30,41,41,144,144,159,176,187,187,0,0,0,10,10,10],"floor_reached":44,"campfire_rested":2,"playtime":2323,"current_hp_per_floor":[80,80,64,64,61,61,61,61,61,63,52,52,46,48,48,19,85,82,69,69,60,60,60,49,33,33,17,17,21,46,28,53,50,85,85,54,37,58,58,58,58,36,36,0],"items_purged":["Strike_R"],"gold":10,"score":422,"play_id":"9df5b57b-fc69-4ac8-baf8-8702219b2090","local_time":"20180508174336","is_prod":false,"is_daily":false,"chose_seed":false,"is_ascension_mode":false,"campfire_upgraded":5,"timestamp":1525769016,"path_taken":["M","M","?","?","M","R","?","R","T","M","?","$","M","M","R","BOSS","M","M","$","?","?","R","E","?","T","M","$","M","R","M","R","BOSS","M","M","M","?","?","R","$","M","T","E"],"build_version":"2018-05-03","seed_source_timestamp":9141294890863,"purchased_purges":1,"victory":false,"master_deck":["Strike_R","Strike_R+1","Strike_R+1","Defend_R+1","Defend_R","Defend_R+1","Bash","Limit Break","Intimidate+1","Pommel Strike+1","Corruption+1","Fire Breathing+1","Feel No Pain+1","Flex","Dark Embrace+1","Shrug It Off+1","Warcry+1","Anger+1","Rage+1","Pommel Strike+1","Shockwave+1","Sever Soul+1","Armaments+1","Anger+1","Warcry+1","Writhe","Pommel Strike+1"],"max_hp_per_floor":[80,80,80,80,80,80,80,80,80,80,80,80,80,80,80,80,85,85,85,85,85,85,85,85,85,85,85,85,85,85,85,85,85,85,85,85,85,85,85,85,85,85,85,85],"relics":["Burning Blood","Question Card","Tiny House","Whetstone","Vajra","Enchiridion","War Paint","Astrolabe","Red Mask","Self Forming Clay"],"card_choices":[{"not_picked":["Perfected Strike","Iron Wave"],"picked":"Intimidate","floor":2},{"not_picked":["Disarm","Iron Wave"],"picked":"Pommel Strike","floor":5},{"not_picked":["Intimidate","Clothesline","Hemokinesis"],"picked":"Fire Breathing","floor":10},{"not_picked":["Shrug It Off","Spot Weakness","Dual Wield"],"picked":"Flex","floor":13},{"not_picked":["Flame Barrier","Heavy Blade","Combust"],"picked":"Body Slam","floor":14},{"not_picked":["Limit Break","Fiend Fire","Impervious"],"picked":"Dark Embrace","floor":16},{"not_picked":["Anger","Iron Wave","Armaments"],"picked":"Shrug It Off","floor":17},{"not_picked":["Clothesline","Flex","Headbutt"],"picked":"Warcry","floor":18},{"not_picked":["Corruption","Fiend Fire","Warcry"],"picked":"Anger","floor":21},{"not_picked":["Iron Wave","Ghostly Armor","Intimidate"],"picked":"Rage","floor":24},{"not_picked":["Warcry","Iron Wave","Ghostly Armor"],"picked":"Pommel Strike","floor":27},{"not_picked":["Seeing Red","Flex","Ghostly Armor"],"picked":"Inflame","floor":29},{"not_picked":["Feed","Berserk","Dark Embrace"],"picked":"Juggernaut","floor":33},{"not_picked":["Metallicize","Warcry","Twin Strike"],"picked":"Anger","floor":35},{"not_picked":["Armaments","Cleave","Headbutt"],"picked":"Warcry","floor":37},{"not_picked":["Dropkick","Anger","Sword Boomerang"],"picked":"Pommel Strike","floor":42}],"player_experience":4999,"potions_floor_usage":[16,16,24,24,29,31,33,36,44,44],"damage_taken":[{"damage":1,"enemies":"Jaw Worm","floor":1,"turns":3},{"damage":1,"enemies":"Small Slimes","floor":2,"turns":3},{"damage":9,"enemies":"2 Louse","floor":5,"turns":3},{"damage":4,"enemies":"Looter","floor":10,"turns":4},{"damage":12,"enemies":"Lots of Slimes","floor":13,"turns":5},{"damage":4,"enemies":"3 Louse","floor":14,"turns":4},{"damage":50,"enemies":"Hexaghost","floor":16,"turns":9},{"damage":9,"enemies":"3 Byrds","floor":18,"turns":7},{"damage":19,"enemies":"Shell Parasite","floor":19,"turns":5},{"damage":15,"enemies":"Centurion and Healer","floor":21,"turns":6},{"damage":29,"enemies":"Gremlin Leader","floor":24,"turns":5},{"damage":22,"enemies":"Cultist and Chosen","floor":27,"turns":5},{"damage":2,"enemies":"Snake Plant","floor":29,"turns":3},{"damage":24,"enemies":"Sentry and Sphere","floor":31,"turns":6},{"damage":9,"enemies":"Collector","floor":33,"turns":6},{"damage":5,"enemies":"Orb Walker","floor":35,"turns":4},{"damage":46,"enemies":"3 Darklings","floor":36,"turns":5},{"damage":23,"enemies":"Spire Growth","floor":37,"turns":5},{"damage":28,"enemies":"Flame Bruiser 2 Orb","floor":42,"turns":6},{"damage":48,"enemies":"2 Orb Walkers","floor":44,"turns":5}],"event_choices":[{"event_name":"Shining Light","player_choice":"Entered Light","floor":3,"damage_taken":0},{"event_name":"The Lab","player_choice":"Got Potions","floor":4,"damage_taken":0},{"event_name":"World of Goop","player_choice":"Gather Gold","floor":11,"damage_taken":0},{"event_name":"Beggar","player_choice":"Gave Gold","floor":22,"damage_taken":0},{"event_name":"Cursed Tome","player_choice":"Obtained Book","floor":25,"damage_taken":0},{"event_name":"Winding Halls","player_choice":"Writhe","floor":38,"damage_taken":0},{"event_name":"Tomb of Lord Red Mask","player_choice":"Paid","floor":39,"damage_taken":0}],"boss_relics":[{"not_picked":["White Beast Statue","Runic Pyramid"],"picked":"Tiny House"},{"not_picked":["Lizard Tail","Black Blood"],"picked":"Astrolabe"}],"potions_floor_spawned":[1,14,19,21,31,33,37,42],"seed_played":"-5133129656577394652","killed_by":"2 Orb Walkers","ascension_level":0,"is_trial":false}