{"gold_per_floor":[119,269,269,269,279,308,308,335,335,335],"floor_reached":10,"playtime":324,"items_purged":[],"score":198,"play_id":"dda6a492-19b4-4fca-9ba0-a80c863bf5eb","local_time":"20190530023720","is_ascension_mode":true,"campfire_choices":[],"neow_cost":"NONE","seed_source_timestamp":31892003422180,"circlet_count":0,"master_deck":["AscendersBane","Defend_G","Defend_G","Defend_G","Defend_G","Defend_G","Strike_G","Strike_G","Strike_G","Strike_G","Strike_G","Survivor","Neutralize","Dash","Venomology","Bullet Time","Regret","Leg Sweep"],"special_seed":0,"relics":["Ring of the Snake","NeowsBlessing","Blue Candle","The Courier","Bottled Flame","Toxic Egg 2"],"potions_floor_usage":[8,8,8,10,10],"damage_taken":[{"damage":0.0,"enemies":"Cultist","floor":1.0,"turns":1.0},{"damage":0.0,"enemies":"Small Slimes","floor":5.0,"turns":1.0},{"damage":0.0,"enemies":"Lagavulin","floor":6.0,"turns":3.0},{"damage":64,"enemies":"3 Sentries","floor":8,"turns":22},{"damage":29,"enemies":"Gremlin Nob","floor":10,"turns":3}],"seed_played":"-3435019338109922041","potions_obtained":[{"floor":1.0,"key":"Dexterity Potion"},{"floor":8,"key":"Dexterity Potion"}],"is_trial":false,"path_per_floor":["M","?","?","$","M","E","?","E","T","E"],"character_chosen":"THE_SILENT","items_purchased":[],"campfire_rested":0,"item_purchase_floors":[],"current_hp_per_floor":[59,59,59,59,59,59,59,10,10,0],"gold":335,"neow_bonus":"THREE_ENEMY_KILL","is_prod":false,"is_daily":false,"chose_seed":false,"campfire_upgraded":0,"win_rate":0,"timestamp":1559209040,"path_taken":["M","?","?","$","?","E","?","E","T","E"],"build_version":"2019-01-23","purchased_purges":0,"victory":false,"max_hp_per_floor":[66,66,66,66,66,66,66,66,66,66],"card_choices":[{"not_picked":["Dagger Spray","Deadly Poison"],"picked":"Dash","floor":1.0},{"not_picked":["Dagger Throw","Deflect"],"picked":"Venomology","floor":5.0},{"not_picked":["Masterful Stab","Acrobatics"],"picked":"Bullet Time","floor":6.0},{"not_picked":["Catalyst","Accuracy"],"picked":"Leg Sweep","floor":8}],"player_experience":813888,"relics_obtained":[{"floor":6.0,"key":"Blue Candle"},{"floor":8,"key":"Bottled Flame"},{"floor":9,"key":"Toxic Egg 2"}],"event_choices":[{"damage_healed":0.0,"max_hp_gain":0.0,"max_hp_loss":0.0,"gold_gain":150.0,"event_name":"Liars Game","player_choice":"AGREE","floor":2.0,"gold_loss":0.0,"damage_taken":0.0,"cards_obtained":["Doubt"]},{"cards_removed":["Doubt"],"damage_healed":0.0,"max_hp_gain":0.0,"max_hp_loss":0.0,"gold_gain":0.0,"event_name":"Fountain of Cleansing","player_choice":"Removed Curses","floor":3.0,"gold_loss":0.0,"damage_taken":0.0},{"damage_healed":0.0,"max_hp_gain":0.0,"max_hp_loss":0.0,"gold_gain":0.0,"event_name":"Big Fish","player_choice":"Box","floor":7.0,"gold_loss":0.0,"damage_taken":0.0,"relics_obtained":["The Courier"],"cards_obtained":["Regret"]}],"is_beta":false,"boss_relics":[],"items_purged_floors":[],"is_endless":false,"potions_floor_spawned":[1,8],"killed_by":"Gremlin Nob","ascension_level":20}