{"gold_per_floor":[119,133,133,180,190,190,223,223,247,263,290,304,333,333,333,410,710,720,720,720,770,788,788,813,813,813,826,826,845,22,22,22,97,97,107,118,118,33,33,68,68,79,128,128,141,141,154,168,168,168],"floor_reached":51,"playtime":2846,"items_purged":["Strike_B"],"score":1443,"play_id":"16486563-aa76-45d3-8d8b-3b19e3b23b1b","local_time":"20190522192815","is_ascension_mode":true,"campfire_choices":[{"floor":6.0,"key":"REST"},{"data":"White Noise","floor":8.0,"key":"SMITH"},{"data":"Echo Form","floor":15.0,"key":"SMITH"},{"floor":23.0,"key":"REST"},{"floor":25.0,"key":"REST"},{"data":"Glacier","floor":32.0,"key":"SMITH"},{"floor":41.0,"key":"REST"},{"floor":44.0,"key":"REST"},{"floor":49.0,"key":"REST"}],"neow_cost":"NONE","seed_source_timestamp":6919025433016,"circlet_count":0,"master_deck":["AscendersBane","Strike_B+1","Defend_B","Defend_B+1","Defend_B","Zap+1","Dualcast","White Noise+1","Leap","Glacier+1","Doom and Gloom","Echo Form+1","Blizzard","Echo Form","Coolheaded+1","Ball Lightning","Fission+1","Go for the Eyes","Rebound+1","Redo+1","Seek+1","Rainbow+1","Cold Snap+1","Glacier+1","White Noise+1","Skim+1","Hologram+1","Glacier+1","White Noise+1","Redo+1"],"special_seed":0,"relics":["Cracked Core","Happy Flower","Mercury Hourglass","PreservedInsect","Unceasing Top","Omamori","CultistMask","Calling Bell","Centennial Puzzle","Toxic Egg 2","Old Coin","Potion Belt","Dream Catcher","Spirit Poop","Lee\u0027s Waffle","Question Card","Fusion Hammer","Boot","Oddly Smooth Stone"],"potions_floor_usage":[50,50],"damage_taken":[{"damage":7.0,"enemies":"Jaw Worm","floor":1.0,"turns":4.0},{"damage":1.0,"enemies":"Cultist","floor":2.0,"turns":4.0},{"damage":0.0,"enemies":"2 Louse","floor":5.0,"turns":3.0},{"damage":2.0,"enemies":"Lagavulin","floor":7.0,"turns":6.0},{"damage":1.0,"enemies":"Red Slaver","floor":10.0,"turns":4.0},{"damage":0.0,"enemies":"3 Sentries","floor":11.0,"turns":1.0},{"damage":2.0,"enemies":"Exordium Wildlife","floor":12.0,"turns":4.0},{"damage":0.0,"enemies":"Lagavulin","floor":13.0,"turns":6.0},{"damage":22.0,"enemies":"Slime Boss","floor":16.0,"turns":8.0},{"damage":9.0,"enemies":"3 Byrds","floor":18.0,"turns":2.0},{"damage":23.0,"enemies":"Colosseum Slavers","floor":20.0,"turns":6.0},{"damage":15.0,"enemies":"Chosen","floor":22.0,"turns":4.0},{"damage":10.0,"enemies":"Book of Stabbing","floor":24.0,"turns":4.0},{"damage":24.0,"enemies":"Snake Plant","floor":27.0,"turns":4.0},{"damage":0.0,"enemies":"Centurion and Healer","floor":29.0,"turns":8.0},{"damage":26.0,"enemies":"Collector","floor":33.0,"turns":9.0},{"damage":2.0,"enemies":"Orb Walker","floor":35.0,"turns":3.0},{"damage":14.0,"enemies":"3 Shapes","floor":36.0,"turns":3.0},{"damage":31.0,"enemies":"Nemesis","floor":40.0,"turns":8.0},{"damage":0.0,"enemies":"Jaw Worm Horde","floor":42.0,"turns":6.0},{"damage":0.0,"enemies":"Sphere and 2 Shapes","floor":45.0,"turns":4.0},{"damage":0.0,"enemies":"Spire Growth","floor":47.0,"turns":7.0},{"damage":17.0,"enemies":"Writhing Mass","floor":48.0,"turns":6.0},{"damage":49,"enemies":"Donu and Deca","floor":50,"turns":11}],"seed_played":"-3298776671738684567","potions_obtained":[{"floor":7.0,"key":"Explosive Potion"},{"floor":11.0,"key":"Fire Potion"},{"floor":12.0,"key":"Block Potion"},{"floor":22.0,"key":"Poison Potion"},{"floor":27.0,"key":"Weak Potion"},{"floor":29.0,"key":"SteroidPotion"},{"floor":35.0,"key":"Explosive Potion"},{"floor":40.0,"key":"PowerPotion"},{"floor":45.0,"key":"SpeedPotion"}],"is_trial":false,"path_per_floor":["M","M","?","T","M","R","E","R","T","M","E","M","E","?","R","B",null,"M","?","?","?","M","R","E","R","T","M","?","M","$","?","R","B",null,"M","M","?","$","?","E","R","M","T","R","M","?","M","M","R","B",null],"character_chosen":"DEFECT","items_purchased":["Fruit Juice","Seek+1","Lee\u0027s Waffle","Question Card","Glacier+1"],"campfire_rested":6,"item_purchase_floors":[30,30,30,30,38],"current_hp_per_floor":[57,56,35,35,35,56,54,54,54,53,53,51,51,51,51,29,61,52,52,29,29,14,35,25,46,46,22,22,22,83,83,83,57,77,75,61,49,49,49,18,42,42,42,66,66,66,66,49,73,24],"gold":168,"neow_bonus":"UPGRADE_CARD","is_prod":false,"is_daily":false,"chose_seed":false,"campfire_upgraded":3,"win_rate":0,"timestamp":1558578495,"path_taken":["M","M","?","?","M","R","E","R","T","M","E","?","E","?","R","BOSS","M","?","?","?","M","R","E","R","T","M","?","?","$","?","R","BOSS","M","M","?","?","?","E","R","M","T","R","?","?","?","M","R","BOSS"],"build_version":"2019-01-23","purchased_purges":1,"victory":true,"max_hp_per_floor":[71,71,71,71,71,71,71,71,71,71,71,71,71,71,71,71,71,71,71,71,71,71,71,71,71,71,71,71,71,83,83,83,83,83,83,83,83,83,83,83,83,83,83,83,83,83,83,83,83,83],"card_choices":[{"not_picked":["Go for the Eyes","Gash"],"picked":"White Noise","floor":1.0},{"not_picked":["Recycle","Stack"],"picked":"Leap","floor":2.0},{"not_picked":["Compile Driver","Gash","Hologram"],"picked":"SKIP","floor":5.0},{"not_picked":["Heatsinks","Sweeping Beam"],"picked":"Glacier","floor":7.0},{"not_picked":["Reinforced Body","Turbo","Ball Lightning"],"picked":"SKIP","floor":10.0},{"not_picked":["Storm","Scrape"],"picked":"Doom and Gloom","floor":11.0},{"not_picked":["Redo","Ball Lightning"],"picked":"Echo Form","floor":12.0},{"not_picked":["Redo","Scrape"],"picked":"Blizzard","floor":13.0},{"not_picked":["Fission","Biased Cognition"],"picked":"Echo Form","floor":16.0},{"not_picked":["Melter","Redo+1"],"picked":"Coolheaded+1","floor":18.0},{"not_picked":["Rebound","Gash"],"picked":"Go for the Eyes","floor":22.0},{"not_picked":["Darkness+1","Rip and Tear"],"picked":"Rebound+1","floor":24.0},{"not_picked":["Ball Lightning","Barrage","Compile Driver"],"picked":"SKIP","floor":27.0},{"not_picked":["Heatsinks+1","Aggregate+1"],"picked":"Redo+1","floor":29.0},{"not_picked":["Thunder Strike","Amplify+1","Buffer"],"picked":"Rainbow+1","floor":33.0},{"not_picked":["Reprogram+1","Lockon","Steam+1"],"picked":"Cold Snap+1","floor":35.0},{"not_picked":["Turbo+1","Stack+1","Sunder","Sweeping Beam"],"picked":"SKIP","floor":36.0},{"not_picked":["Glacier+1","Redo+1","BootSequence+1"],"picked":"Skim+1","floor":40.0},{"not_picked":["Steam Power+1","Ball Lightning+1","Aggregate+1"],"picked":"Hologram+1","floor":41.0},{"not_picked":["Gash","Sweeping Beam","Beam Cell"],"picked":"Glacier+1","floor":42.0},{"not_picked":["Go for the Eyes+1","Turbo+1","Heatsinks"],"picked":"White Noise+1","floor":45.0},{"not_picked":["Sweeping Beam","Cold Snap","Coolheaded+1"],"picked":"Redo+1","floor":47.0},{"not_picked":["Tempest+1","Gash","Steam Power+1","Storm"],"picked":"SKIP","floor":48.0}],"player_experience":780884,"relics_obtained":[{"floor":4.0,"key":"Happy Flower"},{"floor":7.0,"key":"Mercury Hourglass"},{"floor":9.0,"key":"PreservedInsect"},{"floor":11.0,"key":"Unceasing Top"},{"floor":13.0,"key":"Omamori"},{"floor":17.0,"key":"Centennial Puzzle"},{"floor":17.0,"key":"Toxic Egg 2"},{"floor":17.0,"key":"Old Coin"},{"floor":24.0,"key":"Potion Belt"},{"floor":26.0,"key":"Dream Catcher"},{"floor":40.0,"key":"Boot"},{"floor":43.0,"key":"Oddly Smooth Stone"}],"event_choices":[{"damage_healed":0.0,"max_hp_gain":0.0,"max_hp_loss":0.0,"gold_gain":0.0,"event_name":"Shining Light","player_choice":"Entered Light","floor":3.0,"gold_loss":0.0,"damage_taken":21.0,"cards_upgraded":["Defend_B","Strike_B"]},{"damage_healed":0.0,"max_hp_gain":0.0,"max_hp_loss":0.0,"gold_gain":0.0,"event_name":"FaceTrader","player_choice":"Trade","floor":14.0,"gold_loss":0.0,"damage_taken":0.0,"relics_obtained":["CultistMask"]},{"damage_healed":0.0,"max_hp_gain":0.0,"max_hp_loss":0.0,"gold_gain":0.0,"cards_transformed":["Strike_B","Strike_B"],"event_name":"Drug Dealer","player_choice":"Became Test Subject","floor":19.0,"gold_loss":0.0,"damage_taken":0.0,"cards_obtained":["Ball Lightning","Fission"]},{"damage_healed":0.0,"max_hp_gain":0.0,"max_hp_loss":0.0,"gold_gain":0.0,"event_name":"Colosseum","player_choice":"Fight","floor":20.0,"gold_loss":0.0,"damage_taken":0.0},{"damage_healed":0.0,"max_hp_gain":0.0,"max_hp_loss":0.0,"gold_gain":0.0,"event_name":"Colosseum","player_choice":"Fled From Nobs","floor":20.0,"gold_loss":0.0,"damage_taken":0.0},{"damage_healed":0.0,"max_hp_gain":0.0,"max_hp_loss":0.0,"gold_gain":50.0,"event_name":"Nest","player_choice":"Stole From Cult","floor":21.0,"gold_loss":0.0,"damage_taken":0.0},{"cards_removed":["Injury"],"damage_healed":0.0,"max_hp_gain":0.0,"max_hp_loss":0.0,"gold_gain":0.0,"event_name":"Bonfire Elementals","player_choice":"Offered Curse","floor":28.0,"gold_loss":0.0,"damage_taken":0.0,"relics_obtained":["Spirit Poop"]},{"damage_healed":0.0,"max_hp_gain":0.0,"max_hp_loss":0.0,"gold_gain":0.0,"event_name":"Vampires","player_choice":"Ignored","floor":31.0,"gold_loss":0.0,"damage_taken":0.0},{"damage_healed":0.0,"max_hp_gain":0.0,"max_hp_loss":0.0,"gold_gain":0.0,"event_name":"Wheel of Change","player_choice":"Damaged","floor":37.0,"gold_loss":0.0,"damage_taken":12.0},{"damage_healed":0.0,"max_hp_gain":0.0,"max_hp_loss":0.0,"gold_gain":0.0,"event_name":"Duplicator","player_choice":"Copied","floor":39.0,"gold_loss":0.0,"damage_taken":0.0,"cards_obtained":["White Noise"]},{"cards_removed":["Defend_B"],"damage_healed":0.0,"max_hp_gain":0.0,"max_hp_loss":0.0,"gold_gain":0.0,"event_name":"Purifier","player_choice":"Purged","floor":46.0,"gold_loss":0.0,"damage_taken":0.0}],"is_beta":false,"boss_relics":[{"not_picked":["Ectoplasm","Runic Dome"],"picked":"Calling Bell"},{"not_picked":["White Beast Statue","Astrolabe"],"picked":"Fusion Hammer"}],"items_purged_floors":[30],"is_endless":false,"potions_floor_spawned":[7,11,12,13,20,22,27,29,35,40,45],"ascension_level":19}