{"gold_per_floor":[17,17,92,111,111,111,140,153,179,192,62,74,74],"floor_reached":13,"playtime":270,"items_purged":[],"score":170,"play_id":"77ee3b41-01f8-4e99-b630-9a69bb13a8db","local_time":"20190417204737","is_ascension_mode":true,"campfire_choices":[{"data":"Whirlwind","floor":6,"key":"SMITH"}],"neow_cost":"NO_GOLD","seed_source_timestamp":6212168672713,"circlet_count":0,"master_deck":["AscendersBane","Strike_R","Strike_R","Strike_R","Strike_R","Defend_R","Defend_R+1","Defend_R+1","Bash","Barricade+1","Sword Boomerang","Whirlwind+1","Disarm","Body Slam","Feel No Pain","Second Wind","Metallicize"],"relics":["Burning Blood","War Paint","Regal Pillow","Art of War"],"potions_floor_usage":[7,10,12],"damage_taken":[{"damage":11,"enemies":"Small Slimes","floor":1,"turns":4},{"damage":0,"enemies":"2 Louse","floor":4,"turns":1},{"damage":18,"enemies":"Lagavulin","floor":7,"turns":8},{"damage":4,"enemies":"Cultist","floor":8,"turns":5},{"damage":13,"enemies":"Large Slime","floor":10,"turns":6},{"damage":0,"enemies":"2 Fungi Beasts","floor":12,"turns":3},{"damage":26,"enemies":"Gremlin Nob","floor":13,"turns":4}],"seed_played":"-1632855702542012989","potions_obtained":[{"floor":1,"key":"Energy Potion"},{"floor":7,"key":"SkillPotion"},{"floor":8,"key":"Regen Potion"}],"is_trial":false,"path_per_floor":["M","?","?","M","?","R","E","M","T","M","$","M","E"],"character_chosen":"IRONCLAD","items_purchased":["Second Wind","Metallicize"],"campfire_rested":0,"item_purchase_floors":[11,11],"current_hp_per_floor":[63,63,52,58,40,40,28,30,30,37,37,43,17],"gold":74,"neow_bonus":"TRANSFORM_TWO_CARDS","is_prod":false,"is_daily":false,"chose_seed":false,"campfire_upgraded":1,"win_rate":0,"timestamp":1555501657,"path_taken":["M","?","?","M","?","R","E","M","T","M","$","M","E"],"build_version":"2019-01-23","purchased_purges":0,"victory":false,"max_hp_per_floor":[75,75,75,75,75,75,75,75,75,75,75,75,75],"card_choices":[{"not_picked":["Feel No Pain","Battle Trance"],"picked":"Whirlwind","floor":1},{"not_picked":["Corruption","Fire Breathing","Clash"],"picked":"SKIP","floor":4},{"not_picked":["Sever Soul","Havoc"],"picked":"Disarm","floor":7},{"not_picked":["Wild Strike","Intimidate"],"picked":"Body Slam","floor":8},{"not_picked":["Twin Strike","Reaper"],"picked":"Feel No Pain","floor":10},{"not_picked":["Fire Breathing","Burning Pact","Clothesline"],"picked":"SKIP","floor":12}],"player_experience":957769,"relics_obtained":[{"floor":7,"key":"Regal Pillow"},{"floor":9,"key":"Art of War"}],"event_choices":[{"damage_healed":0,"gold_gain":0,"player_choice":"Grow","damage_taken":0,"max_hp_gain":0,"max_hp_loss":0,"event_name":"Living Wall","floor":2,"gold_loss":0,"cards_upgraded":["Barricade"]},{"damage_healed":0,"gold_gain":75,"player_choice":"Gather Gold","damage_taken":11,"max_hp_gain":0,"max_hp_loss":0,"event_name":"World of Goop","floor":3,"gold_loss":0},{"damage_healed":0,"gold_gain":0,"player_choice":"Success","damage_taken":18,"relics_obtained":["War Paint"],"max_hp_gain":0,"max_hp_loss":0,"event_name":"Scrap Ooze","floor":5,"gold_loss":0}],"is_beta":false,"boss_relics":[],"items_purged_floors":[],"is_endless":false,"potions_floor_spawned":[1,7,8],"killed_by":"Gremlin Nob","ascension_level":20}