{"path_per_floor":["M","M","$","?","M","M","?","M","T","R","M","R","M","M","R","B",null,"M","M","?","?","$"],"character_chosen":"IRONCLAD","items_purchased":["Inflame","Corruption","Blood Vial"],"gold_per_floor":[114,127,50,125,143,157,157,172,198,198,209,209,222,240,240,338,338,348,361,284,284,69,69],"floor_reached":23,"campfire_rested":0,"playtime":1034,"current_hp_per_floor":[76,71,71,60,60,59,64,61,61,61,60,60,56,54,54,56,85,41,48,48,48,48,0],"items_purged":[],"gold":69,"score":210,"play_id":"f8f91964-8a58-4dee-8f4b-583d58138661","local_time":"20180509133848","is_prod":false,"is_daily":false,"chose_seed":false,"is_ascension_mode":false,"campfire_upgraded":3,"timestamp":1525840728,"path_taken":["M","M","$","?","M","M","?","M","T","R","M","R","M","?","R","BOSS","M","M","?","?","$","E"],"build_version":"2018-05-07","seed_source_timestamp":4445455416896,"purchased_purges":1,"victory":false,"master_deck":["Strike_R","Strike_R","Strike_R","Strike_R","Strike_R","Defend_R","Defend_R","Defend_R","Defend_R","Bash","Demon Form+1","Pommel Strike","Sentinel","Inflame","Rage","Armaments+1","Shrug It Off","Flex","Heavy Blade+1","Warcry","Dark Embrace","Thunderclap","Anger","J.A.X.","Corruption"],"max_hp_per_floor":[80,80,80,80,80,80,85,85,85,85,85,85,85,85,85,85,85,85,85,85,85,85,85],"relics":["Burning Blood","Prayer Wheel","Lizard Tail","Blood Vial"],"card_choices":[{"not_picked":["True Grit","Searing Blow"],"picked":"Pommel Strike","floor":1},{"not_picked":["Wild Strike","Warcry"],"picked":"Sentinel","floor":2},{"not_picked":["Clothesline","True Grit"],"picked":"Rage","floor":5},{"not_picked":["Shrug It Off","Immolate"],"picked":"Armaments","floor":6},{"not_picked":["Perfected Strike","Sword Boomerang"],"picked":"Shrug It Off","floor":8},{"not_picked":["Disarm","Perfected Strike"],"picked":"Flex","floor":11},{"not_picked":["True Grit","Shrug It Off"],"picked":"Heavy Blade","floor":13},{"not_picked":["Twin Strike","True Grit"],"picked":"Warcry","floor":14},{"not_picked":["Feed","Brutality"],"picked":"Dark Embrace","floor":16},{"not_picked":["Perfected Strike","Infernal Blade"],"picked":"Thunderclap","floor":18},{"not_picked":["Armaments","Twin Strike"],"picked":"Anger","floor":19}],"player_experience":21415,"potions_floor_usage":[16,16,16,18],"damage_taken":[{"damage":10,"enemies":"Small Slimes","floor":1,"turns":6},{"damage":11,"enemies":"Jaw Worm","floor":2,"turns":4},{"damage":6,"enemies":"2 Louse","floor":5,"turns":3},{"damage":7,"enemies":"Lots of Slimes","floor":6,"turns":5},{"damage":9,"enemies":"Large Slime","floor":8,"turns":7},{"damage":7,"enemies":"Blue Slaver","floor":11,"turns":3},{"damage":10,"enemies":"Looter","floor":13,"turns":4},{"damage":8,"enemies":"2 Fungi Beasts","floor":14,"turns":4},{"damage":19,"enemies":"Slime Boss","floor":16,"turns":7},{"damage":50,"enemies":"3 Byrds","floor":18,"turns":7},{"damage":43,"enemies":"Shell Parasite","floor":19,"turns":6},{"damage":55,"enemies":"Book of Stabbing","floor":23,"turns":4}],"event_choices":[{"event_name":"World of Goop","player_choice":"Gather Gold","floor":4,"damage_taken":0},{"event_name":"Big Fish","player_choice":"Donut","floor":7,"damage_taken":0},{"event_name":"Drug Dealer","player_choice":"Got JAXXED","floor":20,"damage_taken":0},{"event_name":"Ghosts","player_choice":"Ignored","floor":21,"damage_taken":0}],"boss_relics":[{"not_picked":["Cursed Key","Snecko Eye"],"picked":"Lizard Tail"}],"potions_floor_spawned":[5,6,11,14,16],"seed_played":"-2879322285601781292","killed_by":"Book of Stabbing","ascension_level":0,"is_trial":false}