{"gold_per_floor":[116,135,155,155,171,171,184,184,209,209,223,38,0,16,16,106,106,130,154,54,69,85,85,106,106,155,155,168,183,183],"floor_reached":30,"playtime":1072,"items_purged":["Strike_R","Strike_R"],"score":456,"play_id":"48b6edcc-069c-4146-a888-17c402d1e21f","local_time":"20190524214412","is_ascension_mode":true,"campfire_choices":[{"data":"Barricade","floor":6,"key":"SMITH"},{"floor":10,"key":"REST"},{"data":"Armaments","floor":15,"key":"SMITH"},{"floor":23,"key":"REST"}],"neow_cost":"PERCENT_DAMAGE","seed_source_timestamp":6713418072512,"circlet_count":0,"master_deck":["AscendersBane","Strike_R","Defend_R","Defend_R","Defend_R","Defend_R","Bash","Barricade+1","Evolve","Shrug It Off","Metallicize","Offering","Armaments+1","Double Tap","Rage","Battle Trance","Combust","Ghostly Armor","Second Wind"],"relics":["Burning Blood","Golden Idol","Regal Pillow","Runic Dome","Bronze Scales"],"potions_floor_usage":[7],"damage_taken":[{"damage":13,"enemies":"Cultist","floor":1,"turns":5},{"damage":7,"enemies":"Jaw Worm","floor":2,"turns":3},{"damage":8,"enemies":"2 Louse","floor":3,"turns":2},{"damage":22,"enemies":"Large Slime","floor":5,"turns":7},{"damage":12,"enemies":"3 Louse","floor":7,"turns":4},{"damage":10,"enemies":"Exordium Wildlife","floor":11,"turns":5},{"damage":6,"enemies":"Looter","floor":13,"turns":4},{"damage":10,"enemies":"Blue Slaver","floor":14,"turns":10},{"damage":39,"enemies":"The Guardian","floor":16,"turns":26},{"damage":6,"enemies":"Chosen","floor":18,"turns":7},{"damage":6,"enemies":"Spheric Guardian","floor":19,"turns":11},{"damage":16,"enemies":"Centurion and Healer","floor":21,"turns":8},{"damage":27,"enemies":"Shelled Parasite and Fungi","floor":22,"turns":8},{"damage":6,"enemies":"Snake Plant","floor":24,"turns":11},{"damage":31,"enemies":"Snecko","floor":28,"turns":8},{"damage":28,"enemies":"Centurion and Healer","floor":29,"turns":7},{"damage":13,"enemies":"Snake Plant","floor":30,"turns":2}],"seed_played":"7372422347089269466","potions_obtained":[{"floor":3,"key":"Fire Potion"},{"floor":5,"key":"FearPotion"}],"is_trial":false,"path_per_floor":["M","M","M","?","M","R","M","?","T","R","M","$","M","M","R","B",null,"M","M","$","M","M","R","M","?","T","?","M","M","M"],"character_chosen":"IRONCLAD","items_purchased":["Armaments","AttackPotion"],"campfire_rested":2,"item_purchase_floors":[12,12],"current_hp_per_floor":[43,42,40,40,24,24,18,18,18,53,49,49,49,45,45,12,54,54,54,54,44,23,58,58,58,58,58,33,11,0],"gold":183,"neow_bonus":"THREE_RARE_CARDS","is_prod":false,"is_daily":false,"chose_seed":false,"campfire_upgraded":2,"win_rate":0,"timestamp":1558701852,"path_taken":["M","M","M","?","M","R","M","?","T","R","M","$","M","M","R","BOSS","M","M","$","M","M","R","M","?","T","?","M","M","M"],"build_version":"2019-01-23","purchased_purges":2,"victory":false,"max_hp_per_floor":[75,75,75,68,68,68,68,68,68,68,68,68,68,68,68,68,68,68,68,68,68,68,68,68,68,68,68,68,68,68],"card_choices":[{"not_picked":["Double Tap","Limit Break"],"picked":"Barricade","floor":0},{"not_picked":["Wild Strike","Sword Boomerang"],"picked":"Evolve","floor":1},{"not_picked":["Headbutt","Dual Wield","Thunderclap"],"picked":"SKIP","floor":2},{"not_picked":["Flex","Iron Wave"],"picked":"Shrug It Off","floor":3},{"not_picked":["Flex","Shrug It Off","Inflame"],"picked":"SKIP","floor":5},{"not_picked":["Warcry","Twin Strike"],"picked":"Metallicize","floor":7},{"not_picked":["Heavy Blade","Seeing Red"],"picked":"Offering","floor":11},{"not_picked":["Heavy Blade","Pommel Strike","Perfected Strike"],"picked":"SKIP","floor":13},{"not_picked":["Anger","Headbutt","Clash"],"picked":"SKIP","floor":14},{"not_picked":["Brutality","Limit Break"],"picked":"Double Tap","floor":16},{"not_picked":["Wild Strike","Headbutt"],"picked":"Rage","floor":18},{"not_picked":["Clothesline","Twin Strike+1"],"picked":"Battle Trance","floor":19},{"not_picked":["Cleave","Iron Wave","Clash"],"picked":"SKIP","floor":21},{"not_picked":["Warcry","Iron Wave","Shrug It Off"],"picked":"SKIP","floor":22},{"not_picked":["Havoc","Anger+1","Spot Weakness"],"picked":"SKIP","floor":24},{"not_picked":["Sword Boomerang","Evolve"],"picked":"Second Wind","floor":28},{"not_picked":["Burning Pact","Havoc","Double Tap"],"picked":"SKIP","floor":29}],"player_experience":1025135,"relics_obtained":[{"floor":9,"key":"Regal Pillow"},{"floor":26,"key":"Bronze Scales"}],"event_choices":[{"damage_healed":0,"gold_gain":0,"player_choice":"Lose Max HP","damage_taken":0,"relics_obtained":["Golden Idol"],"max_hp_gain":0,"max_hp_loss":7,"event_name":"Golden Idol","floor":4,"gold_loss":0},{"damage_healed":0,"gold_gain":0,"player_choice":"Ignored","damage_taken":0,"max_hp_gain":0,"max_hp_loss":0,"event_name":"Shining Light","floor":8,"gold_loss":0},{"damage_healed":0,"gold_gain":0,"cards_transformed":["Strike_R","Strike_R"],"player_choice":"Became Test Subject","damage_taken":0,"max_hp_gain":0,"max_hp_loss":0,"event_name":"Drug Dealer","floor":25,"gold_loss":0,"cards_obtained":["Combust","Ghostly Armor"]},{"damage_healed":0,"gold_gain":0,"player_choice":"Ignored","damage_taken":0,"max_hp_gain":0,"max_hp_loss":0,"event_name":"Vampires","floor":27,"gold_loss":0}],"is_beta":false,"boss_relics":[{"not_picked":["Tiny House","Calling Bell"],"picked":"Runic Dome"}],"items_purged_floors":[12,20],"is_endless":false,"potions_floor_spawned":[3,5,19,24,29],"killed_by":"Snake Plant","ascension_level":20}