{"gold_per_floor":[17,17,32,42,42,42,72,72,99,134,12,12,12,22,22,125,125,139,439,364,20,20,20,31,64,64,82,98,114,114,134,134,231,231,250,250,250,250,250,250,269,369,369,384,418,418,438,467,467,467],"floor_reached":50,"playtime":1931,"items_purged":["Strike_R","Defend_R"],"score":738,"play_id":"d0831009-ea3a-45e7-99f3-0cfaf09cc05c","local_time":"20181208184711","is_ascension_mode":true,"campfire_choices":[{"data":"Bash","floor":6.0,"key":"SMITH"},{"data":"Carnage","floor":8.0,"key":"SMITH"},{"floor":12.0,"key":"REST"},{"data":"Shrug It Off","floor":15.0,"key":"SMITH"},{"data":"Enlightenment","floor":23.0,"key":"SMITH"},{"data":"Whirlwind","floor":30.0,"key":"SMITH"},{"floor":32.0,"key":"REST"},{"data":"Trip","floor":40.0,"key":"SMITH"},{"floor":46.0,"key":"RECALL"},{"floor":49,"key":"REST"}],"neow_cost":"NO_GOLD","seed_source_timestamp":4550425882237,"circlet_count":0,"master_deck":["Strike_R+1","Strike_R+1","Defend_R","Defend_R","Bash+1","Ghostly Armor","Carnage+1","Cleave","Shrug It Off+1","Offering","Whirlwind+1","Enlightenment+1","Dual Wield","Flex+1","Double Tap","Bandage Up","Trip+1","Clothesline+1","Metallicize","Inflame","Evolve","Inflame"],"special_seed":0,"relics":["Black Blood","Juzu Bracelet","FossilizedHelix","Centennial Puzzle","Cursed Key","Old Coin","Ancient Tea Set","Orichalcum","Unceasing Top","Darkstone Periapt","Mercury Hourglass"],"potions_floor_usage":[50,50],"damage_taken":[{"damage":1.0,"enemies":"Cultist","floor":1.0,"turns":4.0},{"damage":15.0,"enemies":"2 Louse","floor":3.0,"turns":3.0},{"damage":14.0,"enemies":"Small Slimes","floor":4.0,"turns":5.0},{"damage":41.0,"enemies":"Lagavulin","floor":7.0,"turns":6.0},{"damage":15.0,"enemies":"3 Sentries","floor":10.0,"turns":6.0},{"damage":0.0,"enemies":"2 Fungi Beasts","floor":14.0,"turns":3.0},{"damage":25.0,"enemies":"The Guardian","floor":16.0,"turns":13.0},{"damage":5.0,"enemies":"3 Byrds","floor":18.0,"turns":6.0},{"damage":6.0,"enemies":"Chosen","floor":24.0,"turns":2.0},{"damage":34.0,"enemies":"Book of Stabbing","floor":25.0,"turns":4.0},{"damage":5.0,"enemies":"3 Cultists","floor":27.0,"turns":4.0},{"damage":3.0,"enemies":"Snake Plant","floor":28.0,"turns":3.0},{"damage":0.0,"enemies":"Centurion and Healer","floor":29.0,"turns":4.0},{"damage":6.0,"enemies":"3 Cultists","floor":31.0,"turns":3.0},{"damage":59.0,"enemies":"Collector","floor":33.0,"turns":6.0},{"damage":18.0,"enemies":"3 Darklings","floor":35.0,"turns":3.0},{"damage":20.0,"enemies":"3 Shapes","floor":41.0,"turns":1.0},{"damage":0.0,"enemies":"Mind Bloom Boss Battle","floor":42.0,"turns":3.0},{"damage":6.0,"enemies":"Maw","floor":44.0,"turns":5.0},{"damage":21.0,"enemies":"Giant Head","floor":45.0,"turns":6.0},{"damage":6,"enemies":"Transient","floor":47,"turns":5},{"damage":57,"enemies":"Nemesis","floor":48,"turns":9},{"damage":61,"enemies":"Donu and Deca","floor":50,"turns":5}],"seed_played":"-3961229952636088131","potions_obtained":[{"floor":3.0,"key":"Strength Potion"},{"floor":7.0,"key":"SpeedPotion"},{"floor":24.0,"key":"Weak Potion"},{"floor":27.0,"key":"Energy Potion"},{"floor":35.0,"key":"Poison Potion"},{"floor":48,"key":"Block Potion"}],"is_trial":false,"path_per_floor":["M","$","M","M","?","R","E","R","T","E","$","R","?","M","R","B",null,"M","?","?","$","?","R","M","E","T","M","M","M","R","M","R","B",null,"M","?","?","?","?","R","M","?","T","M","E","R","M","E","R","B"],"character_chosen":"IRONCLAD","items_purchased":["Shrug It Off","Ancient Tea Set","Enlightenment"],"campfire_rested":3,"item_purchase_floors":[11,21,21],"current_hp_per_floor":[77,77,68,60,60,60,25,25,25,16,16,40,24,30,30,11,63,64,64,64,64,64,64,64,36,36,37,40,46,46,46,70,17,64,56,46,46,46,46,46,36,50,50,58,51,51,59,16,40,0],"gold":467,"neow_bonus":"REMOVE_TWO","is_prod":false,"is_daily":false,"chose_seed":false,"campfire_upgraded":6,"win_rate":0,"timestamp":1544262431,"path_taken":["M","?","M","M","?","R","E","R","T","E","$","R","?","M","R","BOSS","M","?","?","$","?","R","M","E","T","M","M","M","R","M","R","BOSS","M","?","?","?","?","R","M","?","T","M","E","R","M","E","R","BOSS"],"build_version":"2018-12-06","purchased_purges":2,"victory":false,"max_hp_per_floor":[80,80,80,80,80,80,80,80,80,80,80,80,80,80,80,80,80,80,80,80,80,80,80,80,80,80,80,80,80,80,80,80,80,80,80,80,80,80,80,80,80,80,80,80,80,80,80,80,80,80],"card_choices":[{"not_picked":["Anger","Warcry","Combust"],"picked":"SKIP","floor":1.0},{"not_picked":["Havoc","Body Slam"],"picked":"Ghostly Armor","floor":3.0},{"not_picked":["Perfected Strike","Sword Boomerang"],"picked":"Carnage","floor":4.0},{"not_picked":["Corruption","Intimidate"],"picked":"Cleave","floor":7.0},{"not_picked":["Fiend Fire","Bloodletting","Clash"],"picked":"SKIP","floor":10.0},{"not_picked":["Iron Wave","Clash","Reckless Charge"],"picked":"SKIP","floor":14.0},{"not_picked":["Reaper","Fiend Fire"],"picked":"Offering","floor":16.0},{"not_picked":["Shrug It Off","Searing Blow"],"picked":"Whirlwind","floor":18.0},{"not_picked":["Pommel Strike","Iron Wave","Corruption+1"],"picked":"SKIP","floor":24.0},{"not_picked":["Bloodletting","Headbutt+1","Armaments"],"picked":"SKIP","floor":25.0},{"not_picked":["Dropkick","Whirlwind"],"picked":"Dual Wield","floor":27.0},{"not_picked":["Twin Strike","Warcry","Perfected Strike+1"],"picked":"SKIP","floor":28.0},{"not_picked":["Clash","Rupture+1"],"picked":"Flex+1","floor":29.0},{"not_picked":["Rupture+1","Sever Soul+1","Power Through"],"picked":"SKIP","floor":31.0},{"not_picked":["Barricade","Juggernaut"],"picked":"Double Tap","floor":33.0},{"not_picked":["Intimidate+1","Flex+1","Headbutt+1"],"picked":"SKIP","floor":35.0},{"not_picked":["PanicButton","Panacea"],"picked":"Bandage Up","floor":36.0},{"not_picked":["PanicButton","Impatience"],"picked":"Trip","floor":36.0},{"not_picked":["Clash","Clothesline+1","Perfected Strike+1"],"picked":"SKIP","floor":41.0},{"not_picked":["Clash","Perfected Strike+1"],"picked":"Clothesline+1","floor":41.0},{"not_picked":["Spot Weakness+1","Pommel Strike+1"],"picked":"Metallicize","floor":42.0},{"not_picked":["Shrug It Off","Corruption+1","Pummel+1"],"picked":"SKIP","floor":44.0},{"not_picked":["Shrug It Off+1","Cleave+1"],"picked":"Inflame","floor":45.0},{"not_picked":["Disarm","Feel No Pain+1"],"picked":"Evolve","floor":47},{"not_picked":["Heavy Blade+1","Berserk"],"picked":"Inflame","floor":48}],"player_experience":603948,"relics_obtained":[{"floor":5.0,"key":"Juzu Bracelet"},{"floor":7.0,"key":"FossilizedHelix"},{"floor":10.0,"key":"Centennial Puzzle"},{"floor":25.0,"key":"Orichalcum"},{"floor":42.0,"key":"Unceasing Top"},{"floor":45.0,"key":"Darkstone Periapt"},{"floor":48,"key":"Mercury Hourglass"}],"event_choices":[{"damage_healed":0.0,"max_hp_gain":0.0,"max_hp_loss":0.0,"gold_gain":0.0,"event_name":"Wheel of Change","player_choice":"Relic","floor":5.0,"gold_loss":0.0,"damage_taken":0.0},{"damage_healed":0.0,"max_hp_gain":0.0,"max_hp_loss":0.0,"gold_gain":0.0,"event_name":"Shining Light","player_choice":"Entered Light","floor":13.0,"gold_loss":0.0,"damage_taken":16.0,"cards_upgraded":["Strike_R","Strike_R"]},{"damage_healed":0.0,"max_hp_gain":0.0,"max_hp_loss":0.0,"gold_gain":0.0,"event_name":"The Mausoleum","player_choice":"Opened","floor":19.0,"gold_loss":0.0,"damage_taken":0.0,"relics_obtained":["Old Coin"]},{"cards_removed":["Strike_R"],"damage_healed":0.0,"max_hp_gain":0.0,"max_hp_loss":0.0,"gold_gain":0.0,"event_name":"Beggar","player_choice":"Gave Gold","floor":20.0,"gold_loss":75.0,"damage_taken":0.0},{"damage_healed":0.0,"max_hp_gain":0.0,"max_hp_loss":0.0,"gold_gain":0.0,"event_name":"Vampires","player_choice":"Ignored","floor":22.0,"gold_loss":0.0,"damage_taken":0.0},{"damage_healed":0.0,"max_hp_gain":0.0,"max_hp_loss":0.0,"gold_gain":0.0,"event_name":"SensoryStone","player_choice":"Memory 3","floor":36.0,"gold_loss":0.0,"damage_taken":10.0},{"damage_healed":0.0,"max_hp_gain":0.0,"max_hp_loss":0.0,"gold_gain":0.0,"event_name":"The Woman in Blue","player_choice":"Bought 0 Potions","floor":37.0,"gold_loss":0.0,"damage_taken":0.0},{"damage_healed":0.0,"max_hp_gain":0.0,"max_hp_loss":0.0,"gold_gain":0.0,"event_name":"Mysterious Sphere","player_choice":"Ignored","floor":38.0,"gold_loss":0.0,"damage_taken":0.0},{"damage_healed":0.0,"max_hp_gain":0.0,"max_hp_loss":0.0,"gold_gain":0.0,"event_name":"Tomb of Lord Red Mask","player_choice":"Ignored","floor":39.0,"gold_loss":0.0,"damage_taken":0.0},{"damage_healed":0.0,"max_hp_gain":0.0,"max_hp_loss":0.0,"gold_gain":0.0,"event_name":"MindBloom","player_choice":"Fight","floor":42.0,"gold_loss":0.0,"damage_taken":0.0}],"is_beta":false,"boss_relics":[{"not_picked":["Eternal Feather","Calling Bell"],"picked":"Cursed Key"},{"not_picked":["Snecko Eye","Runic Dome"],"picked":"Black Blood"}],"items_purged_floors":[11,21],"is_endless":false,"potions_floor_spawned":[3,7,24,27,31,35,48],"killed_by":"Donu and Deca","ascension_level":7}