{"gold_per_floor":[112,112,129,129,146,146,176,176,225,237,266,311,323,369,381,467,479,522,534,546,64,84,117,117,127,181,207,38,52,52,81,81,153,153,172,184,203,222,222,222],"floor_reached":40,"playtime":2789,"items_purged":[],"score":978,"play_id":"4082eba2-d4fc-46ae-b3fb-c5cc157e606a","local_time":"20190601144804","is_ascension_mode":true,"campfire_choices":[{"data":"Neutralize","floor":6.0,"key":"SMITH"},{"data":"Survivor","floor":8.0,"key":"SMITH"},{"data":"Venomology","floor":13.0,"key":"SMITH"},{"data":"Neutralize","floor":15.0,"key":"SMITH"},{"data":"Doppelganger","floor":24.0,"key":"SMITH"},{"floor":32.0,"key":"REST"}],"neow_cost":"NONE","seed_source_timestamp":0,"circlet_count":0,"master_deck":["AscendersBane","Defend_G+1","Defend_G+1","Defend_G+1","Defend_G+1","Strike_G+1","Strike_G+1","Strike_G+1","Strike_G+1","Strike_G+1","Survivor+1","Neutralize+1","Backflip","Quick Slash","Corpse Explosion","Cloak And Dagger","Neutralize+1","Venomology+1","Predator+1","Deflect","Dash","Doppelganger+1","Footwork","Dagger Throw+1","Well Laid Plans+1","Escape Plan","Caltrops+1","Noxious Fumes+1","Malaise","Leg Sweep"],"special_seed":0,"relics":["Ring of the Snake","Omamori","Dream Catcher","MawBank","Letter Opener","Meat on the Bone","Cursed Key","Pantograph","Toy Ornithopter","Frozen Egg 2","Regal Pillow","Bronze Scales","Whetstone","Blood Vial","Black Star"],"potions_floor_usage":[40,40,40],"damage_taken":[{"damage":0.0,"enemies":"2 Louse","floor":1.0,"turns":2.0},{"damage":1.0,"enemies":"Cultist","floor":3.0,"turns":5.0},{"damage":0.0,"enemies":"Jaw Worm","floor":5.0,"turns":5.0},{"damage":15.0,"enemies":"3 Sentries","floor":7.0,"turns":10.0},{"damage":2.0,"enemies":"Looter","floor":11.0,"turns":5.0},{"damage":9.0,"enemies":"Gremlin Nob","floor":12.0,"turns":4.0},{"damage":4.0,"enemies":"Lagavulin","floor":14.0,"turns":7.0},{"damage":9.0,"enemies":"The Guardian","floor":16.0,"turns":13.0},{"damage":0.0,"enemies":"3 Byrds","floor":18.0,"turns":5.0},{"damage":4.0,"enemies":"Shell Parasite","floor":22.0,"turns":5.0},{"damage":20.0,"enemies":"Gremlin Leader","floor":23.0,"turns":7.0},{"damage":2.0,"enemies":"3 Cultists","floor":25.0,"turns":5.0},{"damage":37.0,"enemies":"Slavers","floor":27.0,"turns":4.0},{"damage":6.0,"enemies":"Centurion and Healer","floor":29.0,"turns":5.0},{"damage":20.0,"enemies":"Book of Stabbing","floor":31.0,"turns":5.0},{"damage":10.0,"enemies":"Automaton","floor":33.0,"turns":11.0},{"damage":0.0,"enemies":"3 Darklings","floor":35.0,"turns":3.0},{"damage":0.0,"enemies":"3 Shapes","floor":36.0,"turns":5.0},{"damage":8.0,"enemies":"Writhing Mass","floor":37.0,"turns":8.0},{"damage":15.0,"enemies":"3 Darklings","floor":38.0,"turns":3.0},{"damage":82,"enemies":"Giant Head","floor":40,"turns":10}],"seed_played":"-2790306061943226742","potions_obtained":[{"floor":1.0,"key":"SkillPotion"},{"floor":2.0,"key":"Regen Potion"},{"floor":3.0,"key":"Block Potion"},{"floor":11.0,"key":"GhostInAJar"},{"floor":14.0,"key":"Fruit Juice"},{"floor":22.0,"key":"Energy Potion"},{"floor":23.0,"key":"EssenceOfSteel"},{"floor":25.0,"key":"Block Potion"},{"floor":31.0,"key":"Weak Potion"},{"floor":35.0,"key":"PowerPotion"}],"is_trial":false,"path_per_floor":["M","?","M","$","M","R","E","R","T","?","M","E","R","E","R","B",null,"M","?","?","$","M","E","R","M","T","E","$","M","$","E","R","B",null,"M","M","M","M","?","E"],"character_chosen":"THE_SILENT","items_purchased":["Pantograph","Toy Ornithopter","Whetstone"],"campfire_rested":1,"item_purchase_floors":[21,21,28],"current_hp_per_floor":[59,59,58,58,58,58,43,43,43,43,55,46,46,47,47,38,63,63,63,63,63,64,51,51,59,59,39,39,52,52,37,71,61,69,71,71,63,55,55,0],"gold":222,"neow_bonus":"RANDOM_COMMON_RELIC","is_prod":false,"is_daily":false,"chose_seed":false,"campfire_upgraded":5,"win_rate":0,"timestamp":1559425684,"path_taken":["M","?","M","?","?","R","E","R","T","?","?","E","R","E","R","BOSS","M","?","?","$","?","E","R","M","T","E","?","M","$","E","R","BOSS","M","?","M","M","?","E"],"build_version":"2019-01-23","purchased_purges":0,"victory":false,"max_hp_per_floor":[66,66,66,66,66,66,66,66,66,66,66,66,66,71,71,71,71,71,71,71,71,71,71,71,71,71,71,71,71,71,71,71,71,71,71,71,71,71,71,71],"card_choices":[{"not_picked":["Blur","Terror"],"picked":"Backflip","floor":1.0},{"not_picked":["Distraction","Heel Hook"],"picked":"All Out Attack","floor":3.0},{"not_picked":["Heel Hook","PiercingWail"],"picked":"Quick Slash","floor":5.0},{"not_picked":["Slice","Backflip"],"picked":"Corpse Explosion","floor":7.0},{"not_picked":["Cloak And Dagger","Noxious Fumes"],"picked":"Predator","floor":11.0},{"not_picked":["Flying Knee","Choke"],"picked":"Deflect","floor":12.0},{"not_picked":["Predator","Bane"],"picked":"Dash","floor":14.0},{"not_picked":["Glass Knife","Wraith Form v2"],"picked":"Doppelganger","floor":16.0},{"not_picked":["Dodge and Roll","Eviscerate"],"picked":"Footwork","floor":18.0},{"not_picked":["Flechettes","Prepared","Outmaneuver"],"picked":"SKIP","floor":22.0},{"not_picked":["Blade Dance","PiercingWail"],"picked":"Dagger Throw","floor":23.0},{"not_picked":["Endless Agony+1","Outmaneuver"],"picked":"Well Laid Plans+1","floor":25.0},{"not_picked":["All Out Attack","Dagger Throw","Flying Knee"],"picked":"SKIP","floor":27.0},{"not_picked":["Dodge and Roll","All Out Attack"],"picked":"Escape Plan","floor":29.0},{"not_picked":["Unload","Accuracy+1"],"picked":"Caltrops+1","floor":31.0},{"not_picked":["Cloak And Dagger","Riddle With Holes"],"picked":"Noxious Fumes+1","floor":32.0},{"not_picked":["Phantasmal Killer","Night Terror"],"picked":"Malaise","floor":33.0},{"not_picked":["Riddle With Holes+1","Outmaneuver","Dodge and Roll+1"],"picked":"SKIP","floor":35.0},{"not_picked":["Acrobatics","Bouncing Flask","Crippling Poison"],"picked":"SKIP","floor":36.0},{"not_picked":["Sucker Punch","PiercingWail"],"picked":"Leg Sweep","floor":37.0},{"not_picked":["Flying Knee","Corpse Explosion","Deadly Poison"],"picked":"SKIP","floor":38.0}],"player_experience":818308,"relics_obtained":[{"floor":7.0,"key":"Dream Catcher"},{"floor":9.0,"key":"MawBank"},{"floor":12.0,"key":"Letter Opener"},{"floor":14.0,"key":"Meat on the Bone"},{"floor":23.0,"key":"Frozen Egg 2"},{"floor":26.0,"key":"Regal Pillow"},{"floor":27.0,"key":"Bronze Scales"},{"floor":31.0,"key":"Blood Vial"}],"event_choices":[{"damage_healed":0.0,"max_hp_gain":0.0,"max_hp_loss":0.0,"gold_gain":0.0,"event_name":"Lab","player_choice":"Got Potions","floor":2.0,"gold_loss":0.0,"damage_taken":0.0},{"damage_healed":0.0,"max_hp_gain":0.0,"max_hp_loss":0.0,"gold_gain":0.0,"event_name":"Match and Keep!","player_choice":"3 cards matched","floor":10.0,"gold_loss":0.0,"damage_taken":0.0,"cards_obtained":["Cloak And Dagger","Neutralize","Venomology"]},{"damage_healed":0.0,"max_hp_gain":0.0,"max_hp_loss":0.0,"gold_gain":0.0,"event_name":"Back to Basics","player_choice":"Simplicity","floor":19.0,"gold_loss":0.0,"damage_taken":0.0,"cards_upgraded":["Defend_G","Defend_G","Defend_G","Defend_G","Defend_G","Strike_G","Strike_G","Strike_G","Strike_G","Strike_G"]},{"cards_removed":["All Out Attack"],"damage_healed":0.0,"max_hp_gain":0.0,"max_hp_loss":0.0,"gold_gain":0.0,"event_name":"Purifier","player_choice":"Purged","floor":20.0,"gold_loss":0.0,"damage_taken":0.0},{"cards_removed":["Defend_G"],"damage_healed":0.0,"max_hp_gain":0.0,"max_hp_loss":0.0,"gold_gain":0.0,"event_name":"Falling","player_choice":"Removed Skill","floor":39.0,"gold_loss":0.0,"damage_taken":0.0}],"is_beta":false,"boss_relics":[{"not_picked":["HoveringKite","Sozu"],"picked":"Cursed Key"},{"not_picked":["Lizard Tail","Calling Bell"],"picked":"Black Star"}],"items_purged_floors":[],"is_endless":false,"potions_floor_spawned":[1,3,11,14,22,23,25,31,35,38],"killed_by":"Giant Head","ascension_level":20}