{"gold_per_floor":[116,266,191,191,191,222,222,252,252,252,262,262,297,311,311,401,401,417,417,57,57,75,106,106],"floor_reached":24,"playtime":968,"items_purged":["Regret"],"score":580,"play_id":"29e19798-27c9-4d09-b55c-71f744c5d845","local_time":"20190423123131","is_ascension_mode":true,"campfire_choices":[{"data":"Neutralize","floor":10.0,"key":"SMITH"},{"floor":15.0,"key":"REST"}],"neow_cost":"NONE","seed_source_timestamp":0,"circlet_count":0,"master_deck":["AscendersBane","Defend_G","Defend_G","Defend_G","Defend_G","Defend_G","Strike_G","Strike_G","Strike_G+1","Strike_G","Strike_G","Survivor","Neutralize+1","Cloak And Dagger","Dagger Throw+1","Slice","Deadly Poison","Die Die Die","Noxious Fumes","Venomology","Deadly Poison","Backflip","Crippling Poison"],"special_seed":0,"relics":["Ring of the Snake","NeowsBlessing","Oddly Smooth Stone","Whetstone","Potion Belt","Pen Nib","Strawberry","Bloody Idol","The Courier","Sozu","Toolbox","Snake Skull","Turnip"],"potions_floor_usage":[],"damage_taken":[{"damage":0.0,"enemies":"Small Slimes","floor":1.0,"turns":1.0},{"damage":0.0,"enemies":"3 Sentries","floor":6.0,"turns":1.0},{"damage":0.0,"enemies":"Gremlin Nob","floor":8.0,"turns":1.0},{"damage":6.0,"enemies":"2 Louse","floor":11.0,"turns":3.0},{"damage":2.0,"enemies":"3 Sentries","floor":13.0,"turns":6.0},{"damage":6.0,"enemies":"Jaw Worm","floor":14.0,"turns":4.0},{"damage":18.0,"enemies":"Hexaghost","floor":16.0,"turns":9.0},{"damage":14.0,"enemies":"Shell Parasite","floor":18.0,"turns":5.0},{"damage":3,"enemies":"3 Byrds","floor":22,"turns":5},{"damage":44,"enemies":"Gremlin Leader","floor":23,"turns":9},{"damage":0,"enemies":"Centurion and Healer","floor":24,"turns":1}],"seed_played":"7207970720186741964","potions_obtained":[{"floor":6.0,"key":"AttackPotion"},{"floor":8.0,"key":"Strength Potion"},{"floor":13.0,"key":"Poison Potion"},{"floor":14.0,"key":"Dexterity Potion"},{"floor":16.0,"key":"SteroidPotion"}],"is_trial":false,"path_per_floor":["M","?","?","?","$","E","?","E","T","R","M","?","E","M","R","B",null,"M","?","$","?","M","E","M"],"character_chosen":"THE_SILENT","items_purchased":["Toolbox","Snake Skull"],"campfire_rested":1,"item_purchase_floors":[20,20],"current_hp_per_floor":[59,59,59,54,54,54,54,54,61,61,55,30,28,22,43,25,61,47,47,47,47,49,10,10],"gold":106,"neow_bonus":"THREE_ENEMY_KILL","is_prod":false,"is_daily":false,"chose_seed":false,"campfire_upgraded":1,"win_rate":0,"timestamp":1556047891,"path_taken":["M","?","?","?","?","E","?","E","T","R","M","?","E","?","R","BOSS","M","?","$","?","M","E","M"],"build_version":"2019-01-23","purchased_purges":1,"victory":false,"max_hp_per_floor":[66,66,66,66,66,66,66,66,73,73,73,73,73,73,73,73,73,73,73,73,73,73,73,73],"card_choices":[{"not_picked":["Bane","Underhanded Strike"],"picked":"Cloak And Dagger","floor":1.0},{"not_picked":["Blade Dance","Terror"],"picked":"Dagger Throw","floor":6.0},{"not_picked":["Outmaneuver","Sucker Punch"],"picked":"Slice","floor":8.0},{"not_picked":["Outmaneuver","Underhanded Strike"],"picked":"Deadly Poison","floor":11.0},{"not_picked":["Caltrops","Prepared"],"picked":"Die Die Die","floor":13.0},{"not_picked":["Eviscerate","Caltrops"],"picked":"Noxious Fumes","floor":14.0},{"not_picked":["Grand Finale","Phantasmal Killer"],"picked":"Venomology","floor":16.0},{"not_picked":["Masterful Stab","Heel Hook"],"picked":"Deadly Poison","floor":18.0},{"not_picked":["Prepared","Caltrops"],"picked":"Backflip","floor":22},{"not_picked":["Blade Dance","Outmaneuver"],"picked":"Crippling Poison","floor":23}],"player_experience":748829,"relics_obtained":[{"floor":6.0,"key":"Whetstone"},{"floor":8.0,"key":"Pen Nib"},{"floor":9.0,"key":"Strawberry"},{"floor":13.0,"key":"The Courier"},{"floor":23,"key":"Turnip"}],"event_choices":[{"damage_healed":0.0,"max_hp_gain":0.0,"max_hp_loss":0.0,"gold_gain":150.0,"event_name":"Liars Game","player_choice":"AGREE","floor":2.0,"gold_loss":0.0,"damage_taken":0.0,"cards_obtained":["Doubt"]},{"cards_removed":["Doubt"],"damage_healed":0.0,"max_hp_gain":0.0,"max_hp_loss":0.0,"gold_gain":0.0,"event_name":"The Cleric","player_choice":"Card Removal","floor":3.0,"gold_loss":75.0,"damage_taken":0.0},{"damage_healed":0.0,"max_hp_gain":0.0,"max_hp_loss":0.0,"gold_gain":0.0,"event_name":"Scrap Ooze","player_choice":"Success","floor":4.0,"gold_loss":0.0,"damage_taken":5.0,"relics_obtained":["Oddly Smooth Stone"]},{"damage_healed":0.0,"max_hp_gain":0.0,"max_hp_loss":0.0,"gold_gain":0.0,"event_name":"Big Fish","player_choice":"Box","floor":7.0,"gold_loss":0.0,"damage_taken":0.0,"relics_obtained":["Potion Belt"],"cards_obtained":["Regret"]},{"damage_healed":0.0,"max_hp_gain":0.0,"max_hp_loss":0.0,"gold_gain":0.0,"event_name":"Golden Idol","player_choice":"Take Damage","floor":12.0,"gold_loss":0.0,"damage_taken":25.0,"relics_obtained":["Golden Idol"]},{"damage_healed":0.0,"max_hp_gain":0.0,"max_hp_loss":0.0,"gold_gain":0.0,"event_name":"Forgotten Altar","player_choice":"Gave Idol","floor":19.0,"relics_lost":["Golden Idol"],"gold_loss":0.0,"damage_taken":0.0,"relics_obtained":["Bloody Idol"]},{"damage_healed":0.0,"max_hp_gain":0.0,"max_hp_loss":0.0,"gold_gain":0.0,"event_name":"Cursed Tome","player_choice":"Ignored","floor":21.0,"gold_loss":0.0,"damage_taken":0.0}],"is_beta":false,"boss_relics":[{"not_picked":["Philosopher\u0027s Stone","Ectoplasm"],"picked":"Sozu"}],"items_purged_floors":[20],"is_endless":false,"potions_floor_spawned":[6,8,13,14,16,18,23],"killed_by":"Centurion and Healer","ascension_level":18}