{"gold_per_floor":[110,185,185,200,218,218,39,39,39,60,60,78,78,98,98,193,193,216,232,251,274,10,28,44,44,44,60,60,83,83,83,83,83],"floor_reached":33,"playtime":683,"items_purged":[],"score":486,"play_id":"5f66a101-5d33-427c-9309-4a07cffa0365","local_time":"20190425235302","is_ascension_mode":true,"campfire_choices":[{"data":"Perfected Strike","floor":6.0,"key":"SMITH"},{"data":"Battle Trance","floor":11.0,"key":"SMITH"},{"data":"Deep Breath","floor":13.0,"key":"SMITH"},{"data":"Bash","floor":15.0,"key":"SMITH"},{"data":"Perfected Strike","floor":25.0,"key":"SMITH"},{"floor":30.0,"key":"REST"},{"floor":32,"key":"REST"}],"neow_cost":"NONE","seed_source_timestamp":1496765744694,"circlet_count":0,"master_deck":["AscendersBane","Strike_R","Strike_R","Strike_R","Strike_R","Strike_R","Defend_R","Defend_R","Bash+1","Double Tap","Perfected Strike+1","Battle Trance+1","Ghostly Armor","Deep Breath+1","Power Through","Reaper","Perfected Strike+1","Seeing Red+1","Battle Trance","Swift Strike","Pommel Strike","Headbutt","Body Slam","Dual Wield","Pain"],"special_seed":0,"relics":["Burning Blood","Golden Idol","Unceasing Top","Centennial Puzzle","Philosopher\u0027s Stone","Ancient Tea Set","Mercury Hourglass","WarpedTongs"],"potions_floor_usage":[],"damage_taken":[{"damage":9.0,"enemies":"2 Louse","floor":1.0,"turns":3.0},{"damage":12.0,"enemies":"Cultist","floor":4.0,"turns":4.0},{"damage":15.0,"enemies":"Small Slimes","floor":5.0,"turns":4.0},{"damage":13.0,"enemies":"Exordium Wildlife","floor":10.0,"turns":3.0},{"damage":4.0,"enemies":"Red Slaver","floor":12.0,"turns":2.0},{"damage":0.0,"enemies":"Looter","floor":14.0,"turns":1.0},{"damage":30.0,"enemies":"Hexaghost","floor":16.0,"turns":9.0},{"damage":0.0,"enemies":"Spheric Guardian","floor":18.0,"turns":3.0},{"damage":31.0,"enemies":"2 Thieves","floor":19.0,"turns":4.0},{"damage":9.0,"enemies":"Snecko","floor":20.0,"turns":3.0},{"damage":31.0,"enemies":"Sentry and Sphere","floor":21.0,"turns":6.0},{"damage":4.0,"enemies":"3 Cultists","floor":23.0,"turns":4.0},{"damage":17.0,"enemies":"Snecko","floor":24.0,"turns":4.0},{"damage":21.0,"enemies":"Sentry and Sphere","floor":27.0,"turns":4.0},{"damage":15.0,"enemies":"Centurion and Healer","floor":29.0,"turns":2.0},{"damage":51,"enemies":"Champ","floor":33,"turns":6}],"seed_played":"-3652152281485894620","potions_obtained":[{"floor":5.0,"key":"PowerPotion"},{"floor":12.0,"key":"Fire Potion"},{"floor":16.0,"key":"Block Potion"},{"floor":18.0,"key":"Energy Potion"},{"floor":21.0,"key":"FearPotion"},{"floor":24.0,"key":"SteroidPotion"},{"floor":27.0,"key":"Explosive Potion"}],"is_trial":false,"path_per_floor":["M","?","?","M","M","R","$","?","T","M","R","M","R","M","R","B",null,"M","M","M","M","$","M","M","R","T","M","?","M","R","?","R","B"],"character_chosen":"IRONCLAD","items_purchased":["Deep Breath","GamblersBrew","Swift Strike","Ancient Tea Set"],"campfire_rested":2,"item_purchase_floors":[7,7,22,22],"current_hp_per_floor":[65,54,54,48,39,39,39,39,39,32,32,34,34,40,40,16,55,61,36,39,14,14,30,23,23,23,16,16,7,27,27,47,0],"gold":83,"neow_bonus":"ONE_RANDOM_RARE_CARD","is_prod":false,"is_daily":false,"chose_seed":false,"campfire_upgraded":5,"win_rate":0,"timestamp":1556203982,"path_taken":["M","?","?","M","M","R","$","?","T","M","R","M","R","M","R","BOSS","M","M","M","?","$","M","M","R","T","M","?","M","R","?","R","BOSS"],"build_version":"2019-01-23","purchased_purges":0,"victory":false,"max_hp_per_floor":[75,75,68,68,68,68,68,68,68,68,68,68,68,68,68,68,68,68,68,68,68,68,68,68,68,68,68,68,68,68,68,68,68],"card_choices":[{"not_picked":["Hemokinesis","Flex"],"picked":"Perfected Strike","floor":1.0},{"not_picked":["True Grit","Sword Boomerang"],"picked":"Battle Trance","floor":4.0},{"not_picked":["Carnage","Flex"],"picked":"Ghostly Armor","floor":5.0},{"not_picked":["Clothesline","Thunderclap","Sword Boomerang"],"picked":"SKIP","floor":10.0},{"not_picked":["Havoc","Iron Wave"],"picked":"Power Through","floor":12.0},{"not_picked":["Iron Wave","Heavy Blade","Havoc"],"picked":"SKIP","floor":14.0},{"not_picked":["Feed","Berserk"],"picked":"Reaper","floor":16.0},{"not_picked":["Burning Pact","Shrug It Off"],"picked":"Perfected Strike","floor":18.0},{"not_picked":["Warcry","True Grit+1"],"picked":"Seeing Red+1","floor":19.0},{"not_picked":["Clothesline","Searing Blow","Thunderclap"],"picked":"SKIP","floor":20.0},{"not_picked":["Dual Wield","Body Slam"],"picked":"Battle Trance","floor":21.0},{"not_picked":["Headbutt+1","Armaments","Clothesline"],"picked":"SKIP","floor":23.0},{"not_picked":["Rupture","Body Slam"],"picked":"Pommel Strike","floor":24.0},{"not_picked":["Barricade","Armaments"],"picked":"Headbutt","floor":27.0},{"not_picked":["True Grit","Sword Boomerang+1","Fire Breathing"],"picked":"SKIP","floor":29.0}],"player_experience":959325,"relics_obtained":[{"floor":9.0,"key":"Centennial Puzzle"},{"floor":26.0,"key":"Mercury Hourglass"}],"event_choices":[{"damage_healed":0.0,"max_hp_gain":0.0,"max_hp_loss":0.0,"gold_gain":75.0,"event_name":"World of Goop","player_choice":"Gather Gold","floor":2.0,"gold_loss":0.0,"damage_taken":11.0},{"damage_healed":0.0,"max_hp_gain":0.0,"max_hp_loss":7.0,"gold_gain":0.0,"event_name":"Golden Idol","player_choice":"Lose Max HP","floor":3.0,"gold_loss":0.0,"damage_taken":0.0,"relics_obtained":["Golden Idol"]},{"damage_healed":0.0,"max_hp_gain":0.0,"max_hp_loss":0.0,"gold_gain":0.0,"event_name":"WeMeetAgain","player_choice":"Gave Potion","floor":8.0,"gold_loss":0.0,"damage_taken":0.0,"relics_obtained":["Unceasing Top"]},{"damage_healed":0.0,"max_hp_gain":0.0,"max_hp_loss":0.0,"gold_gain":0.0,"cards_transformed":["Defend_R","Defend_R"],"event_name":"Drug Dealer","player_choice":"Became Test Subject","floor":28.0,"gold_loss":0.0,"damage_taken":0.0,"cards_obtained":["Body Slam","Dual Wield"]},{"damage_healed":0,"gold_gain":0,"player_choice":"Rummage","damage_taken":0,"relics_obtained":["WarpedTongs"],"max_hp_gain":0,"max_hp_loss":0,"event_name":"Accursed Blacksmith","floor":31,"gold_loss":0,"cards_obtained":["Pain"]}],"is_beta":false,"boss_relics":[{"not_picked":["Calling Bell","Busted Crown"],"picked":"Philosopher\u0027s Stone"}],"items_purged_floors":[],"is_endless":false,"potions_floor_spawned":[5,12,16,18,21,24,27],"killed_by":"Champ","ascension_level":20}