{"path_per_floor":["M","M","?","M","M","R","E","M","T","R","M","?","M","M","R","B",null,"M","?","$","M","?","R","M","R","T","M","M","M","?","$","R"],"character_chosen":"IRONCLAD","items_purchased":["Dramatic Entrance","Self Forming Clay","Regen Potion"],"gold_per_floor":[118,128,204,215,233,233,268,280,280,280,299,299,317,329,329,432,432,444,444,36,46,46,46,61,61,61,81,98,110,110,35,35,35],"floor_reached":33,"campfire_rested":2,"playtime":1653,"current_hp_per_floor":[80,80,80,80,80,80,61,60,70,70,63,68,74,80,80,33,95,81,65,65,61,42,72,78,78,78,69,29,23,23,23,53,0],"items_purged":["Strike_R"],"gold":35,"score":278,"play_id":"b1311ccb-1a81-494c-a5af-3c3dda3651af","local_time":"20180508163821","is_prod":false,"is_daily":false,"chose_seed":false,"is_ascension_mode":false,"campfire_upgraded":4,"timestamp":1525765101,"path_taken":["M","M","?","M","M","R","E","M","T","R","M","?","M","M","R","BOSS","M","?","$","M","?","R","?","R","T","M","?","M","?","$","R","BOSS"],"build_version":"2018-05-03","seed_source_timestamp":5925635559213,"purchased_purges":1,"victory":false,"master_deck":["Strike_R","Strike_R","Strike_R","Strike_R","Defend_R","Defend_R","Defend_R","Defend_R","Bash","Anger+1","Clash","Shrug It Off","Infernal Blade+1","Sever Soul","Thunderclap","Armaments+1","Anger","Bludgeon+1","Anger+1","Necronomicurse","Dramatic Entrance","Double Tap","Armaments+1","Rage","Reckless Charge+1","Writhe"],"max_hp_per_floor":[80,80,80,80,80,80,80,80,90,90,90,95,95,95,95,95,95,95,95,95,95,100,100,100,100,100,100,100,100,100,100,100,100],"relics":["Burning Blood","Bag of Marbles","Pear","Runic Cube","Necronomicon","Self Forming Clay","Pantograph","Shuriken"],"card_choices":[{"not_picked":["Pummel","Searing Blow"],"picked":"Anger","floor":0},{"not_picked":["Clothesline","Feel No Pain"],"picked":"Clash","floor":1},{"not_picked":["Searing Blow","Pommel Strike"],"picked":"Shrug It Off","floor":2},{"not_picked":["Metallicize","Shockwave"],"picked":"Infernal Blade","floor":4},{"not_picked":["Whirlwind","Clothesline"],"picked":"Sever Soul","floor":5},{"not_picked":["Ghostly Armor","Carnage"],"picked":"Thunderclap","floor":7},{"not_picked":["Infernal Blade","Sword Boomerang"],"picked":"Armaments","floor":11},{"not_picked":["Fiend Fire","True Grit"],"picked":"Anger","floor":13},{"not_picked":["Dark Embrace","Offering"],"picked":"Bludgeon","floor":16},{"not_picked":["Flex","Iron Wave"],"picked":"Anger","floor":18},{"not_picked":["Blood for Blood","Shrug It Off"],"picked":"Double Tap","floor":24},{"not_picked":["Pommel Strike","Metallicize"],"picked":"Armaments","floor":27},{"not_picked":["Rupture","Cleave"],"picked":"Rage","floor":28},{"not_picked":["Armaments","Perfected Strike"],"picked":"Reckless Charge","floor":29}],"player_experience":1822,"potions_floor_usage":[16,27,33,33,33],"damage_taken":[{"damage":6,"enemies":"2 Louse","floor":1,"turns":2},{"damage":6,"enemies":"Jaw Worm","floor":2,"turns":4},{"damage":5,"enemies":"Small Slimes","floor":4,"turns":3},{"damage":4,"enemies":"Exordium Wildlife","floor":5,"turns":3},{"damage":25,"enemies":"3 Sentries","floor":7,"turns":9},{"damage":7,"enemies":"Blue Slaver","floor":8,"turns":2},{"damage":13,"enemies":"Lots of Slimes","floor":11,"turns":4},{"damage":0,"enemies":"2 Fungi Beasts","floor":13,"turns":3},{"damage":0,"enemies":"Large Slime","floor":14,"turns":3},{"damage":53,"enemies":"Hexaghost","floor":16,"turns":9},{"damage":20,"enemies":"Shell Parasite","floor":18,"turns":4},{"damage":10,"enemies":"3 Byrds","floor":21,"turns":4},{"damage":0,"enemies":"Centurion and Healer","floor":24,"turns":2},{"damage":21,"enemies":"Snake Plant","floor":27,"turns":3},{"damage":46,"enemies":"Slaver and Parasite","floor":28,"turns":5},{"damage":12,"enemies":"3 Cultists","floor":29,"turns":4},{"damage":82,"enemies":"Automaton","floor":33,"turns":6}],"event_choices":[{"event_name":"Golden Wing","player_choice":"Gained Gold","floor":3,"damage_taken":0},{"event_name":"Big Fish","player_choice":"Donut","floor":12,"damage_taken":0},{"event_name":"Cursed Tome","player_choice":"Obtained Book","floor":19,"damage_taken":0},{"event_name":"Forgotten Altar","player_choice":"Shed Blood","floor":22,"damage_taken":0},{"event_name":"The Mausoleum","player_choice":"Yes","floor":30,"damage_taken":0}],"boss_relics":[{"not_picked":["Calling Bell","Eternal Feather"],"picked":"Runic Cube"}],"potions_floor_spawned":[4,5,11,14,21,24,27],"seed_played":"-7368936685031736915","killed_by":"Automaton","ascension_level":0,"is_trial":false}