{"gold_per_floor":[118,133,145,145,145,145,175,175,175,205,222,250,250,314,314,385,385,395,310,310,35,35,35,67,67,140,175,188,198,216,229,229,302,302,321,321,336,352,352,352,380,380],"floor_reached":42,"playtime":2310,"items_purged":[],"score":1038,"play_id":"9a85fd2a-8f88-4e5e-8182-7df030690496","local_time":"20190606002212","is_ascension_mode":true,"campfire_choices":[{"data":"Distraction","floor":6.0,"key":"SMITH"},{"floor":8.0,"key":"REST"},{"floor":13.0,"key":"REST"},{"data":"Footwork","floor":15.0,"key":"SMITH"},{"data":"Survivor","floor":23.0,"key":"SMITH"},{"data":"Blur","floor":25.0,"key":"SMITH"},{"data":"Cloak And Dagger","floor":32.0,"key":"SMITH"},{"data":"Madness","floor":40.0,"key":"SMITH"}],"neow_cost":"NONE","seed_source_timestamp":0,"circlet_count":0,"master_deck":["AscendersBane","Survivor+1","Neutralize","Flying Knee","Dagger Throw","Distraction+1","Poisoned Stab","Predator","Corpse Explosion","Crippling Poison","Footwork+1","After Image","Blur+1","All Out Attack","Predator","Infinite Blades","Setup","Backstab","Sucker Punch","Dodge and Roll","Die Die Die","Outmaneuver+1","Cloak And Dagger+1","Deflect+1","Deflect","Escape Plan","Cloak And Dagger","Cloak And Dagger","Storm of Steel","Madness+1","Madness+1","Deadly Poison+1"],"special_seed":0,"relics":["Runic Pyramid","Mercury Hourglass","Shuriken","Sundial","Question Card","Pantograph","Tiny Chest","Pandora\u0027s Box","Bag of Preparation","Kunai","Pear","Gremlin Horn","Turnip","Sozu","Letter Opener"],"potions_floor_usage":[42,42],"damage_taken":[{"damage":0.0,"enemies":"Small Slimes","floor":1.0,"turns":4.0},{"damage":2.0,"enemies":"Jaw Worm","floor":2.0,"turns":4.0},{"damage":6.0,"enemies":"2 Louse","floor":3.0,"turns":2.0},{"damage":22.0,"enemies":"Lagavulin","floor":7.0,"turns":4.0},{"damage":7.0,"enemies":"Gremlin Nob","floor":10.0,"turns":3.0},{"damage":1.0,"enemies":"Gremlin Gang","floor":11.0,"turns":4.0},{"damage":7.0,"enemies":"3 Sentries","floor":12.0,"turns":4.0},{"damage":17.0,"enemies":"Lagavulin","floor":14.0,"turns":6.0},{"damage":15.0,"enemies":"Hexaghost","floor":16.0,"turns":12.0},{"damage":2.0,"enemies":"2 Thieves","floor":18.0,"turns":2.0},{"damage":30.0,"enemies":"Slavers","floor":24.0,"turns":5.0},{"damage":0.0,"enemies":"Gremlin Leader","floor":27.0,"turns":4.0},{"damage":0.0,"enemies":"Chosen","floor":28.0,"turns":3.0},{"damage":0.0,"enemies":"3 Cultists","floor":29.0,"turns":3.0},{"damage":0.0,"enemies":"Centurion and Healer","floor":30.0,"turns":5.0},{"damage":0.0,"enemies":"Cultist and Chosen","floor":31.0,"turns":5.0},{"damage":2.0,"enemies":"Collector","floor":33.0,"turns":9.0},{"damage":0.0,"enemies":"3 Shapes","floor":35.0,"turns":2.0},{"damage":1.0,"enemies":"3 Darklings","floor":37.0,"turns":4.0},{"damage":13.0,"enemies":"4 Shapes","floor":38.0,"turns":6.0},{"damage":29.0,"enemies":"Nemesis","floor":41.0,"turns":9.0},{"damage":28,"enemies":"Spire Growth","floor":42,"turns":3}],"seed_played":"-3486558266143121530","potions_obtained":[{"floor":1.0,"key":"PowerPotion"},{"floor":2.0,"key":"GamblersBrew"},{"floor":7.0,"key":"Fire Potion"},{"floor":16.0,"key":"GhostInAJar"},{"floor":18.0,"key":"SteroidPotion"},{"floor":27.0,"key":"PowerPotion"},{"floor":33.0,"key":"EssenceOfSteel"}],"is_trial":false,"path_per_floor":["M","M","M","?","T","R","E","R","T","E","M","E","R","E","R","B",null,"M","?","?","$","$","R","E","R","T","E","M","M","M","M","R","B",null,"M","?","M","M","?","R","E","M"],"character_chosen":"THE_SILENT","items_purchased":["Kunai"],"campfire_rested":2,"item_purchase_floors":[21],"current_hp_per_floor":[59,57,51,44,44,44,22,41,41,34,33,26,45,28,28,38,59,57,57,57,57,57,57,37,37,37,37,37,37,37,37,37,60,72,72,58,57,44,44,44,15,0],"gold":380,"neow_bonus":"BOSS_RELIC","is_prod":false,"is_daily":false,"chose_seed":false,"campfire_upgraded":6,"win_rate":0,"timestamp":1559805732,"path_taken":["M","M","M","?","?","R","E","R","T","E","M","E","R","E","R","BOSS","M","?","?","?","$","R","E","R","T","E","M","M","M","M","R","BOSS","M","?","M","M","?","R","E","?"],"build_version":"2019-01-23","purchased_purges":0,"victory":false,"max_hp_per_floor":[66,66,66,66,66,66,66,66,66,66,66,66,66,66,66,66,66,66,66,66,66,66,66,76,76,76,76,76,76,76,76,76,76,76,76,76,76,76,76,76,76,76],"card_choices":[{"not_picked":["Terror","Acrobatics"],"picked":"Flying Knee","floor":1.0},{"not_picked":["Quick Slash","Backflip"],"picked":"Dagger Throw","floor":2.0},{"not_picked":["Endless Agony","Heel Hook"],"picked":"Distraction","floor":3.0},{"not_picked":["Tactician","Endless Agony"],"picked":"Poisoned Stab","floor":7.0},{"not_picked":["Prepared","Terror"],"picked":"Predator","floor":10.0},{"not_picked":["Blade Dance","Finisher","Slice"],"picked":"Corpse Explosion","floor":11.0},{"not_picked":["Blade Dance","Bane","Dagger Throw"],"picked":"Crippling Poison","floor":12.0},{"not_picked":["Distraction","Dagger Throw","All Out Attack"],"picked":"Footwork","floor":14.0},{"not_picked":["Tools of the Trade","Unload","Malaise"],"picked":"After Image","floor":16.0},{"not_picked":["Noxious Fumes","Dagger Throw","Quick Slash"],"picked":"Outmaneuver+1","floor":18.0},{"not_picked":["Dodge and Roll","Riddle With Holes","Outmaneuver"],"picked":"Deflect+1","floor":24.0},{"not_picked":["Slice","Poisoned Stab","Bane"],"picked":"Deflect","floor":27.0},{"not_picked":["Bane","Sucker Punch","Poisoned Stab"],"picked":"Escape Plan","floor":28.0},{"not_picked":["Poisoned Stab","Bane","Crippling Poison"],"picked":"Cloak And Dagger","floor":29.0},{"not_picked":["Outmaneuver","Unload","Expertise"],"picked":"Cloak And Dagger","floor":30.0},{"not_picked":["Prepared","Terror","Finisher+1","Blade Dance"],"picked":"SKIP","floor":31.0},{"not_picked":["Bullet Time","Unload","Grand Finale"],"picked":"Storm of Steel","floor":33.0},{"not_picked":["Masterful Stab+1","Concentrate","Deadly Poison","Calculated Gamble"],"picked":"SKIP","floor":35.0},{"not_picked":["Distraction","Sucker Punch","Poisoned Stab+1","Bane"],"picked":"SKIP","floor":37.0},{"not_picked":["Riddle With Holes","Heel Hook","Blur"],"picked":"Deadly Poison+1","floor":38.0},{"not_picked":["Dagger Throw","Dagger Spray+1","Crippling Poison","Poisoned Stab"],"picked":"SKIP","floor":41.0}],"player_experience":827199,"relics_obtained":[{"floor":5.0,"key":"Mercury Hourglass"},{"floor":7.0,"key":"Shuriken"},{"floor":9.0,"key":"Sundial"},{"floor":10.0,"key":"Question Card"},{"floor":12.0,"key":"Pantograph"},{"floor":14.0,"key":"Tiny Chest"},{"floor":24.0,"key":"Pear"},{"floor":26.0,"key":"Gremlin Horn"},{"floor":27.0,"key":"Turnip"},{"floor":41.0,"key":"Letter Opener"}],"event_choices":[{"cards_removed":["Strike_G"],"damage_healed":0.0,"max_hp_gain":0.0,"max_hp_loss":0.0,"gold_gain":0.0,"event_name":"Golden Wing","player_choice":"Card Removal","floor":4.0,"gold_loss":0.0,"damage_taken":7.0},{"damage_healed":0.0,"max_hp_gain":0.0,"max_hp_loss":0.0,"gold_gain":0.0,"event_name":"Addict","player_choice":"Obtained Relic","floor":19.0,"gold_loss":85.0,"damage_taken":0.0,"relics_obtained":["Bag of Preparation"]},{"damage_healed":0.0,"max_hp_gain":0.0,"max_hp_loss":0.0,"gold_gain":0.0,"event_name":"The Library","player_choice":"Read","floor":20.0,"gold_loss":0.0,"damage_taken":0.0,"cards_obtained":["Cloak And Dagger"]},{"damage_healed":0.0,"max_hp_gain":0.0,"max_hp_loss":0.0,"gold_gain":0.0,"event_name":"Winding Halls","player_choice":"Embrace Madness","floor":36.0,"gold_loss":0.0,"damage_taken":14.0,"cards_obtained":["Madness","Madness"]},{"damage_healed":0.0,"max_hp_gain":0.0,"max_hp_loss":0.0,"gold_gain":0.0,"event_name":"Upgrade Shrine","player_choice":"Upgraded","floor":39.0,"gold_loss":0.0,"damage_taken":0.0,"cards_upgraded":["Madness"]}],"is_beta":false,"boss_relics":[{"not_picked":["Black Star","Eternal Feather"],"picked":"Pandora\u0027s Box"},{"not_picked":["Empty Cage","Runic Dome"],"picked":"Sozu"}],"items_purged_floors":[],"is_endless":false,"potions_floor_spawned":[1,2,7,16,18,27,33,37,38],"killed_by":"Spire Growth","ascension_level":20}