{"gold_per_floor":[110,126,126,139,139,155,155,182,231,231,265,281,281,299,299,373,373,391,391,402,433,451,479,489,119,119,119,34,62,62,76,76,148,148,163,88,88,88,106,137,188,219,254,163,197,197,213,248,248,248,248],"floor_reached":52,"playtime":2856,"items_purged":[],"score":2136,"play_id":"bc4fac83-a04c-44da-91b8-52cb158d3597","local_time":"20190606012109","is_ascension_mode":true,"campfire_choices":[{"data":"Dagger Spray","floor":7.0,"key":"SMITH"},{"floor":13.0,"key":"REST"},{"data":"Neutralize","floor":15.0,"key":"SMITH"},{"floor":27.0,"key":"REST"},{"floor":30.0,"key":"REST"},{"data":"Footwork","floor":32.0,"key":"SMITH"},{"floor":46.0,"key":"REST"},{"data":"Survivor","floor":49,"key":"SMITH"}],"neow_cost":"NONE","seed_source_timestamp":27336726144007,"circlet_count":0,"master_deck":["AscendersBane","Defend_G","Defend_G","Defend_G","Defend_G","Defend_G","Survivor+1","Neutralize+1","Footwork+1","Sucker Punch","Dagger Spray+1","Poisoned Stab+1","Glass Knife+1","Deadly Poison","Bane+1","Dagger Throw+1","Die Die Die+1","PiercingWail+1","Quick Slash+1","Quick Slash+1","Slice+1","Malaise","Footwork+1","Backflip+1","Corpse Explosion+1","Adrenaline+1","Sucker Punch+1","Crippling Poison+1","Backstab+1","Endless Agony+1","Endless Agony+1","Finesse+1","Acrobatics+1","Leg Sweep+1","Terror+1"],"special_seed":0,"relics":["Ring of the Serpent","Bag of Marbles","Molten Egg 2","Regal Pillow","Anchor","The Specimen","Red Mask","Centennial Puzzle","Paper Crane","Mercury Hourglass","Toxic Egg 2","Pen Nib","Philosopher\u0027s Stone","PreservedInsect","Thread and Needle","MawBank","Strawberry","Mummified Hand","Bottled Tornado"],"potions_floor_usage":[48,51],"damage_taken":[{"damage":8.0,"enemies":"Jaw Worm","floor":1.0,"turns":6.0},{"damage":1.0,"enemies":"Small Slimes","floor":2.0,"turns":5.0},{"damage":1.0,"enemies":"Cultist","floor":4.0,"turns":5.0},{"damage":7.0,"enemies":"Gremlin Gang","floor":6.0,"turns":10.0},{"damage":33.0,"enemies":"Lagavulin","floor":8.0,"turns":9.0},{"damage":4.0,"enemies":"3 Sentries","floor":11.0,"turns":6.0},{"damage":0.0,"enemies":"Exordium Wildlife","floor":12.0,"turns":2.0},{"damage":0.0,"enemies":"3 Louse","floor":14.0,"turns":2.0},{"damage":10.0,"enemies":"Slime Boss","floor":16.0,"turns":9.0},{"damage":11.0,"enemies":"Spheric Guardian","floor":18.0,"turns":4.0},{"damage":3.0,"enemies":"Shell Parasite","floor":20.0,"turns":4.0},{"damage":0.0,"enemies":"Masked Bandits","floor":21.0,"turns":1.0},{"damage":13.0,"enemies":"Snake Plant","floor":22.0,"turns":3.0},{"damage":27.0,"enemies":"Book of Stabbing","floor":23.0,"turns":4.0},{"damage":0.0,"enemies":"Snecko","floor":24.0,"turns":3.0},{"damage":26.0,"enemies":"Gremlin Leader","floor":29.0,"turns":7.0},{"damage":0.0,"enemies":"Centurion and Healer","floor":31.0,"turns":2.0},{"damage":28.0,"enemies":"Collector","floor":33.0,"turns":11.0},{"damage":0.0,"enemies":"Orb Walker","floor":35.0,"turns":2.0},{"damage":0.0,"enemies":"3 Shapes","floor":39.0,"turns":1.0},{"damage":31.0,"enemies":"Giant Head","floor":40.0,"turns":10.0},{"damage":0.0,"enemies":"2 Orb Walkers","floor":41.0,"turns":2.0},{"damage":0.0,"enemies":"Reptomancer","floor":42.0,"turns":1.0},{"damage":4.0,"enemies":"Nemesis","floor":45.0,"turns":3.0},{"damage":0,"enemies":"Sphere and 2 Shapes","floor":47,"turns":4},{"damage":0,"enemies":"Giant Head","floor":48,"turns":5},{"damage":1,"enemies":"Awakened One","floor":50,"turns":19},{"damage":11,"enemies":"Donu and Deca","floor":51,"turns":4}],"seed_played":"-354556393239522377","potions_obtained":[{"floor":1.0,"key":"Regen Potion"},{"floor":2.0,"key":"LiquidBronze"},{"floor":6.0,"key":"Swift Potion"},{"floor":12.0,"key":"FairyPotion"},{"floor":14.0,"key":"Block Potion"},{"floor":18.0,"key":"AttackPotion"},{"floor":21.0,"key":"Explosive Potion"},{"floor":22.0,"key":"Swift Potion"},{"floor":31.0,"key":"Explosive Potion"},{"floor":33.0,"key":"Poison Potion"},{"floor":41.0,"key":"Fire Potion"}],"is_trial":false,"path_per_floor":["M","M","?","M","?","M","R","E","T","?","E","M","R","M","R","B",null,"M","?","M","?","M","E","M","$","T","R","?","E","R","M","R","B",null,"M","?","$","?","M","E","?","E","T","$","E","R","M","E","R","B","B",null],"character_chosen":"THE_SILENT","items_purchased":["Fruit Juice","Paper Crane","Finesse+1"],"campfire_rested":4,"item_purchase_floors":[25,25,44],"current_hp_per_floor":[51,50,43,42,42,35,35,17,17,17,13,13,47,47,47,37,59,48,48,45,45,32,5,5,10,10,46,46,20,56,56,56,28,60,60,60,60,60,60,29,29,29,36,36,32,70,70,70,70,69,58],"gold":248,"neow_bonus":"RANDOM_COMMON_RELIC","is_prod":false,"is_daily":false,"chose_seed":false,"campfire_upgraded":4,"win_rate":0,"timestamp":1559809269,"path_taken":["M","M","?","M","?","M","R","E","T","?","E","M","R","M","R","BOSS","M","?","?","?","M","E","M","$","T","R","?","E","R","M","R","BOSS","M","?","?","?","?","E","?","E","T","$","E","R","M","E","R","BOSS","BOSS"],"build_version":"2019-01-23","purchased_purges":0,"victory":true,"max_hp_per_floor":[66,66,66,66,66,66,66,66,66,66,66,66,66,66,66,66,66,66,66,66,66,66,66,66,71,71,71,71,71,71,71,71,71,71,71,71,71,71,71,71,71,71,78,78,78,78,78,78,78,78,78],"card_choices":[{"not_picked":["Caltrops","Backflip"],"picked":"Footwork","floor":1.0},{"not_picked":["Dodge and Roll","Calculated Gamble"],"picked":"Sucker Punch","floor":2.0},{"not_picked":["Expertise","Dodge and Roll","Accuracy"],"picked":"SKIP","floor":4.0},{"not_picked":["Bane","Dodge and Roll"],"picked":"Dagger Spray","floor":6.0},{"not_picked":["A Thousand Cuts","Leg Sweep"],"picked":"Poisoned Stab","floor":8.0},{"not_picked":["Bullet Time","PiercingWail"],"picked":"Deadly Poison","floor":11.0},{"not_picked":["Acrobatics","Poisoned Stab+1"],"picked":"Bane+1","floor":12.0},{"not_picked":["Dagger Spray+1","Eviscerate+1"],"picked":"Dagger Throw+1","floor":14.0},{"not_picked":["Glass Knife+1","Venomology"],"picked":"Die Die Die+1","floor":16.0},{"not_picked":["Catalyst","Dagger Spray+1","Masterful Stab+1"],"picked":"SKIP","floor":18.0},{"not_picked":["All Out Attack+1","Dagger Spray+1"],"picked":"PiercingWail+1","floor":20.0},{"not_picked":["Prepared","Infinite Blades+1"],"picked":"Quick Slash+1","floor":21.0},{"not_picked":["Flying Knee+1","Underhanded Strike+1"],"picked":"Quick Slash+1","floor":22.0},{"not_picked":["All Out Attack+1","Sucker Punch+1"],"picked":"Slice+1","floor":23.0},{"not_picked":["Outmaneuver","Distraction"],"picked":"Malaise","floor":24.0},{"not_picked":["Outmaneuver+1","Leg Sweep+1"],"picked":"Footwork","floor":29.0},{"not_picked":["PiercingWail+1","Masterful Stab+1"],"picked":"Backflip+1","floor":31.0},{"not_picked":["Glass Knife+1","Doppelganger+1"],"picked":"Corpse Explosion+1","floor":33.0},{"not_picked":["Dagger Spray+1","Flying Knee+1","Choke+1"],"picked":"SKIP","floor":35.0},{"not_picked":["Bane+1","Prepared+1"],"picked":"Backstab+1","floor":39.0},{"not_picked":["Underhanded Strike+1","Setup+1","Dodge and Roll+1"],"picked":"SKIP","floor":40.0},{"not_picked":["Accuracy","Noxious Fumes"],"picked":"Endless Agony+1","floor":41.0},{"not_picked":["Wraith Form v2","Underhanded Strike+1"],"picked":"Endless Agony+1","floor":42.0},{"not_picked":["Night Terror+1","Flying Knee+1"],"picked":"Acrobatics+1","floor":45.0},{"not_picked":["All Out Attack+1","Skewer+1"],"picked":"Leg Sweep+1","floor":47},{"not_picked":["Dodge and Roll+1","Calculated Gamble+1"],"picked":"Terror+1","floor":48}],"player_experience":829509,"relics_obtained":[{"floor":8.0,"key":"Molten Egg 2"},{"floor":9.0,"key":"Regal Pillow"},{"floor":11.0,"key":"Anchor"},{"floor":19.0,"key":"The Specimen"},{"floor":21.0,"key":"Red Mask"},{"floor":23.0,"key":"Centennial Puzzle"},{"floor":26.0,"key":"Mercury Hourglass"},{"floor":29.0,"key":"Pen Nib"},{"floor":40.0,"key":"PreservedInsect"},{"floor":41.0,"key":"Thread and Needle"},{"floor":42.0,"key":"MawBank"},{"floor":43.0,"key":"Strawberry"},{"floor":45.0,"key":"Mummified Hand"},{"floor":48,"key":"Bottled Tornado"}],"event_choices":[{"cards_removed":["Strike_G"],"damage_healed":0.0,"max_hp_gain":0.0,"max_hp_loss":0.0,"gold_gain":0.0,"event_name":"Golden Wing","player_choice":"Card Removal","floor":3.0,"gold_loss":0.0,"damage_taken":7.0},{"damage_healed":0.0,"max_hp_gain":0.0,"max_hp_loss":0.0,"gold_gain":0.0,"event_name":"Living Wall","player_choice":"Grow","floor":5.0,"gold_loss":0.0,"damage_taken":0.0,"cards_upgraded":["Footwork"]},{"damage_healed":0.0,"max_hp_gain":0.0,"max_hp_loss":0.0,"gold_gain":0.0,"cards_transformed":["Strike_G"],"event_name":"Transmorgrifier","player_choice":"Transformed","floor":10.0,"gold_loss":0.0,"damage_taken":0.0,"cards_obtained":["Glass Knife"]},{"damage_healed":0.0,"max_hp_gain":0.0,"max_hp_loss":0.0,"gold_gain":0.0,"event_name":"Wheel of Change","player_choice":"Relic","floor":19.0,"gold_loss":0.0,"damage_taken":0.0},{"damage_healed":0.0,"max_hp_gain":0.0,"max_hp_loss":0.0,"gold_gain":0.0,"event_name":"Masked Bandits","player_choice":"Fought Bandits","floor":21.0,"gold_loss":0.0,"damage_taken":0.0},{"damage_healed":0.0,"max_hp_gain":0.0,"max_hp_loss":0.0,"gold_gain":0.0,"event_name":"Addict","player_choice":"Obtained Relic","floor":28.0,"gold_loss":85.0,"damage_taken":0.0,"relics_obtained":["Toxic Egg 2"]},{"damage_healed":0.0,"max_hp_gain":0.0,"max_hp_loss":0.0,"gold_gain":0.0,"cards_transformed":["Strike_G","Strike_G"],"event_name":"Designer","player_choice":"Transformed Cards","floor":36.0,"gold_loss":75.0,"damage_taken":0.0,"cards_obtained":["Adrenaline","Sucker Punch"]},{"damage_healed":0.0,"max_hp_gain":0.0,"max_hp_loss":0.0,"gold_gain":0.0,"cards_transformed":["Strike_G"],"event_name":"Transmorgrifier","player_choice":"Transformed","floor":38.0,"gold_loss":0.0,"damage_taken":0.0,"cards_obtained":["Crippling Poison"]},{"damage_healed":0.0,"max_hp_gain":0.0,"max_hp_loss":0.0,"gold_gain":0.0,"event_name":"Mysterious Sphere","player_choice":"Fight","floor":41.0,"gold_loss":0.0,"damage_taken":0.0}],"is_beta":false,"boss_relics":[{"not_picked":["Black Star","Coffee Dripper"],"picked":"Ring of the Serpent"},{"not_picked":["Eternal Feather","Runic Dome"],"picked":"Philosopher\u0027s Stone"}],"items_purged_floors":[],"is_endless":false,"potions_floor_spawned":[1,2,6,12,14,18,21,22,31,33,41,42,47],"ascension_level":20}