{"gold_per_floor":[114,114,114,130,144,170,170,170,170,170,190,226,15,15,15,15],"floor_reached":16,"playtime":760,"items_purged":[],"score":216,"play_id":"a59429b9-93dc-4312-9713-760615877e5d","local_time":"20190604003813","is_ascension_mode":true,"campfire_choices":[{"floor":10,"key":"REST"},{"floor":15,"key":"REST"}],"neow_cost":"NONE","seed_source_timestamp":44881984742407,"circlet_count":0,"master_deck":["AscendersBane","Defend_G","Defend_G","Defend_G","Defend_G","Defend_G","Strike_G","Strike_G","Strike_G","Strike_G","Strike_G","Survivor","Neutralize","Panacea","Well Laid Plans+1","Well Laid Plans","Deflect","Crippling Poison","Quick Slash","Backflip"],"relics":["Ring of the Snake","Unceasing Top","Dead Branch","Pen Nib","Golden Idol","Omamori","Bottled Tornado","PrismaticShard"],"potions_floor_usage":[11],"damage_taken":[{"damage":1,"enemies":"Small Slimes","floor":1,"turns":4},{"damage":7,"enemies":"Jaw Worm","floor":4,"turns":4},{"damage":1,"enemies":"Cultist","floor":5,"turns":4},{"damage":12,"enemies":"3 Sentries","floor":6,"turns":4},{"damage":0,"enemies":"Gremlin Gang","floor":11,"turns":1},{"damage":18,"enemies":"Lagavulin","floor":12,"turns":9},{"damage":31,"enemies":"Slime Boss","floor":16,"turns":8}],"seed_played":"-8926803126031044893","potions_obtained":[{"floor":1,"key":"FearPotion"},{"floor":6,"key":"Explosive Potion"}],"is_trial":false,"path_per_floor":["M","?","T","M","M","E","?","?","T","R","M","E","$","?","R","B"],"character_chosen":"THE_SILENT","items_purchased":["PrismaticShard"],"campfire_rested":2,"item_purchase_floors":[13],"current_hp_per_floor":[58,58,58,51,50,38,15,8,8,27,27,9,9,9,28,0],"gold":15,"neow_bonus":"RANDOM_COLORLESS","is_prod":false,"is_daily":false,"chose_seed":false,"campfire_upgraded":0,"win_rate":0,"timestamp":1559633893,"path_taken":["M","?","?","?","?","E","?","?","T","R","M","E","?","?","R","BOSS"],"build_version":"2019-01-23","purchased_purges":0,"victory":false,"max_hp_per_floor":[66,66,66,66,66,66,66,66,66,66,66,66,66,66,66,66],"card_choices":[{"not_picked":["Deadly Poison","Dodge and Roll"],"picked":"Well Laid Plans","floor":1},{"not_picked":["Bane","Concentrate"],"picked":"Well Laid Plans","floor":4},{"not_picked":["Quick Slash","Deadly Poison"],"picked":"Deflect","floor":5},{"not_picked":["Finisher","Skewer"],"picked":"Crippling Poison","floor":6},{"not_picked":["Accuracy","Poisoned Stab"],"picked":"Quick Slash","floor":11},{"not_picked":["Blur","Riddle With Holes"],"picked":"Backflip","floor":12}],"player_experience":823839,"relics_obtained":[{"floor":3,"key":"Dead Branch"},{"floor":6,"key":"Pen Nib"},{"floor":9,"key":"Omamori"},{"floor":12,"key":"Bottled Tornado"}],"event_choices":[{"damage_healed":0,"gold_gain":0,"player_choice":"Box","damage_taken":0,"relics_obtained":["Unceasing Top"],"max_hp_gain":0,"max_hp_loss":0,"event_name":"Big Fish","floor":2,"gold_loss":0,"cards_obtained":["Regret"]},{"damage_healed":0,"gold_gain":0,"player_choice":"Take Damage","damage_taken":23,"relics_obtained":["Golden Idol"],"max_hp_gain":0,"max_hp_loss":0,"event_name":"Golden Idol","floor":7,"gold_loss":0},{"cards_removed":["Regret"],"damage_healed":0,"gold_gain":0,"player_choice":"Card Removal","damage_taken":7,"max_hp_gain":0,"max_hp_loss":0,"event_name":"Golden Wing","floor":8,"gold_loss":0},{"damage_healed":0,"gold_gain":0,"player_choice":"Upgraded","damage_taken":0,"max_hp_gain":0,"max_hp_loss":0,"event_name":"Upgrade Shrine","floor":14,"gold_loss":0,"cards_upgraded":["Well Laid Plans"]}],"is_beta":false,"boss_relics":[],"items_purged_floors":[],"is_endless":false,"potions_floor_spawned":[1,6],"killed_by":"Slime Boss","ascension_level":20}