{"gold_per_floor":[11,11,29,47,66,66,77,77,126,148,210,222,63,80,80,80],"floor_reached":16,"playtime":521,"items_purged":[],"score":188,"play_id":"267bcef7-6ccd-47dc-8c49-96a8e1444f2b","local_time":"20190426000905","is_ascension_mode":true,"campfire_choices":[{"data":"Rampage","floor":6,"key":"SMITH"},{"data":"Shockwave","floor":8,"key":"SMITH"},{"floor":12,"key":"REST"},{"floor":15,"key":"REST"}],"neow_cost":"NO_GOLD","seed_source_timestamp":2707600833050,"circlet_count":0,"master_deck":["AscendersBane","Strike_R","Strike_R","Strike_R","Strike_R","Strike_R","Defend_R","Defend_R","Defend_R","Defend_R","Bash","Dropkick","Inflame","Rampage+1","Shockwave+1","Warcry","Headbutt"],"relics":["Burning Blood","WingedGreaves","GremlinMask","MawBank","Orichalcum"],"potions_floor_usage":[5,10,16],"damage_taken":[{"damage":7,"enemies":"Small Slimes","floor":1,"turns":4},{"damage":8,"enemies":"Cultist","floor":3,"turns":5},{"damage":14,"enemies":"Jaw Worm","floor":4,"turns":4},{"damage":37,"enemies":"Exordium Thugs","floor":5,"turns":8},{"damage":12,"enemies":"3 Louse","floor":7,"turns":5},{"damage":10,"enemies":"Large Slime","floor":10,"turns":5},{"damage":10,"enemies":"Blue Slaver","floor":14,"turns":4},{"damage":52,"enemies":"The Guardian","floor":16,"turns":9}],"seed_played":"1181491176428048774","potions_obtained":[{"floor":4,"key":"Strength Potion"},{"floor":7,"key":"Explosive Potion"},{"floor":10,"key":"GamblersBrew"}],"is_trial":false,"path_per_floor":["M","?","M","M","M","R","M","R","T","M","?","R","$","M","R","B"],"character_chosen":"IRONCLAD","items_purchased":["Orichalcum"],"campfire_rested":2,"item_purchase_floors":[13],"current_hp_per_floor":[67,67,65,57,26,26,20,20,20,16,16,38,38,34,56,4],"gold":80,"neow_bonus":"ONE_RARE_RELIC","is_prod":false,"is_daily":false,"chose_seed":false,"campfire_upgraded":2,"win_rate":0,"timestamp":1556204945,"path_taken":["M","?","M","M","?","R","M","R","T","M","?","R","$","M","R","BOSS"],"build_version":"2019-01-23","purchased_purges":0,"victory":false,"max_hp_per_floor":[75,75,75,75,75,75,75,75,75,75,75,75,75,75,75,75],"card_choices":[{"not_picked":["Anger","Headbutt","Warcry"],"picked":"SKIP","floor":1},{"not_picked":["Seeing Red","Sever Soul"],"picked":"Dropkick","floor":3},{"not_picked":["Perfected Strike","Havoc"],"picked":"Inflame","floor":4},{"not_picked":["Sentinel","Body Slam"],"picked":"Rampage","floor":5},{"not_picked":["Body Slam","Pommel Strike"],"picked":"Shockwave","floor":7},{"not_picked":["Havoc","Heavy Blade"],"picked":"Warcry","floor":10},{"not_picked":["Thunderclap","Clothesline"],"picked":"Headbutt","floor":14}],"player_experience":960396,"relics_obtained":[{"floor":9,"key":"MawBank"}],"event_choices":[{"damage_healed":0,"gold_gain":0,"player_choice":"Trade","damage_taken":0,"relics_obtained":["GremlinMask"],"max_hp_gain":0,"max_hp_loss":0,"event_name":"FaceTrader","floor":2,"gold_loss":0},{"damage_healed":0,"gold_gain":50,"player_choice":"Pray","damage_taken":0,"max_hp_gain":0,"max_hp_loss":0,"event_name":"Golden Shrine","floor":11,"gold_loss":0}],"is_beta":false,"boss_relics":[],"items_purged_floors":[],"is_endless":false,"potions_floor_spawned":[4,7,10],"killed_by":"The Guardian","ascension_level":20}