{"path_per_floor":["M","M","M","M","?","R","M","?","T","?","$","R","?","M","R","B",null,"M","M","?","M","M","R","M","R","T","M","M","$","R","$","R"],"character_chosen":"IRONCLAD","items_purchased":["Shrug It Off","Seeing Red","Dramatic Entrance"],"gold_per_floor":[109,120,140,152,152,152,165,115,115,190,21,21,51,66,66,166,166,185,199,114,127,145,145,165,165,165,175,193,2,2,2,2,2],"floor_reached":33,"campfire_rested":2,"playtime":1510,"current_hp_per_floor":[80,80,80,74,74,74,78,78,78,67,67,67,69,70,70,19,80,65,53,63,56,53,53,26,53,53,52,38,38,65,65,65,0],"items_purged":["Strike_R","Defend_R"],"gold":2,"score":241,"play_id":"28c5fd26-0cd9-41eb-b34c-425981b98457","local_time":"20180509140408","is_prod":false,"is_daily":false,"chose_seed":false,"is_ascension_mode":false,"campfire_upgraded":5,"timestamp":1525842248,"path_taken":["M","M","M","M","?","R","M","?","T","?","$","R","?","M","R","BOSS","M","M","?","M","M","R","M","R","T","M","M","$","R","$","R","BOSS"],"build_version":"2018-05-07","seed_source_timestamp":5490095204693,"purchased_purges":2,"victory":false,"master_deck":["Strike_R","Strike_R","Strike_R","Defend_R","Defend_R","Defend_R","Bash","Armaments+1","Twin Strike","Shockwave+1","Thunderclap","Anger+1","Shrug It Off","Seeing Red+1","Rage+1","Demon Form+1","Flex+1","Metallicize","Headbutt+1","Anger+1","Dramatic Entrance"],"max_hp_per_floor":[80,80,80,80,80,80,80,80,80,80,80,80,80,80,80,80,80,80,80,90,90,90,90,90,90,90,90,90,90,90,90,90,90],"relics":["Burning Blood","Bottled Flame","Odd Mushroom","Velvet Choker","Pear","Bottled Lightning"],"card_choices":[{"not_picked":["Sword Boomerang","Iron Wave"],"picked":"Armaments","floor":0},{"not_picked":["Combust","True Grit"],"picked":"Twin Strike","floor":1},{"not_picked":["Thunderclap","True Grit"],"picked":"Shockwave","floor":2},{"not_picked":["Pummel","Clothesline"],"picked":"Thunderclap","floor":3},{"not_picked":["Havoc","Inflame"],"picked":"Anger","floor":4},{"not_picked":["Anger","Inflame"],"picked":"Rage","floor":13},{"not_picked":["Offering","Exhume"],"picked":"Demon Form","floor":16},{"not_picked":["Inflame","Rage"],"picked":"Flex","floor":19},{"not_picked":["Sever Soul","Clothesline"],"picked":"Metallicize","floor":22},{"not_picked":["True Grit","Clothesline"],"picked":"Headbutt","floor":27},{"not_picked":["Seeing Red","Headbutt"],"picked":"Anger","floor":28}],"player_experience":22449,"potions_floor_usage":[13,16,21,22,27,33,33],"damage_taken":[{"damage":0,"enemies":"Small Slimes","floor":1,"turns":3},{"damage":1,"enemies":"Cultist","floor":2,"turns":3},{"damage":6,"enemies":"2 Louse","floor":3,"turns":2},{"damage":12,"enemies":"Looter","floor":4,"turns":5},{"damage":2,"enemies":"Exordium Wildlife","floor":7,"turns":4},{"damage":4,"enemies":"The Mushroom Lair","floor":13,"turns":5},{"damage":5,"enemies":"2 Fungi Beasts","floor":14,"turns":4},{"damage":68,"enemies":"The Guardian","floor":16,"turns":12},{"damage":21,"enemies":"Spheric Guardian","floor":18,"turns":5},{"damage":18,"enemies":"Chosen","floor":19,"turns":6},{"damage":13,"enemies":"Snecko","floor":21,"turns":6},{"damage":18,"enemies":"Snake Plant","floor":22,"turns":5},{"damage":33,"enemies":"Cultist and Chosen","floor":24,"turns":8},{"damage":7,"enemies":"Centurion and Healer","floor":27,"turns":8},{"damage":20,"enemies":"Snake Plant","floor":28,"turns":4},{"damage":70,"enemies":"Champ","floor":33,"turns":8}],"event_choices":[{"event_name":"Upgrade Shrine","player_choice":"Upgraded","floor":5,"damage_taken":0},{"event_name":"The Cleric","player_choice":"Card Removal","floor":8,"damage_taken":0},{"event_name":"World of Goop","player_choice":"Gather Gold","floor":10,"damage_taken":0},{"event_name":"Mushrooms","player_choice":"Fought Mushrooms","floor":13,"damage_taken":0},{"event_name":"Addict","player_choice":"Obtained Relic","floor":20,"damage_taken":0}],"boss_relics":[{"not_picked":["Lizard Tail","Calling Bell"],"picked":"Velvet Choker"}],"potions_floor_spawned":[1,4,7,14,19,21,24],"seed_played":"-1373446505688539098","killed_by":"Champ","ascension_level":0,"is_trial":false}