{"path_per_floor":["M","M","M","M","M","R","M","M","T","R","M","$","R","M","R","B",null,"M","?","M","M","$","$","E","R","T","$","R","M","M","M","R"],"character_chosen":"IRONCLAD","items_purchased":["Apotheosis","Bandage Up"],"gold_per_floor":[117,134,148,163,183,183,196,214,293,293,304,34,34,54,54,150,150,163,193,212,226,35,35,65,65,65,65,65,79,90,106,106,106],"floor_reached":33,"campfire_rested":2,"playtime":1376,"current_hp_per_floor":[80,80,80,80,58,58,53,54,54,54,53,53,53,50,80,16,80,66,48,50,56,56,56,42,42,42,42,80,68,67,71,71,0],"items_purged":["Strike_R","Strike_R"],"gold":106,"score":265,"play_id":"baf71705-5875-4db4-bcc1-d8c4c3f945cc","local_time":"20180509151140","is_prod":false,"is_daily":false,"chose_seed":false,"is_ascension_mode":false,"campfire_upgraded":5,"timestamp":1525846300,"path_taken":["M","M","M","M","M","R","M","M","T","R","M","$","R","M","R","BOSS","M","?","M","M","?","$","E","R","T","$","R","?","M","M","R","BOSS"],"build_version":"2018-05-07","seed_source_timestamp":9673416044744,"purchased_purges":2,"victory":false,"master_deck":["Strike_R","Strike_R","Strike_R","Defend_R","Defend_R","Defend_R","Defend_R","Bash","Warcry+1","Whirlwind+1","Warcry","Seeing Red+1","Apotheosis+1","Bandage Up+1"],"max_hp_per_floor":[80,80,80,80,80,80,80,80,80,80,80,80,80,80,80,80,80,80,80,80,80,80,80,80,80,80,80,80,80,80,80,80,80],"relics":["Burning Blood","Regal Pillow","Centennial Puzzle","Runic Dome","Red Mask","Gremlin Horn","Darkstone Periapt"],"card_choices":[{"not_picked":["Wild Strike","Heavy Blade"],"picked":"Warcry","floor":1},{"not_picked":["Twin Strike","Heavy Blade"],"picked":"Whirlwind","floor":3},{"not_picked":["Power Through","True Grit"],"picked":"Warcry","floor":5},{"not_picked":["Clothesline","Spot Weakness"],"picked":"Seeing Red","floor":7}],"player_experience":26580,"potions_floor_usage":[16,16,16,33,33],"damage_taken":[{"damage":3,"enemies":"Small Slimes","floor":1,"turns":4},{"damage":3,"enemies":"Jaw Worm","floor":2,"turns":4},{"damage":1,"enemies":"Cultist","floor":3,"turns":3},{"damage":0,"enemies":"3 Louse","floor":4,"turns":1},{"damage":28,"enemies":"Exordium Thugs","floor":5,"turns":6},{"damage":11,"enemies":"Red Slaver","floor":7,"turns":3},{"damage":5,"enemies":"Looter","floor":8,"turns":3},{"damage":7,"enemies":"Exordium Thugs","floor":11,"turns":2},{"damage":9,"enemies":"2 Fungi Beasts","floor":14,"turns":2},{"damage":70,"enemies":"Hexaghost","floor":16,"turns":9},{"damage":20,"enemies":"Spheric Guardian","floor":18,"turns":4},{"damage":24,"enemies":"가면 도적단","floor":19,"turns":3},{"damage":4,"enemies":"2 Thieves","floor":20,"turns":2},{"damage":0,"enemies":"Chosen and Byrds","floor":21,"turns":4},{"damage":24,"enemies":"Gremlin Leader","floor":24,"turns":7},{"damage":18,"enemies":"3 Cultists","floor":29,"turns":3},{"damage":13,"enemies":"Centurion and Healer","floor":30,"turns":5},{"damage":8,"enemies":"Cultist and Chosen","floor":31,"turns":3},{"damage":101,"enemies":"Automaton","floor":33,"turns":6}],"event_choices":[{"event_name":"Masked Bandits","player_choice":"Fought over 163 gold","floor":19,"damage_taken":0}],"boss_relics":[{"not_picked":["Lizard Tail","White Beast Statue"],"picked":"Runic Dome"}],"potions_floor_spawned":[2,8,11,14,18,29],"seed_played":"-6252397475767938957","killed_by":"Automaton","ascension_level":0,"is_trial":false}