{"gold_per_floor":[111,123,123,138,138,138,63,81,81,81,122,135,135,85,85,211,211,232,256,196,376,401,401,421,437,437,437,437],"floor_reached":28,"playtime":1639,"items_purged":["Sickly"],"score":330,"play_id":"1911f7e6-ccf8-4e50-8c96-209c3b4c4e7f","local_time":"20190115142151","is_ascension_mode":true,"campfire_choices":[{"data":"Sword Boomerang","floor":6,"key":"SMITH"},{"data":"Clash","floor":10,"key":"SMITH"},{"data":"Bash","floor":15,"key":"SMITH"},{"data":"Demon Form","floor":23,"key":"SMITH"}],"neow_cost":"NONE","seed_source_timestamp":5058489714749,"circlet_count":0,"master_deck":["AscendersBane","Strike_R","Strike_R","Strike_R","Strike_R","Strike_R","Defend_R","Defend_R","Defend_R","Bash+1","Sword Boomerang+1","Clash+1","Power Through","Barricade","Armaments+1","Second Wind","Demon Form+1","Rage"],"special_seed":0,"relics":["Burning Blood","Bloody Idol","Ring of Searing","ReplayTheSpireMod:Ring of Addiction","Toy Ornithopter","Cauldron","Matryoshka","Snack Pack","Vajra","ReplayTheSpireMod:Bottled Flurry","Painkiller Herb","Juzu Bracelet","Singing Bowl"],"potions_floor_usage":[5,8,11,11,22,22,28],"damage_taken":[{"damage":0.0,"enemies":"2 Louse","floor":1.0,"turns":3.0},{"damage":7,"enemies":"Jaw Worm","floor":2,"turns":3},{"damage":0,"enemies":"Cultist","floor":4,"turns":4},{"damage":17,"enemies":"Exordium Thugs","floor":8,"turns":4},{"damage":35,"enemies":"Lagavulin","floor":11,"turns":5},{"damage":16,"enemies":"Blue Slaver","floor":12,"turns":4},{"damage":35,"enemies":"Hexaghost","floor":16,"turns":9},{"damage":10,"enemies":"Chosen","floor":18,"turns":4},{"damage":30,"enemies":"Spheric Guardian","floor":19,"turns":4},{"damage":7,"enemies":"Chosen and Byrds","floor":22,"turns":3},{"damage":24,"enemies":"Snake Plant","floor":24,"turns":4},{"damage":15,"enemies":"Centurion and Healer","floor":25,"turns":5},{"damage":25,"enemies":"Cultist and Chosen","floor":28,"turns":4}],"seed_played":"-8546091135773012439","potions_obtained":[{"floor":2,"key":"Weak Potion"},{"floor":5,"key":"Fruit Juice"},{"floor":5,"key":"LifebloodPotion"},{"floor":5,"key":"Languid Potion"},{"floor":16,"key":"SteroidPotion"},{"floor":18,"key":"AttackPotion"},{"floor":25,"key":"AttackPotion"}],"is_trial":false,"path_per_floor":["M","M","?","M","?","R","$","M","T","R","E","M","T","?","R","B",null,"?","?","?","?","?","T","?","?","T","?","?"],"character_chosen":"IRONCLAD","items_purchased":[],"campfire_rested":0,"item_purchase_floors":[],"current_hp_per_floor":[86,85,63,69,79,79,79,73,73,73,54,44,44,44,44,17,73,71,49,49,25,36,36,20,13,13,13,0],"gold":437,"neow_bonus":"TEN_PERCENT_HP_BONUS","is_prod":false,"is_daily":false,"chose_seed":false,"campfire_upgraded":4,"win_rate":0,"timestamp":1547529711,"path_taken":["M","M","?","M","?","R","$","M","T","R","E","?","?","?","R","BOSS","?","?","?","?","?","T","?","?","T","?","?"],"build_version":"2019-01-10","purchased_purges":1,"victory":false,"max_hp_per_floor":[88,88,88,88,93,93,93,93,93,93,93,93,93,93,91,91,91,89,89,89,87,87,87,87,87,85,85,85],"card_choices":[{"not_picked":["Armaments","Pommel Strike"],"picked":"Sword Boomerang","floor":1.0},{"not_picked":["Bloodletting","Cleave"],"picked":"Clash","floor":2},{"not_picked":["Defy Death","True Grit","Clothesline"],"picked":"SKIP","floor":4},{"not_picked":["Anger","Bloodletting","Warcry"],"picked":"SKIP","floor":8},{"not_picked":["ReplayTheSpireMod:Strike From Hell","Eclipse"],"picked":"Power Through","floor":11},{"not_picked":["Replay:Undeath\u0027s Touch","Uppercut","Headbutt"],"picked":"SKIP","floor":12},{"not_picked":["Juggernaut","Exhume"],"picked":"Barricade","floor":16},{"not_picked":["Clash+1","ReplayTheSpireMod:LeadingStrike"],"picked":"Armaments+1","floor":18},{"not_picked":["Cleave","Armaments"],"picked":"Second Wind","floor":19},{"not_picked":["Perfected Strike","Shockwave+1"],"picked":"Demon Form","floor":22},{"not_picked":["Dual Wield+1","Replay:Undeath\u0027s Touch"],"picked":"Rage","floor":24},{"not_picked":["Run Through","Sword Boomerang","Pommel Strike"],"picked":"SKIP","floor":25}],"player_experience":722305,"relics_obtained":[{"floor":5,"key":"Ring of Searing"},{"floor":5,"key":"ReplayTheSpireMod:Ring of Addiction"},{"floor":5,"key":"Toy Ornithopter"},{"floor":5,"key":"Cauldron"},{"floor":9,"key":"Matryoshka"},{"floor":11,"key":"Snack Pack"},{"floor":13,"key":"Vajra"},{"floor":13,"key":"ReplayTheSpireMod:Bottled Flurry"},{"floor":26,"key":"Juzu Bracelet"},{"floor":26,"key":"Singing Bowl"}],"event_choices":[{"damage_healed":0,"gold_gain":0,"player_choice":"Take Damage","damage_taken":22,"relics_obtained":["Golden Idol"],"max_hp_gain":0,"max_hp_loss":0,"event_name":"Golden Idol","floor":3,"gold_loss":0},{"cards_removed":["Defend_R"],"damage_healed":0,"gold_gain":0,"player_choice":"Card Removal","damage_taken":0,"max_hp_gain":0,"max_hp_loss":0,"event_name":"The Cleric","floor":14,"gold_loss":50},{"damage_healed":0,"gold_gain":180,"player_choice":"GOLD GOLD ","damage_taken":24,"max_hp_gain":0,"max_hp_loss":0,"event_name":"Knowing Skull","floor":21,"potions_obtained":[],"gold_loss":0,"cards_obtained":[]},{"damage_healed":0,"gold_gain":0,"player_choice":"Gave Idol","damage_taken":0,"relics_obtained":["Bloody Idol"],"max_hp_gain":0,"max_hp_loss":0,"event_name":"Forgotten Altar","floor":27,"relics_lost":["Golden Idol"],"gold_loss":0}],"is_beta":false,"boss_relics":[{"not_picked":["Honey Jar","Ectoplasm"],"picked":"Painkiller Herb"}],"items_purged_floors":[7],"is_endless":false,"potions_floor_spawned":[2,16,18,25],"killed_by":"Cultist and Chosen","ascension_level":10}