{"gold_per_floor":[109,109,109,123,140,140,140,176,201,245,321,340,340,353,353,476,476,501,501,600,620,317,317,342,342,365,390,404,319,319],"floor_reached":30,"playtime":618,"items_purged":["Strike_R"],"score":384,"play_id":"d0ed10ff-f0d6-49e9-a80c-2f2ee006d79f","local_time":"20190214225709","is_ascension_mode":true,"campfire_choices":[{"data":"Hemokinesis","floor":6,"key":"SMITH"},{"data":"Rage","floor":13,"key":"SMITH"},{"data":"Sword Boomerang","floor":15,"key":"SMITH"},{"data":"Juggernaut","floor":23,"key":"SMITH"},{"data":"Inflame","floor":25,"key":"SMITH"}],"neow_cost":"NONE","seed_source_timestamp":10508345655563,"circlet_count":0,"master_deck":["AscendersBane","Strike_R","Strike_R","Strike_R","Defend_R","Defend_R","Defend_R","Defend_R","Bash","Rage+1","Hemokinesis+1","Sword Boomerang+1","Shrug It Off","Infernal Blade","Juggernaut+1","Inflame+1","Feel No Pain","Flex"],"relics":["Burning Blood","Red Skull","FaceOfCleric","Golden Idol","Ancient Tea Set","PreservedInsect","Happy Flower","Pen Nib","Runic Pyramid","Omamori","Boot","Potion Belt"],"potions_floor_usage":[8,10,11,28,30],"damage_taken":[{"damage":8,"enemies":"Jaw Worm","floor":1,"turns":5},{"damage":0,"enemies":"Small Slimes","floor":4,"turns":4},{"damage":3,"enemies":"Cultist","floor":5,"turns":3},{"damage":20,"enemies":"3 Sentries","floor":8,"turns":6},{"damage":10,"enemies":"Lagavulin","floor":10,"turns":3},{"damage":9,"enemies":"3 Sentries","floor":11,"turns":4},{"damage":10,"enemies":"Large Slime","floor":12,"turns":2},{"damage":0,"enemies":"2 Fungi Beasts","floor":14,"turns":2},{"damage":14,"enemies":"The Guardian","floor":16,"turns":5},{"damage":8,"enemies":"3 Byrds","floor":18,"turns":5},{"damage":24,"enemies":"Chosen","floor":21,"turns":5},{"damage":26,"enemies":"3 Cultists","floor":24,"turns":4},{"damage":15,"enemies":"Sentry and Sphere","floor":27,"turns":4},{"damage":14,"enemies":"Snake Plant","floor":28,"turns":2},{"damage":29,"enemies":"Shelled Parasite and Fungi","floor":30,"turns":3}],"seed_played":"-3968289832783397008","potions_obtained":[{"floor":1,"key":"Explosive Potion"},{"floor":4,"key":"Fire Potion"},{"floor":8,"key":"Block Potion"},{"floor":12,"key":"SkillPotion"},{"floor":21,"key":"SpeedPotion"},{"floor":24,"key":"Energy Potion"}],"is_trial":false,"path_per_floor":["M","?","?","M","M","R","?","E","T","E","?","M","R","M","R","B",null,"M","?","?","M","$","R","M","R","T","M","M","?","M"],"character_chosen":"IRONCLAD","items_purchased":["Feel No Pain","Omamori"],"campfire_rested":0,"item_purchase_floors":[22,22],"current_hp_per_floor":[70,63,63,70,74,74,54,41,41,38,36,33,33,40,40,33,74,73,73,73,56,56,56,37,37,37,29,22,22,0],"gold":319,"neow_bonus":"REMOVE_CARD","is_prod":false,"is_daily":false,"chose_seed":false,"campfire_upgraded":5,"win_rate":0,"timestamp":1550152629,"path_taken":["M","?","?","?","M","R","?","E","T","E","?","M","R","M","R","BOSS","M","?","?","M","$","R","M","R","T","M","M","?","M"],"build_version":"2019-01-23","purchased_purges":1,"victory":false,"max_hp_per_floor":[80,80,80,81,82,82,82,83,83,84,85,86,86,87,87,88,88,89,89,89,90,90,90,91,91,91,92,93,93,93],"card_choices":[{"not_picked":["Blood for Blood","Corruption"],"picked":"Rage","floor":1},{"not_picked":["Bloodletting","Disarm"],"picked":"Hemokinesis","floor":4},{"not_picked":["Intimidate","Body Slam","Sword Boomerang"],"picked":"SKIP","floor":5},{"not_picked":["Intimidate","Body Slam"],"picked":"Sword Boomerang","floor":5},{"not_picked":["Iron Wave","Clothesline"],"picked":"Shrug It Off","floor":8},{"not_picked":["Intimidate","Rage","Headbutt"],"picked":"SKIP","floor":10},{"not_picked":["Blood for Blood","Cleave"],"picked":"Infernal Blade","floor":11},{"not_picked":["Perfected Strike","Iron Wave","Anger"],"picked":"SKIP","floor":12},{"not_picked":["Twin Strike","Headbutt","Sentinel"],"picked":"SKIP","floor":14},{"not_picked":["Double Tap","Barricade"],"picked":"Juggernaut","floor":16},{"not_picked":["Ghostly Armor","Shrug It Off","True Grit"],"picked":"SKIP","floor":18},{"not_picked":["Warcry","Iron Wave","Clothesline"],"picked":"SKIP","floor":21},{"not_picked":["Heavy Blade","Pommel Strike+1"],"picked":"Flex","floor":24},{"not_picked":["Bludgeon","Iron Wave","Fire Breathing"],"picked":"SKIP","floor":27},{"not_picked":["Inflame","Sword Boomerang","Pommel Strike+1"],"picked":"SKIP","floor":28}],"player_experience":787432,"relics_obtained":[{"floor":8,"key":"Ancient Tea Set"},{"floor":9,"key":"PreservedInsect"},{"floor":10,"key":"Happy Flower"},{"floor":11,"key":"Pen Nib"},{"floor":26,"key":"Boot"}],"event_choices":[{"damage_healed":0,"gold_gain":0,"player_choice":"Success","damage_taken":7,"relics_obtained":["Red Skull"],"max_hp_gain":0,"max_hp_loss":0,"event_name":"Scrap Ooze","floor":2,"gold_loss":0},{"damage_healed":0,"gold_gain":0,"player_choice":"Trade","damage_taken":0,"relics_obtained":["FaceOfCleric"],"max_hp_gain":0,"max_hp_loss":0,"event_name":"FaceTrader","floor":3,"gold_loss":0},{"damage_healed":0,"gold_gain":0,"player_choice":"Take Damage","damage_taken":20,"relics_obtained":["Golden Idol"],"max_hp_gain":0,"max_hp_loss":0,"event_name":"Golden Idol","floor":7,"gold_loss":0},{"damage_healed":0,"gold_gain":0,"player_choice":"Searched \u00271\u0027 times","damage_taken":0,"max_hp_gain":0,"max_hp_loss":0,"event_name":"Dead Adventurer","floor":11,"gold_loss":0},{"damage_healed":0,"gold_gain":0,"player_choice":"Read","damage_taken":0,"max_hp_gain":0,"max_hp_loss":0,"event_name":"The Library","floor":19,"gold_loss":0,"cards_obtained":["Inflame"]},{"damage_healed":0,"gold_gain":99,"player_choice":"Stole From Cult","damage_taken":0,"max_hp_gain":0,"max_hp_loss":0,"event_name":"Nest","floor":20,"gold_loss":0},{"damage_healed":0,"gold_gain":0,"player_choice":"Obtained Relic","damage_taken":0,"relics_obtained":["Potion Belt"],"max_hp_gain":0,"max_hp_loss":0,"event_name":"Addict","floor":29,"gold_loss":85}],"is_beta":false,"boss_relics":[{"not_picked":["Mark of Pain","Black Blood"],"picked":"Runic Pyramid"}],"items_purged_floors":[22],"is_endless":false,"potions_floor_spawned":[1,4,8,12,21,24],"killed_by":"Shelled Parasite and Fungi","ascension_level":12}