{"gold_per_floor":[109,109,124,124,49,82,99,99,123,143,175,186,186,186,186,282,282,305,305,326,326,351,351,372,410,410,171,171,194,209,222,222,222],"floor_reached":33,"playtime":1189,"items_purged":["Strike_B"],"score":558,"play_id":"81f89c12-04d3-454c-b4d9-69da6051a0ae","local_time":"20190602185814","is_ascension_mode":true,"campfire_choices":[{"data":"Rampage","floor":8,"key":"SMITH"},{"data":"True Grit","floor":13,"key":"SMITH"},{"data":"Bash","floor":15,"key":"SMITH"},{"floor":23,"key":"REST"},{"floor":28,"key":"REST"},{"floor":32,"key":"REST"}],"neow_cost":"","seed_source_timestamp":0,"circlet_count":0,"master_deck":["Defend_G+1","Bash+1","Defend_R+1","Rampage+1","Defend_B","Carnage","Shrug It Off","Juggernaut+1","True Grit+1","Dark Embrace+1","Headbutt","Second Wind","Shockwave","Evolve+1","Rampage","Armaments+1"],"relics":["Burning Blood","Pocketwatch","War Paint","Dream Catcher","Bronze Scales","Frozen Egg 2","Golden Idol","Fusion Hammer","Sundial","Kunai","Oddly Smooth Stone"],"potions_floor_usage":[19,24,33,33],"damage_taken":[{"damage":1,"enemies":"Cultist","floor":1,"turns":3},{"damage":4,"enemies":"Small Slimes","floor":3,"turns":3},{"damage":24,"enemies":"Lagavulin","floor":6,"turns":5},{"damage":0,"enemies":"2 Louse","floor":7,"turns":2},{"damage":2,"enemies":"Large Slime","floor":10,"turns":4},{"damage":14,"enemies":"3 Sentries","floor":11,"turns":7},{"damage":0,"enemies":"Blue Slaver","floor":12,"turns":3},{"damage":7,"enemies":"The Guardian","floor":16,"turns":7},{"damage":19,"enemies":"Shell Parasite","floor":18,"turns":4},{"damage":18,"enemies":"Colosseum Slavers","floor":19,"turns":4},{"damage":1,"enemies":"Chosen","floor":20,"turns":4},{"damage":17,"enemies":"Sentry and Sphere","floor":22,"turns":5},{"damage":3,"enemies":"3 Cultists","floor":24,"turns":4},{"damage":21,"enemies":"Book of Stabbing","floor":25,"turns":5},{"damage":20,"enemies":"Shelled Parasite and Fungi","floor":29,"turns":4},{"damage":19,"enemies":"Sentry and Sphere","floor":30,"turns":6},{"damage":10,"enemies":"Snake Plant","floor":31,"turns":4},{"damage":41,"enemies":"Collector","floor":33,"turns":7}],"seed_played":"-9081647726662447030","potions_obtained":[{"floor":7,"key":"Energy Potion"},{"floor":11,"key":"Explosive Potion"},{"floor":18,"key":"PowerPotion"},{"floor":22,"key":"Block Potion"},{"floor":30,"key":"PowerPotion"}],"is_trial":true,"path_per_floor":["M","?","M","?","?","E","M","R","T","M","E","M","R","?","R","B",null,"M","?","M","?","M","R","M","E","T","$","R","M","M","M","R","B"],"character_chosen":"IRONCLAD","items_purchased":["Oddly Smooth Stone"],"campfire_rested":3,"item_purchase_floors":[27],"current_hp_per_floor":[73,55,57,50,50,32,38,38,38,42,34,40,40,40,40,39,61,48,36,41,41,30,50,53,38,38,38,58,44,31,27,47,6],"gold":222,"neow_bonus":"","is_prod":false,"is_daily":false,"chose_seed":false,"campfire_upgraded":3,"win_rate":0,"timestamp":1559469494,"path_taken":["M","?","M","?","?","E","M","R","T","M","E","M","R","?","R","BOSS","M","?","M","?","M","R","M","E","T","$","R","M","M","M","R","BOSS"],"build_version":"2019-01-23","purchased_purges":1,"victory":false,"max_hp_per_floor":[75,75,75,75,75,75,75,75,75,75,75,75,75,68,68,68,68,68,68,68,68,68,68,68,68,68,68,68,68,68,68,68,68],"card_choices":[{"not_picked":["Headbutt","Sword Boomerang"],"picked":"Carnage","floor":1},{"not_picked":["Clash","Hemokinesis","Searing Blow"],"picked":"SKIP","floor":3},{"not_picked":["Seeing Red","Armaments","True Grit"],"picked":"SKIP","floor":6},{"not_picked":["Seeing Red","Armaments","True Grit"],"picked":"SKIP","floor":6},{"not_picked":["Clothesline","Armaments"],"picked":"Shrug It Off","floor":7},{"not_picked":["Dropkick","Sentinel","Perfected Strike"],"picked":"SKIP","floor":10},{"not_picked":["Wild Strike","Flex"],"picked":"Juggernaut","floor":11},{"not_picked":["Thunderclap","Uppercut"],"picked":"True Grit","floor":12},{"not_picked":["Barricade+1","Double Tap"],"picked":"Dark Embrace+1","floor":16},{"not_picked":["Flex","Havoc","Pommel Strike"],"picked":"SKIP","floor":18},{"not_picked":["True Grit","Thunderclap"],"picked":"Headbutt","floor":20},{"not_picked":["Armaments","Iron Wave","Flex"],"picked":"SKIP","floor":22},{"not_picked":["Sword Boomerang","Bloodletting"],"picked":"Second Wind","floor":23},{"not_picked":["Warcry","Clash"],"picked":"Shockwave","floor":24},{"not_picked":["Rampage","Fiend Fire"],"picked":"Evolve+1","floor":25},{"not_picked":["Evolve+1","Shrug It Off"],"picked":"Rampage","floor":29},{"not_picked":["Pommel Strike","Warcry"],"picked":"Armaments+1","floor":30},{"not_picked":["Shrug It Off","Twin Strike","Exhume"],"picked":"SKIP","floor":31}],"player_experience":1051930,"relics_obtained":[{"floor":6,"key":"Dream Catcher"},{"floor":9,"key":"Bronze Scales"},{"floor":11,"key":"Frozen Egg 2"},{"floor":25,"key":"Sundial"},{"floor":26,"key":"Kunai"}],"event_choices":[{"damage_healed":0,"gold_gain":0,"player_choice":"Success","damage_taken":18,"relics_obtained":["War Paint"],"max_hp_gain":0,"max_hp_loss":0,"event_name":"Scrap Ooze","floor":2,"gold_loss":0},{"cards_removed":["Strike_G"],"damage_healed":0,"gold_gain":0,"player_choice":"Card Removal","damage_taken":7,"max_hp_gain":0,"max_hp_loss":0,"event_name":"Golden Wing","floor":4,"gold_loss":0},{"cards_removed":["Strike_B"],"damage_healed":0,"gold_gain":0,"player_choice":"Card Removal","damage_taken":0,"max_hp_gain":0,"max_hp_loss":0,"event_name":"The Cleric","floor":5,"gold_loss":75},{"damage_healed":0,"gold_gain":0,"player_choice":"Lose Max HP","damage_taken":0,"relics_obtained":["Golden Idol"],"max_hp_gain":0,"max_hp_loss":7,"event_name":"Golden Idol","floor":14,"gold_loss":0},{"damage_healed":0,"gold_gain":0,"player_choice":"Fight","damage_taken":0,"max_hp_gain":0,"max_hp_loss":0,"event_name":"Colosseum","floor":19,"gold_loss":0},{"damage_healed":0,"gold_gain":0,"player_choice":"Fled From Nobs","damage_taken":0,"max_hp_gain":0,"max_hp_loss":0,"event_name":"Colosseum","floor":19,"gold_loss":0},{"cards_removed":["Strike_G"],"damage_healed":0,"gold_gain":0,"player_choice":"Elegance","damage_taken":0,"max_hp_gain":0,"max_hp_loss":0,"event_name":"Back to Basics","floor":21,"gold_loss":0}],"is_beta":false,"boss_relics":[{"not_picked":["Tiny House","Philosopher\u0027s Stone"],"picked":"Fusion Hammer"}],"items_purged_floors":[27],"is_endless":false,"potions_floor_spawned":[7,11,12,18,22,30,31],"killed_by":"Collector","ascension_level":20}