{"gold_per_floor":[109,129,129,144,164,196,206,94,118,148,167,184,184,199,199,298,298,317,317,133,133,145,145,145,145,145,145,170,190,152,162,162,257,257,276,287,298,298,298,330,342,372,372,391,391,391,403,422,422,422],"floor_reached":51,"playtime":1608,"items_purged":["Strike_R","Strike_G"],"score":1118,"play_id":"c80e266d-8e29-488b-9afa-a5c02edf1fd2","local_time":"20190416192450","is_ascension_mode":false,"campfire_choices":[{"data":"Fiend Fire","floor":13.0,"key":"SMITH"},{"data":"Armaments","floor":15.0,"key":"SMITH"},{"data":"Feel No Pain","floor":23.0,"key":"SMITH"},{"data":"Trip","floor":25.0,"key":"SMITH"},{"data":"Corpse Explosion","floor":27.0,"key":"SMITH"},{"data":"Defend_B","floor":32.0,"key":"SMITH"},{"data":"Body Slam","floor":46,"key":"SMITH"},{"data":"Defend_G","floor":49,"key":"SMITH"}],"neow_cost":"","seed_source_timestamp":0,"circlet_count":0,"master_deck":["Trip+1","Corpse Explosion+1","Defend_G+1","Corruption+1","Battle Trance+1","Armaments+1","Defend_B+1","Hyperbeam+1","Flame Barrier+1","Fiend Fire+1","Havoc+1","Feel No Pain+1","True Grit+1","Bandage Up+1","Shrug It Off+1","Double Tap+1","Seeing Red+1","Offering+1","Body Slam+1","Second Wind+1","Power Through+1","Madness+1","Madness+1","Sentinel+1","True Grit+1"],"special_seed":0,"relics":["Burning Blood","Charon\u0027s Ashes","Burning Blood","Black Blood","Toxic Egg 2","Chemical X","Dead Branch","Blue Candle","Bag of Preparation","Oddly Smooth Stone","Sozu","Self Forming Clay","Boot","Runic Dome","Potion Belt","Bronze Scales","Gremlin Horn"],"potions_floor_usage":[50],"damage_taken":[{"damage":0.0,"enemies":"2 Louse","floor":1.0,"turns":1.0},{"damage":0.0,"enemies":"Jaw Worm","floor":2.0,"turns":2.0},{"damage":0.0,"enemies":"Small Slimes","floor":4.0,"turns":1.0},{"damage":0.0,"enemies":"Red Slaver","floor":5.0,"turns":2.0},{"damage":0.0,"enemies":"3 Sentries","floor":6.0,"turns":2.0},{"damage":0.0,"enemies":"Looter","floor":7.0,"turns":2.0},{"damage":0.0,"enemies":"Lagavulin","floor":10.0,"turns":2.0},{"damage":0.0,"enemies":"Large Slime","floor":11.0,"turns":1.0},{"damage":0.0,"enemies":"2 Fungi Beasts","floor":12.0,"turns":1.0},{"damage":0.0,"enemies":"3 Louse","floor":14.0,"turns":1.0},{"damage":0.0,"enemies":"Hexaghost","floor":16.0,"turns":4.0},{"damage":0.0,"enemies":"Spheric Guardian","floor":18.0,"turns":1.0},{"damage":0.0,"enemies":"3 Byrds","floor":22.0,"turns":1.0},{"damage":0.0,"enemies":"Book of Stabbing","floor":28.0,"turns":3.0},{"damage":0.0,"enemies":"Snake Plant","floor":29.0,"turns":1.0},{"damage":0.0,"enemies":"Centurion and Healer","floor":31.0,"turns":1.0},{"damage":0.0,"enemies":"Automaton","floor":33.0,"turns":3.0},{"damage":6.0,"enemies":"Orb Walker","floor":35.0,"turns":1.0},{"damage":6.0,"enemies":"3 Shapes","floor":36.0,"turns":1.0},{"damage":0.0,"enemies":"Maw","floor":37.0,"turns":2.0},{"damage":3.0,"enemies":"Giant Head","floor":40.0,"turns":2.0},{"damage":22.0,"enemies":"Transient","floor":41.0,"turns":5.0},{"damage":6,"enemies":"Nemesis","floor":42,"turns":1},{"damage":0,"enemies":"Spire Growth","floor":44,"turns":3},{"damage":0,"enemies":"Writhing Mass","floor":47,"turns":1},{"damage":12,"enemies":"Transient","floor":48,"turns":3},{"damage":0,"enemies":"Awakened One","floor":50,"turns":3}],"seed_played":"-7156396931601082979","potions_obtained":[{"floor":1.0,"key":"Block Potion"},{"floor":2.0,"key":"PowerPotion"},{"floor":5.0,"key":"AttackPotion"}],"is_trial":true,"path_per_floor":["M","M","?","M","M","E","M","$","T","E","M","M","R","M","R","B",null,"M","?","$","?","M","R","?","R","T","R","E","M","$","M","R","B",null,"M","M","M","$","?","E","M","E","T","M","?","R","M","M","R","B",null],"character_chosen":"IRONCLAD","items_purchased":["Feel No Pain","Bandage Up+1","Seeing Red+1"],"campfire_rested":0,"item_purchase_floors":[8,20,30],"current_hp_per_floor":[80,80,80,80,80,80,80,80,80,80,80,80,80,80,80,80,80,80,80,80,80,80,80,65,65,65,65,85,85,85,85,85,85,85,85,85,85,85,85,85,85,85,85,85,74,74,85,85,85,85],"gold":422,"neow_bonus":"","is_prod":false,"is_daily":false,"chose_seed":false,"campfire_upgraded":8,"win_rate":0,"timestamp":1555410290,"path_taken":["M","M","?","M","M","E","M","$","T","E","M","M","R","M","R","BOSS","M","?","$","?","?","R","?","R","T","R","E","M","$","M","R","BOSS","M","M","M","$","?","E","M","E","T","M","?","R","M","M","R","BOSS"],"build_version":"2019-01-23","purchased_purges":2,"victory":true,"max_hp_per_floor":[80,80,80,80,80,80,80,80,80,80,80,80,80,80,80,80,80,80,80,80,80,80,80,85,85,85,85,85,85,85,85,85,85,85,85,85,85,85,85,85,85,85,85,85,85,85,85,85,85,85],"card_choices":[{"not_picked":["Whirlwind","Carnage"],"picked":"Flame Barrier+1","floor":1.0},{"not_picked":["Wild Strike","Entrench+1","Clash"],"picked":"SKIP","floor":2.0},{"not_picked":["Iron Wave","Fire Breathing","Clothesline"],"picked":"SKIP","floor":4.0},{"not_picked":["Perfected Strike","Entrench+1","Metallicize"],"picked":"SKIP","floor":5.0},{"not_picked":["Burning Pact+1","Limit Break+1"],"picked":"Fiend Fire","floor":6.0},{"not_picked":["Iron Wave","Havoc+1","Pommel Strike"],"picked":"SKIP","floor":7.0},{"not_picked":["Iron Wave","Pommel Strike"],"picked":"Havoc+1","floor":7.0},{"not_picked":["Pommel Strike","Feel No Pain","Rampage"],"picked":"SKIP","floor":10.0},{"not_picked":["Twin Strike","Perfected Strike","Clash"],"picked":"SKIP","floor":11.0},{"not_picked":["Cleave","Clash"],"picked":"True Grit+1","floor":12.0},{"not_picked":["Flame Barrier+1","Wild Strike","Cleave"],"picked":"SKIP","floor":14.0},{"not_picked":["Limit Break+1","Feed"],"picked":"Exhume+1","floor":16.0},{"not_picked":["Havoc+1","Twin Strike+1","Armaments+1"],"picked":"SKIP","floor":18.0},{"not_picked":["Pommel Strike","Anger"],"picked":"Shrug It Off+1","floor":22.0},{"not_picked":["Twin Strike","Double Tap+1","Iron Wave+1"],"picked":"SKIP","floor":28.0},{"not_picked":["Twin Strike","Iron Wave+1"],"picked":"Double Tap+1","floor":28.0},{"not_picked":["Evolve","Headbutt+1","Twin Strike"],"picked":"SKIP","floor":29.0},{"not_picked":["Wild Strike","Cleave","Clash"],"picked":"SKIP","floor":31.0},{"not_picked":["Berserk","Feed"],"picked":"Offering+1","floor":33.0},{"not_picked":["Clash","Blood for Blood+1"],"picked":"Body Slam","floor":35.0},{"not_picked":["Wild Strike","Perfected Strike"],"picked":"Second Wind+1","floor":36.0},{"not_picked":["Sword Boomerang+1","Carnage"],"picked":"Power Through+1","floor":37.0},{"not_picked":["Armaments+1","Metallicize","Evolve+1"],"picked":"SKIP","floor":40.0},{"not_picked":["Shrug It Off+1","Rampage+1","Anger+1"],"picked":"SKIP","floor":41.0},{"not_picked":["Sword Boomerang+1","Shrug It Off+1","True Grit+1"],"picked":"SKIP","floor":42},{"not_picked":["Headbutt+1","Flame Barrier+1","Shrug It Off+1"],"picked":"SKIP","floor":44},{"not_picked":["Spot Weakness+1","Berserk"],"picked":"Sentinel+1","floor":47},{"not_picked":["Twin Strike+1","Clothesline"],"picked":"True Grit+1","floor":48}],"player_experience":911848,"relics_obtained":[{"floor":6.0,"key":"Blue Candle"},{"floor":9.0,"key":"Bag of Preparation"},{"floor":10.0,"key":"Oddly Smooth Stone"},{"floor":26.0,"key":"Self Forming Clay"},{"floor":28.0,"key":"Boot"},{"floor":40.0,"key":"Potion Belt"},{"floor":42,"key":"Bronze Scales"},{"floor":43,"key":"Gremlin Horn"}],"event_choices":[{"damage_healed":0.0,"max_hp_gain":0.0,"max_hp_loss":0.0,"gold_gain":0.0,"event_name":"Liars Game","player_choice":"Ignored","floor":3.0,"gold_loss":0.0,"damage_taken":0.0},{"cards_removed":["Strike_B"],"damage_healed":0.0,"max_hp_gain":0.0,"max_hp_loss":0.0,"gold_gain":0.0,"event_name":"Back to Basics","player_choice":"Elegance","floor":19.0,"gold_loss":0.0,"damage_taken":0.0},{"damage_healed":0.0,"max_hp_gain":0.0,"max_hp_loss":0.0,"gold_gain":0.0,"event_name":"Match and Keep!","player_choice":"0 cards matched","floor":21.0,"gold_loss":0.0,"damage_taken":0.0,"cards_obtained":[]},{"damage_healed":0.0,"max_hp_gain":5.0,"max_hp_loss":0.0,"gold_gain":0.0,"event_name":"Forgotten Altar","player_choice":"Shed Blood","floor":24.0,"gold_loss":0.0,"damage_taken":20.0},{"cards_removed":["Exhume"],"damage_healed":0.0,"max_hp_gain":0.0,"max_hp_loss":0.0,"gold_gain":0.0,"event_name":"Falling","player_choice":"Removed Skill","floor":39.0,"gold_loss":0.0,"damage_taken":0.0},{"damage_healed":0,"gold_gain":0,"player_choice":"Embrace Madness","damage_taken":11,"max_hp_gain":0,"max_hp_loss":0,"event_name":"Winding Halls","floor":45,"gold_loss":0,"cards_obtained":["Madness","Madness"]}],"is_beta":false,"boss_relics":[{"not_picked":["Orrery","Black Blood"],"picked":"Sozu"},{"not_picked":["Runic Cube","Tiny House"],"picked":"Runic Dome"}],"items_purged_floors":[8,20],"is_endless":false,"potions_floor_spawned":[1,2,5,10,22,31,35,40,47],"ascension_level":0}