{"gold_per_floor":[116,134,149,149,149,182,182,194,194,194,214,70,70,81,81,153,153,172,87,87,105,119,119,42,68,68,68,118,118,51,64,64,138,138,156,456,470,482,117,117,145,145,145,145,159,59,159,171,171,171],"floor_reached":51,"playtime":1697,"items_purged":["Strike_R","Strike_R"],"score":1248,"play_id":"b86a329a-a252-4532-8b86-af56ebf9d352","local_time":"20190410213619","is_ascension_mode":true,"campfire_choices":[{"data":"Cleave","floor":7,"key":"SMITH"},{"data":"Flame Barrier","floor":13,"key":"SMITH"},{"data":"Armaments","floor":15,"key":"SMITH"},{"data":"True Grit","floor":23,"key":"SMITH"},{"floor":27,"key":"REST"},{"data":"Writhe","floor":32,"key":"PURGE"},{"data":"Battle Trance","floor":40,"key":"SMITH"},{"data":"Demon Form","floor":44,"key":"SMITH"},{"data":"Eclipse","floor":49,"key":"SMITH"}],"neow_cost":"PERCENT_DAMAGE","seed_source_timestamp":12122973373269,"circlet_count":0,"master_deck":["AscendersBane","Strike_R","Strike_R","Strike_R+1","Defend_R","Defend_R","Defend_R","Defend_R+1","Bash","Feed","Flame Barrier+1","Clothesline","Cleave+1","Fiend Fire","Evolve","Armaments+1","Eclipse+1","Power Through","True Grit+1","Immolate","Battle Trance+1","ReplayReversal+1","Demon Form+1","Battle Trance","Heavy Blade+1"],"relics":["Burning Blood","Mercury Hourglass","Charon\u0027s Ashes","Durian","Lantern","Cursed Key","ReplayFunnel","Happy Flower","Champion Belt","ReplayTheSpireMod:Onyx Gauntlets","Pondfish Scales","Calipers"],"potions_floor_usage":[6,16,16,33,38,50],"damage_taken":[{"damage":11,"enemies":"Cultist","floor":1,"turns":4},{"damage":1,"enemies":"Small Slimes","floor":2,"turns":4},{"damage":0,"enemies":"Jaw Worm","floor":3,"turns":4},{"damage":11,"enemies":"Erikyupuro","floor":6,"turns":8},{"damage":11,"enemies":"Blue Slaver","floor":8,"turns":3},{"damage":7,"enemies":"Large Slime","floor":11,"turns":4},{"damage":0,"enemies":"3 Louse","floor":14,"turns":1},{"damage":41,"enemies":"Fading Forest","floor":16,"turns":11},{"damage":11,"enemies":"2 Thieves","floor":18,"turns":4},{"damage":21,"enemies":"Shell Parasite","floor":21,"turns":5},{"damage":2,"enemies":"Snecko","floor":22,"turns":4},{"damage":30,"enemies":"Slavers","floor":25,"turns":4},{"damage":2,"enemies":"Chosen and Byrds","floor":31,"turns":4},{"damage":19,"enemies":"Collector","floor":33,"turns":10},{"damage":19,"enemies":"3 Darklings","floor":35,"turns":4},{"damage":5,"enemies":"3 Shapes","floor":37,"turns":2},{"damage":0,"enemies":"3 Darklings","floor":38,"turns":3},{"damage":10,"enemies":"Giant Head","floor":41,"turns":8},{"damage":22,"enemies":"Writhing Mass","floor":45,"turns":6},{"damage":0,"enemies":"Mind Bloom Boss Battle","floor":47,"turns":3},{"damage":0,"enemies":"Spire Growth","floor":48,"turns":4},{"damage":2,"enemies":"Time Eater","floor":50,"turns":8}],"seed_played":"2860662286504195441","potions_obtained":[{"floor":1,"key":"Fire Potion"},{"floor":6,"key":"Adrenaline Potion"},{"floor":8,"key":"LiquidBronze"},{"floor":16,"key":"Energy Potion"},{"floor":21,"key":"Dexterity Potion"},{"floor":35,"key":"EntropicBrew"},{"floor":37,"key":"BloodPotion"},{"floor":38,"key":"PowerPotion"}],"is_trial":false,"path_per_floor":["M","M","M","?","?","E","R","M","T","?","M","$","R","M","R","B",null,"M","?","?","M","M","R","$","E","T","R","?","?","$","M","R","B",null,"M","?","M","M","$","R","E","T","T","R","M","$","?","M","R","B",null],"character_chosen":"IRONCLAD","items_purchased":["Lantern","Immolate","Battle Trance","Pondfish Scales"],"campfire_rested":1,"item_purchase_floors":[12,24,30,39],"current_hp_per_floor":[48,56,65,40,40,41,41,36,41,41,40,40,40,46,46,19,76,74,74,74,59,63,63,63,39,39,68,68,68,68,72,72,59,88,75,75,79,95,95,95,91,91,91,91,75,75,81,87,87,91],"gold":171,"neow_bonus":"THREE_RARE_CARDS","is_prod":false,"is_daily":false,"chose_seed":false,"campfire_upgraded":7,"win_rate":0,"timestamp":1554899779,"path_taken":["M","?","M","?","?","E","R","?","T","?","M","$","R","M","R","BOSS","M","?","?","M","M","R","$","E","T","R","?","?","$","M","R","BOSS","M","?","?","M","$","R","E","?","T","R","M","$","?","M","R","BOSS"],"build_version":"2019-01-23","purchased_purges":2,"victory":true,"max_hp_per_floor":[78,81,84,84,84,90,90,90,95,95,95,95,95,95,95,95,95,98,98,98,98,98,98,98,98,98,98,98,98,98,98,98,98,98,98,98,101,101,101,101,101,101,101,101,101,101,101,101,101,101],"card_choices":[{"not_picked":["Berserk","Dark Embrace"],"picked":"Feed","floor":0},{"not_picked":["Dual Wield","Pummel"],"picked":"Flame Barrier","floor":1},{"not_picked":["Anger","Wild Strike"],"picked":"Clothesline","floor":2},{"not_picked":["ReplayTheSpireMod:Strike From Hell","Thunderclap"],"picked":"Cleave","floor":3},{"not_picked":["Seeing Red","Disarm","Replay:Undeath\u0027s Touch"],"picked":"SKIP","floor":6},{"not_picked":["Replay:Undeath\u0027s Touch","Pommel Strike"],"picked":"Fiend Fire","floor":8},{"not_picked":["Iron Wave","True Grit"],"picked":"Evolve","floor":11},{"not_picked":["Warcry","Wild Strike"],"picked":"Armaments","floor":14},{"not_picked":["Hemogenesis","Impervious"],"picked":"Eclipse","floor":16},{"not_picked":["Wild Strike","Dual Wield","Thunderclap"],"picked":"SKIP","floor":18},{"not_picked":["Dual Wield","Replay:Undeath\u0027s Touch"],"picked":"Power Through","floor":21},{"not_picked":["Pommel Strike","Sword Boomerang"],"picked":"True Grit","floor":22},{"not_picked":["Clothesline","Headbutt","Run Through"],"picked":"SKIP","floor":25},{"not_picked":["Headbutt","Clothesline"],"picked":"ReplayReversal+1","floor":31},{"not_picked":["Replay:Many Hands","Limit Break"],"picked":"Demon Form","floor":33},{"not_picked":["Armaments","Wild Strike"],"picked":"Battle Trance","floor":35},{"not_picked":["Body Slam","Pummel+1","Havoc"],"picked":"SKIP","floor":37},{"not_picked":["Juggernaut","Thunderclap","Sword Boomerang"],"picked":"SKIP","floor":38},{"not_picked":["Juggernaut","Thunderclap","Sword Boomerang"],"picked":"SKIP","floor":38},{"not_picked":["Berserk","Anger","Clash"],"picked":"SKIP","floor":41},{"not_picked":["Twin Strike+1","Clash","Heavy Blade"],"picked":"SKIP","floor":45},{"not_picked":["Iron Wave+1","Replay:Undeath\u0027s Touch"],"picked":"Heavy Blade+1","floor":47},{"not_picked":["Searing Blow","Thunderclap","Pummel"],"picked":"SKIP","floor":48}],"player_experience":888344,"relics_obtained":[{"floor":5,"key":"Mercury Hourglass"},{"floor":6,"key":"Charon\u0027s Ashes"},{"floor":9,"key":"Durian"},{"floor":25,"key":"Happy Flower"},{"floor":26,"key":"Champion Belt"},{"floor":47,"key":"Calipers"}],"event_choices":[{"damage_healed":0,"gold_gain":0,"player_choice":"Entered Light","damage_taken":25,"max_hp_gain":0,"max_hp_loss":0,"event_name":"Shining Light","floor":4,"gold_loss":0,"cards_upgraded":["Strike_R","Defend_R"]},{"damage_healed":0,"gold_gain":0,"player_choice":"Relic","damage_taken":0,"max_hp_gain":0,"max_hp_loss":0,"event_name":"Wheel of Change","floor":5,"gold_loss":0},{"damage_healed":0,"gold_gain":0,"player_choice":"Ignored","damage_taken":0,"max_hp_gain":0,"max_hp_loss":0,"event_name":"Liars Game","floor":10,"gold_loss":0},{"damage_healed":0,"gold_gain":0,"player_choice":"Obtained Relic","damage_taken":0,"relics_obtained":["ReplayFunnel"],"max_hp_gain":0,"max_hp_loss":0,"event_name":"Addict","floor":19,"gold_loss":85},{"damage_healed":0,"gold_gain":0,"player_choice":"Ignored","damage_taken":0,"max_hp_gain":0,"max_hp_loss":0,"event_name":"Ghosts","floor":20,"gold_loss":0},{"damage_healed":0,"gold_gain":50,"player_choice":"Stole From Cult","damage_taken":0,"max_hp_gain":0,"max_hp_loss":0,"event_name":"Nest","floor":28,"gold_loss":0},{"damage_healed":0,"gold_gain":0,"player_choice":"Ignored","damage_taken":0,"max_hp_gain":0,"max_hp_loss":0,"event_name":"The Mausoleum","floor":29,"gold_loss":0},{"damage_healed":0,"gold_gain":300,"player_choice":"Gold","damage_taken":0,"max_hp_gain":0,"max_hp_loss":0,"event_name":"Wheel of Change","floor":36,"gold_loss":0},{"damage_healed":0,"gold_gain":0,"player_choice":"Fight","damage_taken":0,"max_hp_gain":0,"max_hp_loss":0,"event_name":"MindBloom","floor":47,"gold_loss":0}],"is_beta":false,"boss_relics":[{"not_picked":["Painkiller Herb","Runic Pyramid"],"picked":"Cursed Key"},{"not_picked":["Astrolabe","Sozu"],"picked":"ReplayTheSpireMod:Onyx Gauntlets"}],"items_purged_floors":[39,46],"is_endless":false,"potions_floor_spawned":[1,6,8,16,21,25,31,35,37,38,48],"ascension_level":15}