{"gold_per_floor":[116,66,77,130,146,176,176,210,210,32,32,109,109,109,109,213,213,225,225,400,325,325,325,75,113,136,170,212,212,249,282,282,402,402,444,488,337,337,337,337,368,368,395,395,415,415,460,478,478,478],"floor_reached":51,"playtime":1808,"items_purged":["Armaments"],"score":758,"play_id":"8413b00d-3d3e-4a0e-9044-86dc15177183","local_time":"20190429084643","daily_mods":["SealedDeck"],"is_ascension_mode":false,"campfire_choices":[{"data":"Rampage","floor":7,"key":"SMITH"},{"data":"Armaments","floor":15,"key":"SMITH"},{"data":"Offering","floor":23,"key":"SMITH"},{"data":"Shrug It Off","floor":29,"key":"SMITH"},{"floor":32,"key":"REST"},{"data":"Battle Trance","floor":40,"key":"SMITH"},{"floor":44,"key":"REST"},{"data":"Feel No Pain","floor":49,"key":"SMITH"}],"neow_cost":"","seed_source_timestamp":1217400274244,"circlet_count":0,"master_deck":["Dual Wield","Ghostly Armor+1","Armaments+1","Thunderclap+1","Flame Barrier","Rampage+1","HandOfGreed","Offering+1","Feel No Pain+1","Intimidate","Second Wind+1","Shrug It Off+1","Battle Trance+1","Juggernaut","Sentinel+1","Master of Strategy","Madness","Clothesline","Power Through","Juggernaut"],"relics":["Burning Blood","Omamori","Oddly Smooth Stone","Strawberry","Juzu Bracelet","Gambling Chip","Anchor","Runic Pyramid","Pocketwatch","Pantograph","Question Card","War Paint","Mark of Pain","Kunai","Vajra"],"potions_floor_usage":[18,20,50],"damage_taken":[{"damage":6,"enemies":"Jaw Worm","floor":1,"turns":2},{"damage":1,"enemies":"Cultist","floor":3,"turns":3},{"damage":5,"enemies":"Small Slimes","floor":5,"turns":2},{"damage":20,"enemies":"3 Sentries","floor":6,"turns":8},{"damage":13,"enemies":"Lagavulin","floor":8,"turns":5},{"damage":3,"enemies":"3 Sentries","floor":12,"turns":6},{"damage":26,"enemies":"The Guardian","floor":16,"turns":10},{"damage":6,"enemies":"Spheric Guardian","floor":18,"turns":1},{"damage":0,"enemies":"Colosseum Slavers","floor":20,"turns":3},{"damage":24,"enemies":"Colosseum Nobs","floor":20,"turns":4},{"damage":6,"enemies":"Chosen","floor":25,"turns":4},{"damage":6,"enemies":"Snake Plant","floor":27,"turns":3},{"damage":0,"enemies":"Centurion and Healer","floor":28,"turns":4},{"damage":16,"enemies":"Cultist and Chosen","floor":30,"turns":5},{"damage":18,"enemies":"Snake Plant","floor":31,"turns":4},{"damage":21,"enemies":"Champ","floor":33,"turns":9},{"damage":6,"enemies":"3 Darklings","floor":35,"turns":4},{"damage":6,"enemies":"Orb Walker","floor":36,"turns":3},{"damage":39,"enemies":"Reptomancer","floor":41,"turns":5},{"damage":9,"enemies":"Transient","floor":45,"turns":5},{"damage":6,"enemies":"Spire Growth","floor":47,"turns":4},{"damage":6,"enemies":"Maw","floor":48,"turns":4},{"damage":6,"enemies":"Time Eater","floor":50,"turns":9}],"seed_played":"-6215458379087311986","potions_obtained":[{"floor":5,"key":"FearPotion"},{"floor":8,"key":"FearPotion"},{"floor":18,"key":"Fruit Juice"},{"floor":30,"key":"AttackPotion"},{"floor":35,"key":"Strength Potion"},{"floor":48,"key":"BloodPotion"}],"is_trial":true,"path_per_floor":["M","?","M","T","M","E","R","E","T","$","?","?","?","?","R","B",null,"M","?","?","?","?","R","$","M","T","M","M","R","M","M","R","B",null,"M","M","$","?","?","R","E","?","T","R","M","?","M","M","R","B",null],"character_chosen":"IRONCLAD","items_purchased":["HandOfGreed","Question Card","GamblersBrew"],"campfire_rested":2,"item_purchase_floors":[10,24,37],"current_hp_per_floor":[80,80,80,80,80,66,66,66,66,66,63,66,66,49,49,29,87,92,92,74,74,74,74,74,74,74,74,80,80,70,58,85,77,92,92,92,92,82,82,82,49,49,49,75,72,72,72,72,72,87],"gold":478,"neow_bonus":"","is_prod":false,"is_daily":false,"chose_seed":false,"campfire_upgraded":6,"win_rate":0,"timestamp":1556495203,"path_taken":["M","?","M","?","M","E","R","E","T","$","?","?","?","?","R","BOSS","M","?","?","?","?","R","$","M","T","M","M","R","M","M","R","BOSS","M","M","$","?","?","R","E","?","T","R","M","?","M","M","R","BOSS"],"build_version":"2019-01-23","purchased_purges":1,"victory":true,"max_hp_per_floor":[80,80,80,80,80,80,80,87,87,87,87,87,87,87,87,87,87,92,92,92,92,92,92,92,92,92,92,92,92,92,92,92,92,92,92,92,92,92,92,92,92,87,87,87,87,87,87,87,87,87],"card_choices":[{"not_picked":["Clash","Anger","True Grit"],"picked":"SKIP","floor":1},{"not_picked":["Rupture","Wild Strike"],"picked":"Flame Barrier","floor":3},{"not_picked":["Anger","Havoc","Corruption"],"picked":"SKIP","floor":5},{"not_picked":["Power Through","Searing Blow"],"picked":"Rampage","floor":6},{"not_picked":["Iron Wave","Hemokinesis","Wild Strike"],"picked":"SKIP","floor":8},{"not_picked":["Impervious","Bludgeon"],"picked":"Offering","floor":16},{"not_picked":["Heavy Blade","Body Slam","Bloodletting"],"picked":"SKIP","floor":18},{"not_picked":["Thunderclap","Cleave","Perfected Strike"],"picked":"Second Wind","floor":25},{"not_picked":["True Grit+1","Twin Strike","Body Slam","Iron Wave"],"picked":"SKIP","floor":27},{"not_picked":["Pommel Strike","Clothesline+1","Anger"],"picked":"Shrug It Off","floor":28},{"not_picked":["Pommel Strike","Corruption+1","Flex"],"picked":"Battle Trance","floor":30},{"not_picked":["Flex","Entrench","Thunderclap","Uppercut"],"picked":"SKIP","floor":31},{"not_picked":["Berserk","Feed","Immolate"],"picked":"Juggernaut","floor":33},{"not_picked":["Iron Wave","Warcry","Combust+1","Perfected Strike"],"picked":"SKIP","floor":35},{"not_picked":["Entrench","Rampage+1","Burning Pact"],"picked":"Sentinel+1","floor":36},{"not_picked":["Flash of Steel","Forethought","Mind Blast"],"picked":"Master of Strategy","floor":38},{"not_picked":["Blind","Panacea","Enlightenment"],"picked":"Madness","floor":38},{"not_picked":["Clothesline+1","Twin Strike+1","Armaments+1","Wild Strike+1"],"picked":"SKIP","floor":41},{"not_picked":["Whirlwind","Pommel Strike+1","Anger+1"],"picked":"Power Through","floor":45},{"not_picked":["Perfected Strike","Twin Strike+1","Flex"],"picked":"Juggernaut","floor":47},{"not_picked":["Spot Weakness+1","Entrench","Heavy Blade","Anger+1"],"picked":"SKIP","floor":48}],"player_experience":979831,"relics_obtained":[{"floor":4,"key":"Omamori"},{"floor":6,"key":"Oddly Smooth Stone"},{"floor":8,"key":"Strawberry"},{"floor":9,"key":"Juzu Bracelet"},{"floor":20,"key":"Pocketwatch"},{"floor":20,"key":"Pantograph"},{"floor":26,"key":"War Paint"},{"floor":41,"key":"Kunai"},{"floor":43,"key":"Vajra"}],"event_choices":[{"cards_removed":["Sword Boomerang"],"damage_healed":0,"gold_gain":0,"player_choice":"Card Removal","damage_taken":0,"max_hp_gain":0,"max_hp_loss":0,"event_name":"The Cleric","floor":2,"gold_loss":50},{"damage_healed":0,"gold_gain":0,"player_choice":"Success","damage_taken":3,"relics_obtained":["Gambling Chip"],"max_hp_gain":0,"max_hp_loss":0,"event_name":"Scrap Ooze","floor":11,"gold_loss":0},{"damage_healed":0,"gold_gain":0,"player_choice":"Searched \u00272\u0027 times","damage_taken":0,"relics_obtained":["Anchor"],"max_hp_gain":0,"max_hp_loss":0,"event_name":"Dead Adventurer","floor":12,"gold_loss":0},{"damage_healed":0,"gold_gain":0,"player_choice":"Ignored","damage_taken":0,"max_hp_gain":0,"max_hp_loss":0,"event_name":"Liars Game","floor":13,"gold_loss":0},{"damage_healed":0,"gold_gain":0,"player_choice":"Entered Light","damage_taken":17,"max_hp_gain":0,"max_hp_loss":0,"event_name":"Shining Light","floor":14,"gold_loss":0,"cards_upgraded":["Ghostly Armor","Thunderclap"]},{"damage_healed":0,"gold_gain":0,"cards_transformed":["Carnage","Clothesline"],"player_choice":"Became Test Subject","damage_taken":0,"max_hp_gain":0,"max_hp_loss":0,"event_name":"Drug Dealer","floor":19,"gold_loss":0,"cards_obtained":["Feel No Pain","Intimidate"]},{"damage_healed":0,"gold_gain":0,"player_choice":"Fight","damage_taken":0,"max_hp_gain":0,"max_hp_loss":0,"event_name":"Colosseum","floor":20,"gold_loss":0},{"damage_healed":0,"gold_gain":0,"player_choice":"Fought Nobs","damage_taken":0,"max_hp_gain":0,"max_hp_loss":0,"event_name":"Colosseum","floor":20,"gold_loss":0},{"cards_removed":["Twin Strike"],"damage_healed":0,"gold_gain":0,"player_choice":"Gave Gold","damage_taken":0,"max_hp_gain":0,"max_hp_loss":0,"event_name":"Beggar","floor":21,"gold_loss":75},{"damage_healed":0,"gold_gain":0,"player_choice":"Ignored","damage_taken":0,"max_hp_gain":0,"max_hp_loss":0,"event_name":"Ghosts","floor":22,"gold_loss":0},{"damage_healed":0,"gold_gain":0,"player_choice":"Memory 3","damage_taken":10,"max_hp_gain":0,"max_hp_loss":0,"event_name":"SensoryStone","floor":38,"gold_loss":0},{"damage_healed":0,"gold_gain":0,"cards_transformed":["Infernal Blade"],"player_choice":"Transformed","damage_taken":0,"max_hp_gain":0,"max_hp_loss":0,"event_name":"Transmorgrifier","floor":39,"gold_loss":0,"cards_obtained":["Clothesline"]},{"damage_healed":0,"gold_gain":0,"player_choice":"Max HP","damage_taken":0,"max_hp_gain":0,"max_hp_loss":5,"event_name":"Winding Halls","floor":42,"gold_loss":0},{"damage_healed":0,"gold_gain":0,"player_choice":"Leave","damage_taken":0,"max_hp_gain":0,"max_hp_loss":0,"event_name":"FaceTrader","floor":46,"gold_loss":0}],"is_beta":false,"boss_relics":[{"not_picked":["Runic Dome","Lizard Tail"],"picked":"Runic Pyramid"},{"not_picked":["Empty Cage","Tiny House"],"picked":"Mark of Pain"}],"items_purged_floors":[37],"is_endless":false,"potions_floor_spawned":[5,8,18,20,30,35,41,47,48],"ascension_level":0}