{"gold_per_floor":[17,31,45,60,79,79,97,97,121,121,139,162,177,190,190,264,264,277,37,0,0,10,10,29,41,67,67,84,103,103,114,114,193,193,208,208,34,44,59,59,77,94,148,40,40,50,50,84,84,84],"floor_reached":51,"playtime":1494,"items_purged":["Strike_R","Strike_R"],"score":1151,"play_id":"66eacad1-84a1-4fc9-850f-976d4b45b861","local_time":"20190606202911","is_ascension_mode":true,"campfire_choices":[{"data":"1","floor":6.0,"key":"LIFT"},{"data":"2","floor":8.0,"key":"LIFT"},{"data":"3","floor":15.0,"key":"LIFT"},{"data":"Sword Boomerang","floor":23.0,"key":"SMITH"},{"data":"Evolve","floor":27.0,"key":"SMITH"},{"data":"Shockwave","floor":30.0,"key":"SMITH"},{"data":"Whirlwind","floor":32.0,"key":"SMITH"},{"data":"Inflame","floor":40.0,"key":"SMITH"},{"data":"Armaments","floor":47,"key":"SMITH"},{"floor":49,"key":"REST"}],"neow_cost":"NO_GOLD","seed_source_timestamp":2040754482057,"circlet_count":0,"master_deck":["AscendersBane","Strike_R","Strike_R","Defend_R","Defend_R","Defend_R","Defend_R","Bash","Inflame+1","Anger","Combust","Power Through","Disarm","Sword Boomerang+1","Exhume","Disarm","Evolve+1","Shockwave+1","Whirlwind+1","Immolate","Shrug It Off","Iron Wave","Reaper","Flame Barrier","Shrug It Off","True Grit+1","Reaper","Armaments+1"],"special_seed":0,"relics":["Burning Blood","Girya","Centennial Puzzle","Meat on the Bone","Odd Mushroom","Sozu","Membership Card","Potion Belt","Mark of Pain","Happy Flower","DollysMirror","Toxic Egg 2"],"potions_floor_usage":[],"damage_taken":[{"damage":15.0,"enemies":"Cultist","floor":1.0,"turns":5.0},{"damage":14.0,"enemies":"2 Louse","floor":2.0,"turns":3.0},{"damage":4.0,"enemies":"Jaw Worm","floor":3.0,"turns":3.0},{"damage":12.0,"enemies":"Exordium Thugs","floor":4.0,"turns":3.0},{"damage":15.0,"enemies":"Gremlin Gang","floor":5.0,"turns":4.0},{"damage":8.0,"enemies":"Blue Slaver","floor":7.0,"turns":3.0},{"damage":10.0,"enemies":"Exordium Thugs","floor":11.0,"turns":4.0},{"damage":23.0,"enemies":"The Mushroom Lair","floor":12.0,"turns":3.0},{"damage":0.0,"enemies":"Large Slime","floor":13.0,"turns":4.0},{"damage":17.0,"enemies":"3 Louse","floor":14.0,"turns":3.0},{"damage":45.0,"enemies":"Hexaghost","floor":16.0,"turns":11.0},{"damage":15.0,"enemies":"Shell Parasite","floor":18.0,"turns":5.0},{"damage":7.0,"enemies":"Chosen","floor":22.0,"turns":3.0},{"damage":6.0,"enemies":"Snake Plant","floor":24.0,"turns":5.0},{"damage":16.0,"enemies":"Snecko","floor":25.0,"turns":5.0},{"damage":8.0,"enemies":"Cultist and Chosen","floor":28.0,"turns":5.0},{"damage":28.0,"enemies":"3 Cultists","floor":29.0,"turns":5.0},{"damage":13.0,"enemies":"Centurion and Healer","floor":31.0,"turns":6.0},{"damage":29.0,"enemies":"Collector","floor":33.0,"turns":10.0},{"damage":25.0,"enemies":"3 Shapes","floor":35.0,"turns":2.0},{"damage":8.0,"enemies":"3 Darklings","floor":38.0,"turns":4.0},{"damage":34.0,"enemies":"Jaw Worm Horde","floor":39.0,"turns":5.0},{"damage":11.0,"enemies":"Sphere and 2 Shapes","floor":41.0,"turns":4.0},{"damage":0,"enemies":"3 Darklings","floor":42,"turns":2},{"damage":12,"enemies":"Writhing Mass","floor":46,"turns":9},{"damage":38,"enemies":"Giant Head","floor":48,"turns":9},{"damage":61,"enemies":"Time Eater","floor":50,"turns":13}],"seed_played":"1611774810254731628","potions_obtained":[{"floor":1.0,"key":"Swift Potion"},{"floor":3.0,"key":"PowerPotion"},{"floor":5.0,"key":"GamblersBrew"},{"floor":12.0,"key":"SmokeBomb"}],"is_trial":false,"path_per_floor":["M","M","M","M","M","R","M","R","T","T","M","?","M","M","R","B",null,"M","$","?","$","M","R","M","M","T","R","M","M","R","M","R","B",null,"M","?","$","M","M","R","M","M","T","$","?","M","R","E","R","B",null],"character_chosen":"IRONCLAD","items_purchased":["Membership Card","Reaper","Flame Barrier","Shrug It Off","DollysMirror","Armaments"],"campfire_rested":1,"item_purchase_floors":[19,37,37,37,44,44],"current_hp_per_floor":[59,51,53,47,38,38,36,36,36,36,44,39,45,46,46,19,61,52,52,52,52,51,51,51,53,53,53,51,41,41,46,46,35,65,46,46,46,44,46,46,53,59,59,59,59,71,71,51,71,48],"gold":84,"neow_bonus":"ONE_RARE_RELIC","is_prod":false,"is_daily":false,"chose_seed":false,"campfire_upgraded":6,"win_rate":0,"timestamp":1559820551,"path_taken":["M","?","M","?","M","R","M","R","T","?","M","?","M","M","R","BOSS","M","$","?","?","M","R","M","?","T","R","M","M","R","M","R","BOSS","M","?","$","M","M","R","M","M","T","?","?","M","R","E","R","BOSS"],"build_version":"2019-01-23","purchased_purges":2,"victory":true,"max_hp_per_floor":[75,75,75,75,75,75,75,75,75,75,75,75,75,75,75,75,75,75,75,75,75,75,75,75,75,75,75,75,75,75,75,75,75,75,75,75,75,75,75,75,75,75,75,75,71,71,71,71,71,71],"card_choices":[{"not_picked":["Second Wind","Disarm"],"picked":"Inflame","floor":1.0},{"not_picked":["Reckless Charge","Shrug It Off"],"picked":"Anger","floor":2.0},{"not_picked":["Clash","Cleave","Anger"],"picked":"SKIP","floor":3.0},{"not_picked":["Perfected Strike","Warcry","Dual Wield"],"picked":"SKIP","floor":4.0},{"not_picked":["Sever Soul","True Grit"],"picked":"Combust","floor":5.0},{"not_picked":["True Grit","Twin Strike"],"picked":"Power Through","floor":7.0},{"not_picked":["True Grit","Reckless Charge"],"picked":"Disarm","floor":11.0},{"not_picked":["Blood for Blood","Sentinel"],"picked":"Sword Boomerang","floor":13.0},{"not_picked":["Armaments","Entrench","Thunderclap"],"picked":"SKIP","floor":14.0},{"not_picked":["Berserk","Barricade"],"picked":"Exhume","floor":16.0},{"not_picked":["Disarm","Rage","Combust"],"picked":"SKIP","floor":18.0},{"not_picked":["Rage","Combust"],"picked":"Disarm","floor":18.0},{"not_picked":["True Grit","Heavy Blade","Body Slam"],"picked":"SKIP","floor":22.0},{"not_picked":["Warcry","Clothesline","Fire Breathing"],"picked":"SKIP","floor":24.0},{"not_picked":["Cleave+1","Carnage"],"picked":"Evolve","floor":25.0},{"not_picked":["Clash","Flex","Disarm"],"picked":"SKIP","floor":28.0},{"not_picked":["Havoc","Twin Strike"],"picked":"Shockwave","floor":29.0},{"not_picked":["Dual Wield","Flame Barrier"],"picked":"Whirlwind","floor":31.0},{"not_picked":["Fiend Fire","Demon Form"],"picked":"Immolate","floor":33.0},{"not_picked":["Cleave","Metallicize"],"picked":"Shrug It Off","floor":35.0},{"not_picked":["Anger","Wild Strike"],"picked":"True Grit+1","floor":38.0},{"not_picked":["Ghostly Armor","Cleave","Hemokinesis"],"picked":"SKIP","floor":39.0},{"not_picked":["Havoc","Iron Wave","Cleave+1"],"picked":"SKIP","floor":41.0},{"not_picked":["Twin Strike","Cleave","Berserk"],"picked":"SKIP","floor":42},{"not_picked":["Twin Strike","Shrug It Off","Spot Weakness"],"picked":"SKIP","floor":46},{"not_picked":["Warcry","Body Slam","Anger+1"],"picked":"SKIP","floor":48}],"player_experience":1060055,"relics_obtained":[{"floor":9.0,"key":"Centennial Puzzle"},{"floor":10.0,"key":"Meat on the Bone"},{"floor":12.0,"key":"Odd Mushroom"},{"floor":26.0,"key":"Potion Belt"},{"floor":43,"key":"Happy Flower"},{"floor":48,"key":"Toxic Egg 2"}],"event_choices":[{"damage_healed":0.0,"max_hp_gain":0.0,"max_hp_loss":0.0,"gold_gain":0.0,"event_name":"Mushrooms","player_choice":"Fought Mushrooms","floor":12.0,"gold_loss":0.0,"damage_taken":0.0},{"damage_healed":0.0,"max_hp_gain":0.0,"max_hp_loss":0.0,"gold_gain":0.0,"event_name":"Masked Bandits","player_choice":"Paid Fearfully","floor":20.0,"gold_loss":37.0,"damage_taken":0.0},{"damage_healed":0.0,"max_hp_gain":0.0,"max_hp_loss":0.0,"gold_gain":0.0,"cards_transformed":["Strike_R"],"event_name":"Transmorgrifier","player_choice":"Transformed","floor":36.0,"gold_loss":0.0,"damage_taken":0.0,"cards_obtained":["Iron Wave"]},{"damage_healed":0,"gold_gain":0,"player_choice":"Max HP","damage_taken":0,"max_hp_gain":0,"max_hp_loss":4,"event_name":"Winding Halls","floor":45,"gold_loss":0}],"is_beta":false,"boss_relics":[{"not_picked":["White Beast Statue","Fusion Hammer"],"picked":"Sozu"},{"not_picked":["Black Star","Black Blood"],"picked":"Mark of Pain"}],"items_purged_floors":[19,37],"is_endless":false,"potions_floor_spawned":[1,3,5,12,18,22,31,33,35,38,39],"ascension_level":15}