{"gold_per_floor":[110,110,134,159,174,174,197,197,197,212,231,250,250,250],"floor_reached":14,"playtime":271,"items_purged":[],"score":172,"play_id":"2e58bb53-7d49-4768-84d8-fff72b477b37","local_time":"20190508223347","is_ascension_mode":true,"campfire_choices":[{"data":"Whirlwind","floor":6,"key":"SMITH"},{"floor":8,"key":"REST"}],"neow_cost":"NONE","seed_source_timestamp":20299410987658,"circlet_count":0,"master_deck":["AscendersBane","Strike_R","Strike_R","Strike_R","Strike_R","Defend_R","Defend_R","Defend_R","Defend_R","Bash","Dark Embrace","Whirlwind+1","True Grit","Wild Strike","Inflame","Flex","Havoc","Rampage+1"],"special_seed":0,"relics":["Burning Blood","Golden Idol","The Courier"],"potions_floor_usage":[5,5],"damage_taken":[{"damage":3.0,"enemies":"2 Louse","floor":1.0,"turns":4.0},{"damage":15.0,"enemies":"Small Slimes","floor":3.0,"turns":3.0},{"damage":17.0,"enemies":"Cultist","floor":4.0,"turns":5.0},{"damage":0,"enemies":"Gremlin Gang","floor":5,"turns":1},{"damage":12,"enemies":"Blue Slaver","floor":7,"turns":5},{"damage":29,"enemies":"Large Slime","floor":10,"turns":7},{"damage":11,"enemies":"Red Slaver","floor":11,"turns":3},{"damage":11,"enemies":"Exordium Wildlife","floor":12,"turns":3},{"damage":18,"enemies":"Lagavulin","floor":14,"turns":4}],"seed_played":"2358751185469996131","potions_obtained":[{"floor":1.0,"key":"Swift Potion"},{"floor":4.0,"key":"Strength Potion"}],"is_trial":false,"path_per_floor":["M","?","M","M","M","R","M","R","T","M","M","M","?","E"],"character_chosen":"IRONCLAD","items_purchased":[],"campfire_rested":1,"item_purchase_floors":[],"current_hp_per_floor":[71,45,36,25,31,31,25,47,47,24,19,14,14,0],"gold":250,"neow_bonus":"TRANSFORM_CARD","is_prod":false,"is_daily":false,"chose_seed":false,"campfire_upgraded":1,"win_rate":0,"timestamp":1557322427,"path_taken":["M","?","M","M","M","R","M","R","T","M","M","M","?","E"],"build_version":"2019-01-23","purchased_purges":0,"victory":false,"max_hp_per_floor":[75,75,75,75,75,75,75,75,75,75,75,75,75,75],"card_choices":[{"not_picked":["Dropkick","Shrug It Off"],"picked":"Whirlwind","floor":1.0},{"not_picked":["Clash","Iron Wave"],"picked":"True Grit","floor":3.0},{"not_picked":["Sword Boomerang","Flame Barrier"],"picked":"Wild Strike","floor":4.0},{"not_picked":["Shrug It Off","Searing Blow"],"picked":"Inflame","floor":5},{"not_picked":["Twin Strike","Warcry","Anger"],"picked":"SKIP","floor":7},{"not_picked":["Brutality","Shrug It Off"],"picked":"Flex","floor":10},{"not_picked":["Pommel Strike","Disarm"],"picked":"Havoc","floor":11},{"not_picked":["True Grit","Pommel Strike"],"picked":"Rampage","floor":12}],"player_experience":1008541,"relics_obtained":[{"floor":9,"key":"The Courier"}],"event_choices":[{"damage_healed":0.0,"max_hp_gain":0.0,"max_hp_loss":0.0,"gold_gain":0.0,"event_name":"Golden Idol","player_choice":"Take Damage","floor":2.0,"gold_loss":0.0,"damage_taken":26.0,"relics_obtained":["Golden Idol"]},{"damage_healed":0,"gold_gain":0,"player_choice":"Upgraded","damage_taken":0,"max_hp_gain":0,"max_hp_loss":0,"event_name":"Upgrade Shrine","floor":13,"gold_loss":0,"cards_upgraded":["Rampage"]}],"is_beta":false,"boss_relics":[],"items_purged_floors":[],"is_endless":false,"potions_floor_spawned":[1,4],"killed_by":"Lagavulin","ascension_level":20}