{"gold_per_floor":[116,128,144,157,157,157,185,185,185,216,231,306,46,11,11,86,86,102,17,17,17,28,28,28],"floor_reached":24,"playtime":797,"items_purged":["Strike_R"],"score":367,"play_id":"79cc7651-77e1-46c7-a183-b99954c8293f","local_time":"20190410215028","is_ascension_mode":true,"campfire_choices":[{"data":"Bludgeon","floor":6.0,"key":"SMITH"},{"data":"Battle Trance","floor":8.0,"key":"SMITH"},{"data":"Rage","floor":15,"key":"SMITH"},{"data":"Infernal Blade","floor":23,"key":"SMITH"}],"neow_cost":"PERCENT_DAMAGE","seed_source_timestamp":13865174345555,"circlet_count":0,"master_deck":["AscendersBane","Strike_R","Defend_R","Defend_R","Defend_R","Bash","Bludgeon+1","Rage+1","Run Through","Battle Trance+1","Infernal Blade+1","Ghostly Armor","Impatience","Limit Break","Body Slam","Shrug It Off"],"special_seed":0,"relics":["Burning Blood","Incense Burner","Gambling Chip","Charon\u0027s Ashes","Replay:Drink Me","ReplayTheSpireMod:Bottled Flurry"],"potions_floor_usage":[10,16,24,24],"damage_taken":[{"damage":0.0,"enemies":"Cultist","floor":1.0,"turns":3.0},{"damage":6.0,"enemies":"Jaw Worm","floor":2.0,"turns":2.0},{"damage":1.0,"enemies":"Small Slimes","floor":3.0,"turns":4.0},{"damage":3.0,"enemies":"3 Louse","floor":4.0,"turns":4.0},{"damage":32.0,"enemies":"Erikyupuro","floor":7.0,"turns":11.0},{"damage":11,"enemies":"Lagavulin","floor":10,"turns":3},{"damage":0,"enemies":"2 Fungi Beasts","floor":11,"turns":2},{"damage":53,"enemies":"Fading Forest","floor":16,"turns":11},{"damage":16,"enemies":"Spheric Guardian","floor":18,"turns":4},{"damage":15,"enemies":"2 Thieves","floor":22,"turns":4},{"damage":17,"enemies":"Book of Stabbing","floor":24,"turns":7}],"seed_played":"-4455530188037784318","potions_obtained":[{"floor":3.0,"key":"FearPotion"},{"floor":10,"key":"Energy Potion"},{"floor":16,"key":"Swift Potion"},{"floor":18,"key":"Explosive Potion"},{"floor":22,"key":"Energy Potion"}],"is_trial":false,"path_per_floor":["M","M","M","M","?","R","E","R","T","E","M","?","$","?","R","B",null,"M","?","?","$","M","R","E"],"character_chosen":"IRONCLAD","items_purchased":["Ghostly Armor","Impatience"],"campfire_rested":0,"item_purchase_floors":[13,13],"current_hp_per_floor":[56,56,61,64,57,57,31,31,31,26,32,21,21,39,39,8,45,35,35,35,35,26,26,9],"gold":28,"neow_bonus":"THREE_RARE_CARDS","is_prod":false,"is_daily":false,"chose_seed":false,"campfire_upgraded":4,"win_rate":0,"timestamp":1554900628,"path_taken":["M","?","M","?","?","R","E","R","T","E","M","?","$","?","R","BOSS","M","?","?","$","?","R","E"],"build_version":"2019-01-23","purchased_purges":1,"victory":false,"max_hp_per_floor":[75,75,75,75,75,75,75,75,75,75,75,75,75,75,75,75,57,57,57,57,57,57,57,57],"card_choices":[{"not_picked":["Offering","Brutality"],"picked":"Bludgeon","floor":0.0},{"not_picked":["Twin Strike","Metallicize"],"picked":"Rage","floor":1.0},{"not_picked":["Life Link","Defy Death"],"picked":"Run Through","floor":2.0},{"not_picked":["Perfected Strike","Iron Wave","ReplayReversal"],"picked":"SKIP","floor":3.0},{"not_picked":["ReplayTheSpireMod:Limb From Limb","Perfected Strike"],"picked":"Battle Trance","floor":4.0},{"not_picked":["Clothesline","Power Through","Thunderclap"],"picked":"SKIP","floor":7.0},{"not_picked":["Searing Blow","Pommel Strike","ReplayTheSpireMod:Muscle Training"],"picked":"SKIP","floor":10},{"not_picked":["Entrench","Burning Pact"],"picked":"Infernal Blade","floor":11},{"not_picked":["Hemogenesis","Impervious"],"picked":"Limit Break","floor":16},{"not_picked":["Wild Strike","Pommel Strike+1"],"picked":"Body Slam","floor":18},{"not_picked":["Armaments","Bloodletting"],"picked":"Shrug It Off","floor":22}],"player_experience":890041,"relics_obtained":[{"floor":7.0,"key":"Incense Burner"},{"floor":9.0,"key":"Gambling Chip"},{"floor":10,"key":"Charon\u0027s Ashes"}],"event_choices":[{"cards_removed":["Strike_R"],"damage_healed":0.0,"max_hp_gain":0.0,"max_hp_loss":0.0,"gold_gain":0.0,"event_name":"Golden Wing","player_choice":"Card Removal","floor":5.0,"gold_loss":0.0,"damage_taken":7.0},{"damage_healed":0,"gold_gain":75,"player_choice":"Gather Gold","damage_taken":11,"max_hp_gain":0,"max_hp_loss":0,"event_name":"World of Goop","floor":12,"gold_loss":0},{"damage_healed":18,"gold_gain":0,"player_choice":"Healed","damage_taken":0,"max_hp_gain":0,"max_hp_loss":0,"event_name":"The Cleric","floor":14,"gold_loss":35},{"damage_healed":0,"gold_gain":0,"player_choice":"Obtained Relic","damage_taken":0,"relics_obtained":["ReplayTheSpireMod:Bottled Flurry"],"max_hp_gain":0,"max_hp_loss":0,"event_name":"Addict","floor":19,"gold_loss":85}],"is_beta":false,"boss_relics":[{"not_picked":["Abe\u0027s Treasure","Ectoplasm"],"picked":"Replay:Drink Me"}],"items_purged_floors":[13],"is_endless":false,"potions_floor_spawned":[3,10,16,18,22],"killed_by":"Book of Stabbing","ascension_level":16}