{"gold_per_floor":[113,113,136,136,19,19,50,50,73,94,94,94,66,66],"floor_reached":14,"playtime":463,"items_purged":["Decay"],"score":155,"play_id":"61d153d0-1bf7-4223-b20a-e93b43afd0bb","local_time":"20191002195731","is_ascension_mode":true,"campfire_choices":[{"floor":6,"key":"REST"},{"data":"Neutralize","floor":8,"key":"SMITH"}],"neow_cost":"CURSE","seed_source_timestamp":338848315180300,"circlet_count":0,"master_deck":["AscendersBane","Strike_G","Strike_G","Strike_G","Defend_G","Defend_G","Defend_G","Defend_G","Defend_G","Survivor","Neutralize+1","Tactician","Bouncing Flask","Skewer","Injury","Dodge and Roll","Backstab","PiercingWail","Leg Sweep","Deadly Poison"],"relics":["Ring of the Snake","Golden Idol","Singing Bowl","Ancient Tea Set","Juzu Bracelet"],"potions_floor_usage":[7,14],"damage_taken":[{"damage":5,"enemies":"Small Slimes","floor":1,"turns":4},{"damage":10,"enemies":"2 Louse","floor":3,"turns":3},{"damage":23,"enemies":"Lagavulin","floor":7,"turns":7},{"damage":2,"enemies":"Jaw Worm","floor":10,"turns":6},{"damage":24,"enemies":"3 Sentries","floor":14,"turns":7}],"seed_played":"-6503744628168956135","potions_obtained":[{"floor":3,"key":"Regen Potion"},{"floor":10,"key":"AttackPotion"}],"is_trial":false,"path_per_floor":["M","?","M","?","$","R","E","R","T","M","?","$","$","E"],"character_chosen":"THE_SILENT","items_purchased":["Backstab","Deadly Poison"],"campfire_rested":1,"item_purchase_floors":[5,13],"current_hp_per_floor":[54,54,44,49,49,70,59,59,59,57,22,22,22,0],"gold":66,"neow_bonus":"TRANSFORM_TWO_CARDS","is_prod":false,"is_daily":false,"chose_seed":false,"campfire_upgraded":1,"win_rate":0,"timestamp":1570039051,"path_taken":["M","?","M","?","$","R","E","R","T","M","?","?","$","E"],"build_version":"2019-07-17","purchased_purges":1,"victory":false,"max_hp_per_floor":[66,66,66,71,71,71,71,71,71,71,71,71,71,71],"card_choices":[{"not_picked":["Underhanded Strike","Dagger Spray"],"picked":"Skewer","floor":1},{"not_picked":["Outmaneuver","Bane"],"picked":"Dodge and Roll","floor":3},{"not_picked":["Skewer","Calculated Gamble"],"picked":"PiercingWail","floor":7},{"not_picked":["PiercingWail","Underhanded Strike"],"picked":"Leg Sweep","floor":10}],"player_experience":405816,"relics_obtained":[{"floor":7,"key":"Singing Bowl"},{"floor":9,"key":"Ancient Tea Set"}],"event_choices":[{"damage_healed":0,"gold_gain":0,"player_choice":"Take Wound","damage_taken":0,"relics_obtained":["Golden Idol"],"max_hp_gain":0,"max_hp_loss":0,"event_name":"Golden Idol","floor":2,"gold_loss":0,"cards_obtained":["Injury"]},{"damage_healed":0,"gold_gain":0,"player_choice":"Donut","damage_taken":0,"max_hp_gain":5,"max_hp_loss":0,"event_name":"Big Fish","floor":4,"gold_loss":0},{"damage_healed":0,"gold_gain":0,"player_choice":"Success","damage_taken":35,"relics_obtained":["Juzu Bracelet"],"max_hp_gain":0,"max_hp_loss":0,"event_name":"Scrap Ooze","floor":11,"gold_loss":0}],"is_beta":false,"boss_relics":[],"items_purged_floors":[5],"is_endless":false,"potions_floor_spawned":[3,10],"killed_by":"3 Sentries","ascension_level":16}