{"gold_per_floor":[109,59,73,73,86,86,113,113,168,184,40,56,56,71,71,167,167,177,225,237,56,56,56,90,90,141,152,166,166,196,212,212,311,311,328,328,328,348,348,383,383,383,451,451,461,157,188,206,206,206],"floor_reached":51,"playtime":4386,"items_purged":["Strike_R","Strike_R"],"score":882,"play_id":"ab95678c-d9d4-4d41-b4fb-e0195ba468ca","local_time":"20191002165211","is_ascension_mode":true,"campfire_choices":[{"data":"Headbutt","floor":6,"key":"SMITH"},{"data":"Bash","floor":8,"key":"SMITH"},{"data":"Pummel","floor":15,"key":"SMITH"},{"data":"Seeing Red","floor":23,"key":"SMITH"},{"data":"1","floor":25,"key":"LIFT"},{"floor":29,"key":"REST"},{"data":"2","floor":32,"key":"LIFT"},{"data":"3","floor":41,"key":"LIFT"},{"data":"Shrug It Off","floor":44,"key":"SMITH"},{"floor":49,"key":"REST"}],"neow_cost":"NONE","seed_source_timestamp":164805320663400,"circlet_count":0,"master_deck":["Strike_R","Defend_R","Defend_R","Defend_R","Defend_R","Bash+1","Inflame+1","Headbutt+1","Demon Form","Pummel+1","Whirlwind","Hemokinesis","Metallicize","Shrug It Off+1","Seeing Red+1","True Grit+1","Fire Breathing+1","Flash of Steel"],"relics":["Burning Blood","Ancient Tea Set","Tiny Chest","Vajra","Busted Crown","Bronze Scales","Girya","Centennial Puzzle","Regal Pillow","Philosopher\u0027s Stone","Sundial","Ginger","Gremlin Horn","Chemical X","Bag of Preparation"],"potions_floor_usage":[7,16,27,28,33,33,33,50,50],"damage_taken":[{"damage":15,"enemies":"Jaw Worm","floor":1,"turns":6},{"damage":0,"enemies":"Small Slimes","floor":3,"turns":3},{"damage":0,"enemies":"Cultist","floor":5,"turns":3},{"damage":10,"enemies":"Gremlin Nob","floor":7,"turns":3},{"damage":6,"enemies":"Large Slime","floor":10,"turns":5},{"damage":13,"enemies":"Gremlin Gang","floor":12,"turns":4},{"damage":6,"enemies":"Blue Slaver","floor":14,"turns":4},{"damage":15,"enemies":"Slime Boss","floor":16,"turns":6},{"damage":5,"enemies":"Chosen","floor":18,"turns":3},{"damage":20,"enemies":"2 Thieves","floor":20,"turns":3},{"damage":27,"enemies":"Book of Stabbing","floor":24,"turns":4},{"damage":11,"enemies":"Snecko","floor":27,"turns":4},{"damage":0,"enemies":"Chosen and Byrds","floor":28,"turns":4},{"damage":3,"enemies":"Gremlin Leader","floor":30,"turns":4},{"damage":8,"enemies":"Centurion and Healer","floor":31,"turns":3},{"damage":41,"enemies":"Champ","floor":33,"turns":8},{"damage":24,"enemies":"3 Darklings","floor":35,"turns":3},{"damage":1,"enemies":"Orb Walker","floor":38,"turns":2},{"damage":26,"enemies":"Nemesis","floor":40,"turns":5},{"damage":30,"enemies":"4 Shapes","floor":45,"turns":2},{"damage":3,"enemies":"Reptomancer","floor":47,"turns":2},{"damage":3,"enemies":"3 Darklings","floor":48,"turns":2},{"damage":59,"enemies":"Time Eater","floor":50,"turns":9}],"seed_played":"7476205524296554757","potions_obtained":[{"floor":1,"key":"AttackPotion"},{"floor":7,"key":"Energy Potion"},{"floor":10,"key":"GamblersBrew"},{"floor":14,"key":"PowerPotion"},{"floor":18,"key":"SteroidPotion"},{"floor":27,"key":"GamblersBrew"},{"floor":30,"key":"Dexterity Potion"},{"floor":45,"key":"Weak Potion"},{"floor":48,"key":"Swift Potion"}],"is_trial":false,"path_per_floor":["M","?","M","?","M","R","E","R","T","M","$","M","$","M","R","B",null,"M","T","M","$","?","R","E","R","T","M","M","R","E","M","R","B",null,"M","?","?","M","?","E","R","T","T","R","M","$","E","M","R","B",null],"character_chosen":"IRONCLAD","items_purchased":["Vajra","Metallicize","Shrug It Off","Chemical X"],"campfire_rested":2,"item_purchase_floors":[11,21,21,46],"current_hp_per_floor":[71,71,77,77,80,80,76,76,76,76,76,69,69,69,69,60,80,80,80,66,66,66,66,45,45,45,40,46,70,73,71,71,36,80,62,62,62,67,67,47,47,47,47,47,23,23,26,29,66,13],"gold":206,"neow_bonus":"REMOVE_CARD","is_prod":false,"is_daily":false,"chose_seed":false,"campfire_upgraded":5,"win_rate":1,"timestamp":1570053131,"path_taken":["M","?","M","?","M","R","E","R","T","M","?","M","$","M","R","BOSS","M","?","M","$","?","R","E","R","T","?","M","R","E","M","R","BOSS","M","?","?","M","?","E","R","?","T","R","M","$","E","?","R","BOSS"],"build_version":"2019-07-17","purchased_purges":2,"victory":true,"max_hp_per_floor":[80,80,80,80,80,80,80,80,80,80,80,80,80,80,80,80,80,80,80,80,80,80,80,80,80,80,80,80,80,80,80,80,80,80,80,80,80,80,76,76,76,76,76,76,76,76,76,76,76,76],"card_choices":[{"not_picked":["Disarm","Whirlwind"],"picked":"Inflame","floor":1},{"not_picked":["Corruption","Anger"],"picked":"Headbutt","floor":3},{"not_picked":["Ghostly Armor","Pommel Strike","Feel No Pain"],"picked":"SKIP","floor":5},{"not_picked":["Pommel Strike","Entrench","Power Through"],"picked":"SKIP","floor":7},{"not_picked":["Blood for Blood","Flame Barrier"],"picked":"Demon Form","floor":10},{"not_picked":["Shrug It Off","Warcry"],"picked":"Pummel","floor":12},{"not_picked":["Shrug It Off","Pommel Strike"],"picked":"Whirlwind","floor":14},{"not_picked":[],"picked":"Hemokinesis","floor":18},{"not_picked":["Sever Soul"],"picked":"SKIP","floor":20},{"not_picked":["Body Slam+1"],"picked":"SKIP","floor":24},{"not_picked":[],"picked":"True Grit+1","floor":27},{"not_picked":["Body Slam"],"picked":"SKIP","floor":28},{"not_picked":["Power Through"],"picked":"SKIP","floor":30},{"not_picked":["True Grit"],"picked":"SKIP","floor":31},{"not_picked":[],"picked":"Fire Breathing+1","floor":35},{"not_picked":[],"picked":"Flash of Steel","floor":37},{"not_picked":["Armaments"],"picked":"SKIP","floor":38},{"not_picked":["Twin Strike+1"],"picked":"SKIP","floor":40},{"not_picked":["Searing Blow"],"picked":"SKIP","floor":45},{"not_picked":["Battle Trance"],"picked":"SKIP","floor":47},{"not_picked":["Anger"],"picked":"SKIP","floor":48}],"player_experience":119359,"relics_obtained":[{"floor":7,"key":"Ancient Tea Set"},{"floor":9,"key":"Tiny Chest"},{"floor":19,"key":"Bronze Scales"},{"floor":24,"key":"Girya"},{"floor":26,"key":"Centennial Puzzle"},{"floor":30,"key":"Regal Pillow"},{"floor":40,"key":"Sundial"},{"floor":42,"key":"Ginger"},{"floor":43,"key":"Gremlin Horn"},{"floor":47,"key":"Bag of Preparation"}],"event_choices":[{"cards_removed":["Strike_R"],"damage_healed":0,"gold_gain":0,"player_choice":"Card Removal","damage_taken":0,"max_hp_gain":0,"max_hp_loss":0,"event_name":"The Cleric","floor":2,"gold_loss":50},{"damage_healed":0,"gold_gain":0,"player_choice":"Grow","damage_taken":0,"max_hp_gain":0,"max_hp_loss":0,"event_name":"Living Wall","floor":4,"gold_loss":0,"cards_upgraded":["Inflame"]},{"damage_healed":0,"gold_gain":0,"player_choice":"1 cards matched","damage_taken":0,"max_hp_gain":0,"max_hp_loss":0,"event_name":"Match and Keep!","floor":22,"gold_loss":0,"cards_obtained":["Seeing Red"]},{"damage_healed":0,"gold_gain":0,"player_choice":"Ignored","damage_taken":0,"max_hp_gain":0,"max_hp_loss":0,"event_name":"Tomb of Lord Red Mask","floor":36,"gold_loss":0},{"damage_healed":0,"gold_gain":0,"player_choice":"Memory 1","damage_taken":0,"max_hp_gain":0,"max_hp_loss":0,"event_name":"SensoryStone","floor":37,"gold_loss":0},{"damage_healed":0,"gold_gain":0,"player_choice":"Max HP","damage_taken":0,"max_hp_gain":0,"max_hp_loss":4,"event_name":"Winding Halls","floor":39,"gold_loss":0}],"is_beta":false,"boss_relics":[{"not_picked":["Tiny House","Cursed Key"],"picked":"Busted Crown"},{"not_picked":["Fusion Hammer","Pandora\u0027s Box"],"picked":"Philosopher\u0027s Stone"}],"items_purged_floors":[21,46],"is_endless":false,"potions_floor_spawned":[1,7,10,14,18,27,30,45,48],"ascension_level":1}