{"gold_per_floor":[110,126,140,140,140,180,180,198,198,236,46,59,74,74,74,203,203,227,227,227,246,27,70,70,70,70,114,39,63,63,63,63,160,160,180,194,194,26,37,65,65,65],"floor_reached":42,"playtime":3944,"items_purged":["Defend_G","Defend_G"],"score":524,"play_id":"954e031e-fbc1-44ab-9d39-a112803aa5c3","local_time":"20190902074944","is_ascension_mode":false,"campfire_choices":[{"floor":7,"key":"REST"},{"data":"Noxious Fumes","floor":15,"key":"SMITH"},{"floor":24,"key":"REST"},{"floor":30,"key":"REST"},{"floor":32,"key":"REST"},{"data":"A Thousand Cuts","floor":41,"key":"SMITH"}],"neow_cost":"NONE","seed_source_timestamp":1771473425126200,"circlet_count":0,"master_deck":["Strike_G","Strike_G","Strike_G","Strike_G","Strike_G","Defend_G+1","Survivor+1","Neutralize","Poisoned Stab","Dagger Spray","Quick Slash","Poisoned Stab","Wraith Form v2","PiercingWail","Magnetism","Noxious Fumes+1","Flying Knee","A Thousand Cuts+1","Acrobatics","Expertise","RitualDagger","Blade Dance","Crippling Poison","Burst","Poisoned Stab+1","Dagger Throw+1","Noxious Fumes","Poisoned Stab+1","Choke+1"],"relics":["Ring of the Snake","Bloody Idol","Bag of Marbles","Ornamental Fan","Ninja Scroll","Sundial","Busted Crown","War Paint","Lantern","Paper Crane","Question Card","Sozu","Boot"],"potions_floor_usage":[33,33,33],"damage_taken":[{"damage":4,"enemies":"Cultist","floor":1,"turns":4},{"damage":0,"enemies":"Jaw Worm","floor":2,"turns":5},{"damage":0,"enemies":"Small Slimes","floor":3,"turns":2},{"damage":12,"enemies":"Gremlin Nob","floor":6,"turns":4},{"damage":0,"enemies":"Exordium Thugs","floor":8,"turns":4},{"damage":6,"enemies":"3 Sentries","floor":10,"turns":6},{"damage":0,"enemies":"3 Louse","floor":12,"turns":1},{"damage":0,"enemies":"Gremlin Gang","floor":13,"turns":5},{"damage":31,"enemies":"Hexaghost","floor":16,"turns":8},{"damage":15,"enemies":"2 Thieves","floor":18,"turns":4},{"damage":17,"enemies":"3 Byrds","floor":21,"turns":4},{"damage":22,"enemies":"Gremlin Leader","floor":23,"turns":6},{"damage":14,"enemies":"Book of Stabbing","floor":27,"turns":5},{"damage":0,"enemies":"Centurion and Healer","floor":29,"turns":5},{"damage":24,"enemies":"Champ","floor":33,"turns":9},{"damage":3,"enemies":"3 Shapes","floor":35,"turns":3},{"damage":7,"enemies":"3 Darklings","floor":36,"turns":5},{"damage":8,"enemies":"Maw","floor":39,"turns":7},{"damage":16,"enemies":"Nemesis","floor":40,"turns":6},{"damage":91,"enemies":"Reptomancer","floor":42,"turns":2}],"seed_played":"6427963525802613601","potions_obtained":[{"floor":3,"key":"Block Potion"},{"floor":6,"key":"Weak Potion"},{"floor":12,"key":"Poison Potion"},{"floor":29,"key":"EssenceOfSteel"},{"floor":33,"key":"SkillPotion"}],"is_trial":false,"path_per_floor":["M","M","M","?","T","E","R","M","T","E","$","M","M","?","R","B",null,"M","?","?","M","$","E","R","?","T","E","?","M","R","?","R","B",null,"M","M","?","$","M","E","R","E"],"character_chosen":"THE_SILENT","items_purchased":["Magnetism","War Paint","Noxious Fumes"],"campfire_rested":4,"item_purchase_floors":[11,22,38],"current_hp_per_floor":[73,73,73,54,54,42,65,65,65,59,59,59,59,64,64,33,82,67,67,67,50,50,28,52,46,46,32,32,32,56,56,80,61,82,82,80,92,92,89,78,78,0],"gold":65,"neow_bonus":"TEN_PERCENT_HP_BONUS","is_prod":false,"is_daily":false,"chose_seed":false,"campfire_upgraded":2,"win_rate":0.0,"timestamp":1567403384,"path_taken":["M","M","M","?","?","E","R","M","T","E","?","?","M","?","R","BOSS","M","?","?","?","$","E","R","?","T","E","?","M","R","?","R","BOSS","M","M","?","$","?","E","R","E"],"build_version":"2019-07-17","purchased_purges":2,"victory":false,"max_hp_per_floor":[77,77,77,77,77,77,77,77,77,77,77,77,77,82,82,82,82,82,82,82,82,82,82,82,82,82,82,82,82,82,82,82,82,82,82,82,92,92,92,92,92,92],"card_choices":[{"not_picked":["Prepared","Acrobatics"],"picked":"Poisoned Stab","floor":1},{"not_picked":["Predator","Deflect"],"picked":"Dagger Spray","floor":2},{"not_picked":["Sucker Punch","Prepared"],"picked":"Quick Slash","floor":3},{"not_picked":["Dash","Dagger Spray"],"picked":"Poisoned Stab","floor":6},{"not_picked":["Tactician","Quick Slash"],"picked":"Wraith Form v2","floor":8},{"not_picked":["Choke","Riddle With Holes"],"picked":"PiercingWail","floor":10},{"not_picked":["Footwork","Deflect"],"picked":"Noxious Fumes","floor":12},{"not_picked":["Flechettes","Riddle With Holes"],"picked":"Flying Knee","floor":13},{"not_picked":["Tools of the Trade","Unload"],"picked":"A Thousand Cuts","floor":16},{"not_picked":[],"picked":"Acrobatics","floor":18},{"not_picked":[],"picked":"Expertise","floor":21},{"not_picked":[],"picked":"Night Terror","floor":23},{"not_picked":[],"picked":"Blade Dance","floor":27},{"not_picked":["Masterful Stab"],"picked":"Crippling Poison","floor":29},{"not_picked":["Die Die Die"],"picked":"Burst","floor":33},{"not_picked":["Eviscerate"],"picked":"Poisoned Stab+1","floor":35},{"not_picked":["Flying Knee"],"picked":"Dagger Throw+1","floor":36},{"not_picked":["Underhanded Strike"],"picked":"Poisoned Stab+1","floor":39},{"not_picked":["Expertise+1"],"picked":"Choke+1","floor":40}],"player_experience":29146,"relics_obtained":[{"floor":5,"key":"Bag of Marbles"},{"floor":6,"key":"Ornamental Fan"},{"floor":9,"key":"Ninja Scroll"},{"floor":10,"key":"Sundial"},{"floor":23,"key":"Lantern"},{"floor":26,"key":"Paper Crane"},{"floor":27,"key":"Question Card"},{"floor":40,"key":"Boot"}],"event_choices":[{"damage_healed":0,"gold_gain":0,"player_choice":"Take Damage","damage_taken":19,"relics_obtained":["Golden Idol"],"max_hp_gain":0,"max_hp_loss":0,"event_name":"Golden Idol","floor":4,"gold_loss":0},{"damage_healed":0,"gold_gain":0,"player_choice":"Donut","damage_taken":0,"max_hp_gain":5,"max_hp_loss":0,"event_name":"Big Fish","floor":14,"gold_loss":0},{"damage_healed":0,"gold_gain":0,"player_choice":"Ignored","damage_taken":0,"max_hp_gain":0,"max_hp_loss":0,"event_name":"Ghosts","floor":19,"gold_loss":0},{"cards_removed":["Defend_G"],"damage_healed":0,"gold_gain":0,"player_choice":"Purged","damage_taken":0,"max_hp_gain":0,"max_hp_loss":0,"event_name":"Purifier","floor":20,"gold_loss":0},{"damage_healed":0,"gold_gain":0,"player_choice":"Joined the Cult","damage_taken":6,"max_hp_gain":0,"max_hp_loss":0,"event_name":"Nest","floor":25,"gold_loss":0,"cards_obtained":["RitualDagger"]},{"cards_removed":["Defend_G"],"damage_healed":0,"gold_gain":0,"player_choice":"Gave Gold","damage_taken":0,"max_hp_gain":0,"max_hp_loss":0,"event_name":"Beggar","floor":28,"gold_loss":75},{"damage_healed":0,"gold_gain":0,"player_choice":"Gave Idol","damage_taken":0,"relics_obtained":["Bloody Idol"],"max_hp_gain":0,"max_hp_loss":0,"event_name":"Forgotten Altar","floor":31,"relics_lost":["Golden Idol"],"gold_loss":0},{"cards_removed":["Night Terror"],"damage_healed":2,"gold_gain":0,"player_choice":"Offered Rare","damage_taken":0,"max_hp_gain":10,"max_hp_loss":0,"event_name":"Bonfire Elementals","floor":37,"gold_loss":0}],"is_beta":false,"boss_relics":[{"not_picked":["Eternal Feather","Tiny House"],"picked":"Busted Crown"},{"not_picked":["Astrolabe","White Beast Statue"],"picked":"Sozu"}],"items_purged_floors":[22,38],"is_endless":false,"potions_floor_spawned":[3,6,12,16,21,23,29,33,40],"killed_by":"Reptomancer","ascension_level":0}