{"gold_per_floor":[117,117,117,117,132,132,149,180,180,210,385,410,425,444,444,543,543,560,560,560,575,490,515,515,550,576,590,624,6,65,77,77,174,174,184,200,200,246,264,293,41,41,41,68,68,82,82,96,96,96],"floor_reached":51,"playtime":3563,"items_purged":["Strike_R"],"score":958,"play_id":"cdb97051-a589-4f3f-b9dc-7b06a62c8145","local_time":"20190907085953","is_ascension_mode":true,"campfire_choices":[{"data":"Impatience","floor":6,"key":"SMITH"},{"floor":15,"key":"REST"},{"data":"Metallicize","floor":24,"key":"SMITH"},{"data":"Mind Blast","floor":32,"key":"SMITH"},{"data":"Secret Weapon","floor":42,"key":"SMITH"},{"data":"Barricade","floor":45,"key":"SMITH"},{"data":"Rage","floor":49,"key":"SMITH"}],"neow_cost":"TEN_PERCENT_HP_LOSS","seed_source_timestamp":2208061810378400,"circlet_count":0,"master_deck":["Strike_R+1","Strike_R+1","Strike_R","Defend_R","Defend_R","Defend_R","Bash","Dramatic Entrance+1","Impatience+1","Rage+1","Dropkick","Iron Wave","Cleave","Cleave","Doubt","Iron Wave","Thunderclap","Infernal Blade","Feed","Flex+1","Metallicize+1","Flex+1","Clothesline+1","Warcry","Armaments+1","Feed","Mind Blast+1","Secret Weapon+1","Combust+1","Carnage+1","Barricade+1","Cleave","Havoc+1","Madness","Madness","Shrug It Off+1","Spot Weakness","Ghostly Armor+1","Flame Barrier+1","Parasite"],"relics":["Burning Blood","Smiling Mask","Self Forming Clay","Thread and Needle","Sundial","Coffee Dripper","Regal Pillow","Ornamental Fan","Vajra","Bag of Preparation","Incense Burner","Oddly Smooth Stone","Happy Flower","Tiny Chest","Black Star","Magic Flower","Molten Egg 2","Boot","Singing Bowl","Toxic Egg 2","Blood Vial","Orichalcum"],"potions_floor_usage":[10,12,16,25,25,28,28,38,39,50,50],"damage_taken":[{"damage":5,"enemies":"Small Slimes","floor":1,"turns":2},{"damage":2,"enemies":"2 Louse","floor":5,"turns":2},{"damage":6,"enemies":"Cultist","floor":7,"turns":3},{"damage":31,"enemies":"3 Sentries","floor":8,"turns":9},{"damage":14,"enemies":"Gremlin Nob","floor":10,"turns":3},{"damage":14,"enemies":"3 Sentries","floor":12,"turns":5},{"damage":0,"enemies":"Large Slime","floor":13,"turns":4},{"damage":2,"enemies":"Looter","floor":14,"turns":2},{"damage":48,"enemies":"The Guardian","floor":16,"turns":10},{"damage":38,"enemies":"Spheric Guardian","floor":18,"turns":6},{"damage":2,"enemies":"Shell Parasite","floor":21,"turns":4},{"damage":20,"enemies":"Book of Stabbing","floor":23,"turns":6},{"damage":0,"enemies":"Gremlin Leader","floor":25,"turns":5},{"damage":2,"enemies":"Snecko","floor":27,"turns":4},{"damage":0,"enemies":"Slavers","floor":28,"turns":2},{"damage":5,"enemies":"Book of Stabbing","floor":30,"turns":5},{"damage":0,"enemies":"Chosen and Byrds","floor":31,"turns":3},{"damage":35,"enemies":"Champ","floor":33,"turns":10},{"damage":16,"enemies":"Orb Walker","floor":35,"turns":4},{"damage":15,"enemies":"3 Darklings","floor":36,"turns":5},{"damage":49,"enemies":"2 Orb Walkers","floor":38,"turns":7},{"damage":4,"enemies":"Maw","floor":39,"turns":6},{"damage":27,"enemies":"Nemesis","floor":40,"turns":7},{"damage":12,"enemies":"Reptomancer","floor":44,"turns":5},{"damage":10,"enemies":"Writhing Mass","floor":46,"turns":7},{"damage":0,"enemies":"4 Shapes","floor":48,"turns":4},{"damage":38,"enemies":"Donu and Deca","floor":50,"turns":11}],"seed_played":"-3711035432047152035","potions_obtained":[{"floor":1,"key":"Poison Potion"},{"floor":8,"key":"Ancient Potion"},{"floor":10,"key":"PowerPotion"},{"floor":14,"key":"LiquidBronze"},{"floor":16,"key":"GamblersBrew"},{"floor":23,"key":"Energy Potion"},{"floor":27,"key":"SkillPotion"},{"floor":30,"key":"BloodPotion"},{"floor":35,"key":"Energy Potion"},{"floor":40,"key":"Strength Potion"},{"floor":46,"key":"Strength Potion"}],"is_trial":false,"path_per_floor":["M","?","?","?","M","R","M","E","T","E","?","E","M","M","R","B",null,"M","?","?","M","?","E","R","E","T","M","E","$","E","M","R","B",null,"M","M","?","?","M","E","$","R","T","E","R","M","?","M","R","B",null],"character_chosen":"IRONCLAD","items_purchased":["Oddly Smooth Stone","Happy Flower","Mind Blast","Secret Weapon","Singing Bowl"],"campfire_rested":1,"item_purchase_floors":[29,29,29,29,41],"current_hp_per_floor":[72,72,58,58,62,62,62,37,37,29,29,21,27,31,52,10,72,40,40,27,31,31,17,17,23,23,27,36,36,40,50,50,21,87,77,68,57,14,51,33,33,33,33,35,35,44,44,63,63,37],"gold":96,"neow_bonus":"RANDOM_COLORLESS_2","is_prod":false,"is_daily":false,"chose_seed":false,"campfire_upgraded":6,"win_rate":0,"timestamp":1567839593,"path_taken":["M","?","?","?","?","R","M","E","T","E","?","E","M","M","R","BOSS","M","?","?","?","?","E","R","E","T","M","E","?","E","M","R","BOSS","M","M","?","?","M","E","$","R","T","E","R","M","?","M","R","BOSS"],"build_version":"2019-07-17","purchased_purges":1,"victory":true,"max_hp_per_floor":[72,72,72,72,72,72,72,72,72,72,72,72,72,72,72,72,72,72,72,77,77,77,77,77,77,77,77,80,80,83,87,87,87,87,87,87,87,87,87,87,87,87,87,90,90,95,95,100,100,100],"card_choices":[{"not_picked":["Sword Boomerang","Body Slam"],"picked":"Rage","floor":1},{"not_picked":["Pommel Strike","Intimidate"],"picked":"Iron Wave","floor":5},{"not_picked":["Power Through","True Grit"],"picked":"Cleave","floor":7},{"not_picked":["Pommel Strike","Second Wind","Wild Strike"],"picked":"SKIP","floor":8},{"not_picked":["Body Slam","Brutality"],"picked":"Cleave","floor":10},{"not_picked":["Disarm","Combust"],"picked":"Iron Wave","floor":12},{"not_picked":["Sword Boomerang","Pommel Strike"],"picked":"Thunderclap","floor":13},{"not_picked":["Body Slam","True Grit"],"picked":"Infernal Blade","floor":14},{"not_picked":["Berserk","Exhume"],"picked":"Feed","floor":16},{"not_picked":["Rupture+1","Wild Strike+1"],"picked":"Flex+1","floor":18},{"not_picked":["True Grit","Body Slam"],"picked":"Flex+1","floor":21},{"not_picked":["Burning Pact+1","Heavy Blade"],"picked":"Clothesline+1","floor":23},{"not_picked":["True Grit","Burning Pact"],"picked":"Warcry","floor":25},{"not_picked":["Ghostly Armor+1","Sword Boomerang"],"picked":"Armaments+1","floor":27},{"not_picked":["Thunderclap","Armaments"],"picked":"Feed","floor":28},{"not_picked":["Anger","Headbutt+1"],"picked":"Combust+1","floor":30},{"not_picked":["Whirlwind+1","Power Through"],"picked":"Carnage+1","floor":31},{"not_picked":["Immolate","Exhume"],"picked":"Barricade","floor":33},{"not_picked":["Body Slam","Corruption"],"picked":"Cleave","floor":35},{"not_picked":["Sword Boomerang","Rage"],"picked":"Havoc+1","floor":36},{"not_picked":["Thunderclap+1","Clothesline"],"picked":"Shrug It Off+1","floor":38},{"not_picked":["Sword Boomerang","Heavy Blade"],"picked":"Spot Weakness","floor":39},{"not_picked":["Second Wind","Spot Weakness+1"],"picked":"Ghostly Armor+1","floor":40},{"not_picked":["Bloodletting+1","Disarm+1"],"picked":"Flame Barrier+1","floor":44},{"not_picked":["Iron Wave+1","Havoc+1","Clothesline+1"],"picked":"Singing Bowl","floor":46},{"not_picked":["Berserk","Wild Strike+1","Twin Strike+1"],"picked":"Singing Bowl","floor":48}],"player_experience":93771,"relics_obtained":[{"floor":8,"key":"Smiling Mask"},{"floor":9,"key":"Self Forming Clay"},{"floor":10,"key":"Thread and Needle"},{"floor":12,"key":"Sundial"},{"floor":23,"key":"Ornamental Fan"},{"floor":25,"key":"Vajra"},{"floor":26,"key":"Bag of Preparation"},{"floor":28,"key":"Incense Burner"},{"floor":30,"key":"Tiny Chest"},{"floor":38,"key":"Magic Flower"},{"floor":40,"key":"Molten Egg 2"},{"floor":40,"key":"Boot"},{"floor":43,"key":"Toxic Egg 2"},{"floor":44,"key":"Blood Vial"},{"floor":44,"key":"Orichalcum"}],"event_choices":[{"damage_healed":0,"gold_gain":0,"cards_transformed":["Strike_R"],"player_choice":"Change","damage_taken":0,"max_hp_gain":0,"max_hp_loss":0,"event_name":"Living Wall","floor":2,"gold_loss":0,"cards_obtained":["Dropkick"]},{"damage_healed":0,"gold_gain":0,"player_choice":"Entered Light","damage_taken":14,"max_hp_gain":0,"max_hp_loss":0,"event_name":"Shining Light","floor":3,"gold_loss":0,"cards_upgraded":["Strike_R","Strike_R"]},{"damage_healed":0,"gold_gain":0,"player_choice":"Forge","damage_taken":0,"max_hp_gain":0,"max_hp_loss":0,"event_name":"Accursed Blacksmith","floor":4,"gold_loss":0,"cards_upgraded":["Dramatic Entrance"]},{"damage_healed":0,"gold_gain":175,"player_choice":"AGREE","damage_taken":0,"max_hp_gain":0,"max_hp_loss":0,"event_name":"Liars Game","floor":11,"gold_loss":0,"cards_obtained":["Doubt"]},{"damage_healed":0,"gold_gain":0,"player_choice":"Read","damage_taken":0,"max_hp_gain":0,"max_hp_loss":0,"event_name":"The Library","floor":19,"gold_loss":0,"cards_obtained":["Metallicize"]},{"damage_healed":0,"gold_gain":0,"player_choice":"Shed Blood","damage_taken":18,"max_hp_gain":5,"max_hp_loss":0,"event_name":"Forgotten Altar","floor":20,"gold_loss":0},{"damage_healed":0,"gold_gain":0,"player_choice":"Obtained Relic","damage_taken":0,"relics_obtained":["Regal Pillow"],"max_hp_gain":0,"max_hp_loss":0,"event_name":"Addict","floor":22,"gold_loss":85},{"damage_healed":0,"gold_gain":0,"player_choice":"Embrace Madness","damage_taken":11,"max_hp_gain":0,"max_hp_loss":0,"event_name":"Winding Halls","floor":37,"gold_loss":0,"cards_obtained":["Madness","Madness"]},{"damage_healed":0,"gold_gain":0,"player_choice":"Fight","damage_taken":0,"max_hp_gain":0,"max_hp_loss":0,"event_name":"Mysterious Sphere","floor":38,"gold_loss":0},{"cards_removed":["Defend_R"],"damage_healed":0,"gold_gain":0,"player_choice":"Removed Skill","damage_taken":0,"max_hp_gain":0,"max_hp_loss":0,"event_name":"Falling","floor":47,"gold_loss":0}],"is_beta":false,"boss_relics":[{"not_picked":["Cursed Key","Orrery"],"picked":"Coffee Dripper"},{"not_picked":["Snecko Eye","Eternal Feather"],"picked":"Black Star"}],"items_purged_floors":[29],"is_endless":false,"potions_floor_spawned":[1,8,10,14,16,23,27,30,35,40,46],"ascension_level":2}