{"gold_per_floor":[113,113,127,145,162,162,179,197,270,270],"floor_reached":10,"playtime":197,"items_purged":[],"score":62,"play_id":"c7aaac79-0de7-47b5-a3ad-ab88c96c4a34","local_time":"20191003002024","is_ascension_mode":false,"campfire_choices":[{"data":"Whirlwind","floor":6,"key":"SMITH"}],"neow_cost":"NONE","seed_source_timestamp":218579322558700,"circlet_count":0,"master_deck":["Strike_R","Strike_R","Strike_R","Strike_R","Defend_R","Defend_R","Defend_R","Defend_R","Bash","Whirlwind+1","Headbutt"],"relics":["Burning Blood"],"potions_floor_usage":[],"damage_taken":[{"damage":6,"enemies":"Cultist","floor":1,"turns":3},{"damage":15,"enemies":"Jaw Worm","floor":3,"turns":4},{"damage":7,"enemies":"Small Slimes","floor":4,"turns":3},{"damage":0,"enemies":"3 Louse","floor":5,"turns":1},{"damage":13,"enemies":"Exordium Thugs","floor":7,"turns":3},{"damage":19,"enemies":"Blue Slaver","floor":8,"turns":3},{"damage":36,"enemies":"Gremlin Gang","floor":10,"turns":3}],"seed_played":"-7559154200523961437","potions_obtained":[{"floor":5,"key":"Energy Potion"},{"floor":8,"key":"Ancient Potion"}],"is_trial":false,"path_per_floor":["M","?","M","M","M","R","M","M","T","M"],"character_chosen":"IRONCLAD","items_purchased":[],"campfire_rested":0,"item_purchase_floors":[],"current_hp_per_floor":[88,88,79,78,84,84,77,64,64,28],"gold":270,"neow_bonus":"TEN_PERCENT_HP_BONUS","is_prod":false,"is_daily":false,"chose_seed":false,"campfire_upgraded":1,"win_rate":0,"timestamp":1570054824,"path_taken":["M","?","M","M","M","R","M","M","T","M"],"build_version":"2019-07-17","purchased_purges":0,"victory":false,"max_hp_per_floor":[88,88,88,88,88,88,88,88,88,88],"card_choices":[{"not_picked":["Wild Strike","Body Slam","Corruption"],"picked":"SKIP","floor":1},{"not_picked":["Flex","Flame Barrier"],"picked":"Whirlwind","floor":3},{"not_picked":["Clothesline","Perfected Strike","Twin Strike"],"picked":"SKIP","floor":4},{"not_picked":["Disarm","Hemokinesis","Body Slam"],"picked":"SKIP","floor":5},{"not_picked":["Feel No Pain","Armaments","Havoc"],"picked":"SKIP","floor":7},{"not_picked":["Anger","Perfected Strike"],"picked":"Headbutt","floor":8}],"player_experience":256617,"relics_obtained":[],"event_choices":[{"cards_removed":["Strike_R"],"damage_healed":0,"gold_gain":0,"player_choice":"Forget","damage_taken":0,"max_hp_gain":0,"max_hp_loss":0,"event_name":"Living Wall","floor":2,"gold_loss":0}],"is_beta":false,"boss_relics":[],"items_purged_floors":[],"is_endless":false,"potions_floor_spawned":[5,8],"killed_by":"Gremlin Gang","ascension_level":0}