{"gold_per_floor":[369,379,394,407,332,359,390,416,451,463],"floor_reached":10,"playtime":813,"items_purged":["Strike_R"],"score":72,"play_id":"a28b1b5d-748b-4260-b0ed-5f9f091724c1","local_time":"20190906183131","is_ascension_mode":false,"campfire_choices":[],"neow_cost":"PERCENT_DAMAGE","seed_source_timestamp":2158723093001800,"circlet_count":0,"master_deck":["Strike_R","Strike_R","Strike_R","Strike_R","Defend_R","Defend_R","Defend_R","Defend_R","Bash","Shockwave"],"relics":["Burning Blood","MawBank","PreservedInsect"],"potions_floor_usage":[6,6],"damage_taken":[{"damage":1,"enemies":"Jaw Worm","floor":1,"turns":5},{"damage":0,"enemies":"Small Slimes","floor":2,"turns":3},{"damage":4,"enemies":"Cultist","floor":3,"turns":4},{"damage":18,"enemies":"Gremlin Gang","floor":4,"turns":7},{"damage":31,"enemies":"Lagavulin","floor":6,"turns":7},{"damage":22,"enemies":"Exordium Thugs","floor":7,"turns":8},{"damage":8,"enemies":"Exordium Wildlife","floor":8,"turns":8},{"damage":10,"enemies":"Gremlin Gang","floor":10,"turns":2}],"seed_played":"3535363692425579642","potions_obtained":[{"floor":1,"key":"Swift Potion"},{"floor":4,"key":"SteroidPotion"},{"floor":6,"key":"FearPotion"}],"is_trial":false,"path_per_floor":["M","M","M","M","$","E","M","M","T","M"],"character_chosen":"IRONCLAD","items_purchased":[],"campfire_rested":0,"item_purchase_floors":[],"current_hp_per_floor":[61,67,69,57,57,32,16,14,14,4],"gold":463,"neow_bonus":"TWO_FIFTY_GOLD","is_prod":false,"is_daily":false,"chose_seed":false,"campfire_upgraded":0,"win_rate":0,"timestamp":1567787491,"path_taken":["M","M","M","M","$","E","M","M","T","M"],"build_version":"2019-07-17","purchased_purges":1,"victory":false,"max_hp_per_floor":[80,80,80,80,80,80,80,80,80,80],"card_choices":[{"not_picked":["Whirlwind","Pummel","Clash"],"picked":"SKIP","floor":1},{"not_picked":["Sever Soul","Rage"],"picked":"Shockwave","floor":2},{"not_picked":["Sever Soul","Hemokinesis","Perfected Strike"],"picked":"SKIP","floor":3},{"not_picked":["Cleave","Uppercut","Fire Breathing"],"picked":"SKIP","floor":4},{"not_picked":["Perfected Strike","Sword Boomerang","Shockwave"],"picked":"SKIP","floor":6},{"not_picked":["Anger","Armaments","Blood for Blood"],"picked":"SKIP","floor":7},{"not_picked":["Warcry","Cleave","Combust"],"picked":"SKIP","floor":8}],"player_experience":86040,"relics_obtained":[{"floor":6,"key":"MawBank"},{"floor":9,"key":"PreservedInsect"}],"event_choices":[],"is_beta":false,"boss_relics":[],"items_purged_floors":[5],"is_endless":false,"potions_floor_spawned":[1,4,6],"killed_by":"Gremlin Gang","ascension_level":0}