{"gold_per_floor":[112,124,124,124,143,172,97,97,169,179,179,210,210,36,36,134,134,153,153,167,11,11,36,49,49,49,63,75,90,90,424,424,519,519,539,59,71,171,91,91,104,104,151,165,185,196,221,236,236,236],"floor_reached":51,"playtime":5556,"items_purged":["Strike_G","Strike_G","Strike_G"],"score":1061,"play_id":"3159652c-9801-451d-9ebe-d07dcf3d4e18","local_time":"20191012153527","is_ascension_mode":true,"campfire_choices":[{"data":"Neutralize","floor":8,"key":"SMITH"},{"data":"Quick Slash","floor":11,"key":"SMITH"},{"data":"Infinite Blades","floor":13,"key":"SMITH"},{"data":"Dash","floor":15,"key":"SMITH"},{"data":"Blade Dance","floor":30,"key":"SMITH"},{"data":"Adrenaline","floor":32,"key":"SMITH"},{"data":"Wraith Form v2","floor":40,"key":"SMITH"},{"data":"Endless Agony","floor":42,"key":"SMITH"},{"data":"Accuracy","floor":49,"key":"SMITH"}],"neow_cost":"NONE","seed_source_timestamp":212071249916800,"circlet_count":0,"master_deck":["Strike_G","Defend_G","Defend_G","Defend_G","Defend_G","Defend_G","Survivor","Neutralize+1","Cloak And Dagger+1","Quick Slash","Quick Slash+1","Poisoned Stab","Endless Agony+1","Infinite Blades+1","Dash+1","Adrenaline+1","Crippling Poison","Backstab","Blade Dance+1","Slice+1","Leg Sweep","Noxious Fumes+1","Wraith Form v2+1","Noxious Fumes","Calculated Gamble","Footwork","PiercingWail+1","Blade Dance+1","Accuracy+1","Prepared+1"],"relics":["Ring of the Snake","Oddly Smooth Stone","Kunai","Shuriken","WristBlade","Vajra","Mummified Hand","Gremlin Horn","Old Coin","Busted Crown","Ninja Scroll","Torii","Blood Vial","Darkstone Periapt"],"potions_floor_usage":[12,12,23,31,31,46,50],"damage_taken":[{"damage":0,"enemies":"2 Louse","floor":1,"turns":2},{"damage":1,"enemies":"Small Slimes","floor":2,"turns":3},{"damage":0,"enemies":"Jaw Worm","floor":5,"turns":3},{"damage":28,"enemies":"3 Sentries","floor":6,"turns":9},{"damage":0,"enemies":"Large Slime","floor":10,"turns":8},{"damage":0,"enemies":"Lagavulin","floor":12,"turns":7},{"damage":31,"enemies":"Slime Boss","floor":16,"turns":7},{"damage":0,"enemies":"Spheric Guardian","floor":18,"turns":3},{"damage":6,"enemies":"2 Thieves","floor":20,"turns":4},{"damage":0,"enemies":"Gremlin Leader","floor":23,"turns":5},{"damage":0,"enemies":"Centurion and Healer","floor":24,"turns":3},{"damage":0,"enemies":"3 Cultists","floor":27,"turns":3},{"damage":0,"enemies":"Snecko","floor":28,"turns":3},{"damage":0,"enemies":"Sentry and Sphere","floor":29,"turns":3},{"damage":0,"enemies":"Slavers","floor":31,"turns":3},{"damage":0,"enemies":"Collector","floor":33,"turns":6},{"damage":0,"enemies":"3 Darklings","floor":35,"turns":4},{"damage":0,"enemies":"Orb Walker","floor":37,"turns":2},{"damage":0,"enemies":"Mind Bloom Boss Battle","floor":38,"turns":4},{"damage":0,"enemies":"Sphere and 2 Shapes","floor":41,"turns":3},{"damage":0,"enemies":"4 Shapes","floor":44,"turns":3},{"damage":9,"enemies":"Maw","floor":45,"turns":5},{"damage":14,"enemies":"Spire Growth","floor":46,"turns":3},{"damage":0,"enemies":"Giant Head","floor":47,"turns":5},{"damage":0,"enemies":"Transient","floor":48,"turns":5},{"damage":15,"enemies":"Donu and Deca","floor":50,"turns":6}],"seed_played":"767553258970052902","potions_obtained":[{"floor":1,"key":"Weak Potion"},{"floor":6,"key":"Regen Potion"},{"floor":10,"key":"Dexterity Potion"},{"floor":18,"key":"Weak Potion"},{"floor":23,"key":"Swift Potion"},{"floor":28,"key":"LiquidBronze"},{"floor":31,"key":"Weak Potion"},{"floor":37,"key":"Swift Potion"},{"floor":41,"key":"SpeedPotion"},{"floor":46,"key":"Ancient Potion"}],"is_trial":false,"path_per_floor":["M","M","?","?","M","E","$","R","T","M","R","E","R","$","R","B",null,"M","?","M","$","?","E","M","?","T","M","M","M","R","E","R","B",null,"M","$","M","?","$","R","M","R","T","M","M","M","E","M","R","B",null],"character_chosen":"THE_SILENT","items_purchased":["Dash","Vajra","Ninja Scroll","Noxious Fumes","Calculated Gamble","Footwork"],"campfire_rested":0,"item_purchase_floors":[14,21,36,36,36,39],"current_hp_per_floor":[70,69,69,62,62,34,34,34,34,34,34,49,49,49,49,18,57,57,57,51,51,51,51,51,51,51,51,51,51,51,51,51,51,65,65,65,65,65,65,65,65,65,65,67,60,48,50,52,52,39],"gold":236,"neow_bonus":"THREE_CARDS","is_prod":false,"is_daily":false,"chose_seed":false,"campfire_upgraded":9,"win_rate":0,"timestamp":1570912527,"path_taken":["M","M","?","?","M","E","$","R","T","M","R","E","R","?","R","BOSS","M","?","M","$","?","E","M","?","T","M","?","M","R","E","R","BOSS","M","$","M","?","$","R","M","R","T","M","M","M","E","M","R","BOSS"],"build_version":"2019-07-17","purchased_purges":3,"victory":true,"max_hp_per_floor":[70,70,70,70,70,70,70,70,70,70,70,70,70,70,70,70,70,70,70,70,70,70,70,70,70,70,70,70,70,70,70,70,70,70,70,70,70,70,70,70,70,70,70,70,70,70,70,70,70,70],"card_choices":[{"not_picked":["Blade Dance","Expertise"],"picked":"Cloak And Dagger","floor":0},{"not_picked":["Escape Plan","Expertise"],"picked":"Quick Slash","floor":1},{"not_picked":["Concentrate","Cloak And Dagger"],"picked":"Quick Slash","floor":2},{"not_picked":["Outmaneuver","Deflect"],"picked":"Poisoned Stab","floor":5},{"not_picked":["Prepared","Skewer","Bane"],"picked":"SKIP","floor":6},{"not_picked":["Riddle With Holes","Flechettes"],"picked":"Endless Agony","floor":10},{"not_picked":["Eviscerate","Flechettes"],"picked":"Infinite Blades","floor":12},{"not_picked":["A Thousand Cuts","Grand Finale"],"picked":"Adrenaline","floor":16},{"not_picked":["Bane","Tactician"],"picked":"Crippling Poison","floor":18},{"not_picked":["Deadly Poison+1","Cloak And Dagger"],"picked":"Backstab","floor":20},{"not_picked":["Deflect","Flechettes"],"picked":"Blade Dance","floor":23},{"not_picked":["Riddle With Holes","Poisoned Stab"],"picked":"Slice+1","floor":24},{"not_picked":["Prepared","Masterful Stab","Blur"],"picked":"SKIP","floor":27},{"not_picked":["Poisoned Stab+1","Reflex","All Out Attack+1"],"picked":"SKIP","floor":28},{"not_picked":["Masterful Stab+1","Poisoned Stab"],"picked":"Leg Sweep","floor":29},{"not_picked":["Underhanded Strike","Predator"],"picked":"Noxious Fumes+1","floor":31},{"not_picked":["Phantasmal Killer","Corpse Explosion"],"picked":"Wraith Form v2","floor":33},{"not_picked":["Deadly Poison+1"],"picked":"SKIP","floor":35},{"not_picked":["Deflect"],"picked":"SKIP","floor":37},{"not_picked":[],"picked":"PiercingWail+1","floor":41},{"not_picked":[],"picked":"Blade Dance+1","floor":44},{"not_picked":["Outmaneuver"],"picked":"SKIP","floor":45},{"not_picked":[],"picked":"Accuracy","floor":46},{"not_picked":["Bane"],"picked":"SKIP","floor":47},{"not_picked":[],"picked":"Prepared+1","floor":48}],"player_experience":265057,"relics_obtained":[{"floor":6,"key":"Oddly Smooth Stone"},{"floor":9,"key":"Kunai"},{"floor":12,"key":"Shuriken"},{"floor":23,"key":"Mummified Hand"},{"floor":26,"key":"Gremlin Horn"},{"floor":31,"key":"Old Coin"},{"floor":38,"key":"Torii"},{"floor":43,"key":"Blood Vial"},{"floor":47,"key":"Darkstone Periapt"}],"event_choices":[{"damage_healed":0,"gold_gain":0,"player_choice":"Grow","damage_taken":0,"max_hp_gain":0,"max_hp_loss":0,"event_name":"Living Wall","floor":3,"gold_loss":0,"cards_upgraded":["Cloak And Dagger"]},{"cards_removed":["Strike_G"],"damage_healed":0,"gold_gain":0,"player_choice":"Card Removal","damage_taken":7,"max_hp_gain":0,"max_hp_loss":0,"event_name":"Golden Wing","floor":4,"gold_loss":0},{"damage_healed":0,"gold_gain":0,"player_choice":"Ignored","damage_taken":0,"max_hp_gain":0,"max_hp_loss":0,"event_name":"Vampires","floor":19,"gold_loss":0},{"damage_healed":0,"gold_gain":0,"player_choice":"Ignored","damage_taken":0,"max_hp_gain":0,"max_hp_loss":0,"event_name":"Ghosts","floor":22,"gold_loss":0},{"damage_healed":0,"gold_gain":0,"player_choice":"Fight","damage_taken":0,"max_hp_gain":0,"max_hp_loss":0,"event_name":"MindBloom","floor":38,"gold_loss":0}],"is_beta":false,"boss_relics":[{"not_picked":["Runic Dome","Eternal Feather"],"picked":"WristBlade"},{"not_picked":["Empty Cage","Black Star"],"picked":"Busted Crown"}],"items_purged_floors":[7,14,36],"is_endless":false,"potions_floor_spawned":[1,6,10,18,23,28,31,37,41,44,46,48],"ascension_level":5}