{"gold_per_floor":[18,18,38,38,63,103,115,142,181,217,264,300,331,156,156,276,276,297,52,52,67,80,80,114,132,184,184,184,33,33,68,68,166,166,185,185,204,219,219,219,233,333,333,381,381,401,401],"floor_reached":47,"playtime":3403,"items_purged":[],"score":653,"play_id":"18771e01-bc52-44b5-9664-9c4e3768065b","local_time":"20190913225339","is_ascension_mode":true,"campfire_choices":[{"floor":7,"key":"REST"},{"data":"Metallicize","floor":15,"key":"SMITH"},{"floor":23,"key":"REST"},{"floor":30,"key":"REST"},{"floor":32,"key":"REST"},{"floor":40,"key":"REST"}],"neow_cost":"NO_GOLD","seed_source_timestamp":2776657585981900,"circlet_count":0,"master_deck":["Strike_R","Strike_R","Defend_R","Defend_R","Defend_R","Defend_R","Bash","Carnage","Thunderclap","Armaments","Shrug It Off","Dropkick","Flex","Dual Wield","Intimidate","Armaments","Metallicize+1","Demon Form","Armaments+1","Dramatic Entrance","Whirlwind+1","Clash+1","Metallicize+1","Entrench","Dual Wield","Exhume","Feed","Limit Break","Writhe","Thunderclap+1","Metallicize","Spot Weakness","Warcry+1","Cleave"],"relics":["Burning Blood","Calipers","Bloody Idol","MawBank","Oddly Smooth Stone","Potion Belt","PreservedInsect","Fusion Hammer","Vajra","Enchiridion","Art of War","Juzu Bracelet","Pen Nib","Lantern","Sozu","Incense Burner","Ornamental Fan","Champion Belt","Frozen Egg 2"],"potions_floor_usage":[6,6,16,18,33,41,44],"damage_taken":[{"damage":2,"enemies":"2 Louse","floor":1,"turns":3},{"damage":1,"enemies":"Cultist","floor":3,"turns":3},{"damage":0,"enemies":"Small Slimes","floor":5,"turns":2},{"damage":22,"enemies":"Lagavulin","floor":6,"turns":5},{"damage":6,"enemies":"Exordium Wildlife","floor":8,"turns":6},{"damage":6,"enemies":"Blue Slaver","floor":10,"turns":4},{"damage":23,"enemies":"3 Sentries","floor":11,"turns":7},{"damage":0,"enemies":"2 Fungi Beasts","floor":12,"turns":3},{"damage":6,"enemies":"Exordium Thugs","floor":13,"turns":5},{"damage":44,"enemies":"Slime Boss","floor":16,"turns":16},{"damage":4,"enemies":"Shell Parasite","floor":18,"turns":7},{"damage":17,"enemies":"Spheric Guardian","floor":21,"turns":6},{"damage":12,"enemies":"Snake Plant","floor":22,"turns":4},{"damage":9,"enemies":"Book of Stabbing","floor":24,"turns":4},{"damage":15,"enemies":"Shelled Parasite and Fungi","floor":25,"turns":5},{"damage":16,"enemies":"Gremlin Leader","floor":31,"turns":5},{"damage":35,"enemies":"Champ","floor":33,"turns":12},{"damage":0,"enemies":"3 Darklings","floor":35,"turns":3},{"damage":2,"enemies":"Orb Walker","floor":37,"turns":3},{"damage":53,"enemies":"3 Darklings","floor":38,"turns":4},{"damage":17,"enemies":"4 Shapes","floor":41,"turns":39},{"damage":30,"enemies":"Mind Bloom Boss Battle","floor":42,"turns":11},{"damage":38,"enemies":"2 Orb Walkers","floor":44,"turns":7},{"damage":0,"enemies":"Jaw Worm Horde","floor":46,"turns":2},{"damage":35,"enemies":"Sphere and 2 Shapes","floor":47,"turns":5}],"seed_played":"-6752414852729403399","potions_obtained":[{"floor":1,"key":"Strength Potion"},{"floor":5,"key":"Fire Potion"},{"floor":8,"key":"FearPotion"},{"floor":11,"key":"Ancient Potion"},{"floor":16,"key":"Block Potion"},{"floor":22,"key":"Ancient Potion"},{"floor":24,"key":"GamblersBrew"},{"floor":31,"key":"SkillPotion"},{"floor":33,"key":"Explosive Potion"}],"is_trial":false,"path_per_floor":["M","?","M","?","M","E","R","M","T","M","E","M","M","$","R","B",null,"M","$","?","M","M","R","E","M","T","?","?","$","R","E","R","B",null,"M","?","M","M","?","R","M","?","T","?","T","M","M"],"character_chosen":"IRONCLAD","items_purchased":["PreservedInsect","Metallicize","Vajra","Dramatic Entrance","Pen Nib"],"campfire_rested":5,"item_purchase_floors":[14,14,19,19,29],"current_hp_per_floor":[76,56,61,61,67,51,75,75,75,75,58,64,64,64,64,26,67,69,69,53,42,36,60,57,48,48,48,48,48,72,67,80,59,77,83,83,83,41,41,65,62,47,47,24,24,35,0],"gold":401,"neow_bonus":"ONE_RARE_RELIC","is_prod":false,"is_daily":false,"chose_seed":false,"campfire_upgraded":1,"win_rate":0,"timestamp":1568408019,"path_taken":["M","?","M","?","M","E","R","M","T","M","E","M","M","$","R","BOSS","M","$","?","M","M","R","E","M","T","?","?","$","R","E","R","BOSS","M","?","M","M","?","R","M","?","T","?","?","M","M"],"build_version":"2019-07-17","purchased_purges":0,"victory":false,"max_hp_per_floor":[80,80,80,80,80,80,80,80,80,80,80,80,80,80,80,80,80,80,80,80,80,80,80,80,80,80,80,80,80,80,80,80,83,83,83,83,83,83,83,83,86,90,90,94,94,94,94],"card_choices":[{"not_picked":["Disarm","Rupture"],"picked":"Carnage","floor":1},{"not_picked":["Shrug It Off","True Grit"],"picked":"Thunderclap","floor":3},{"not_picked":["Rage","Anger"],"picked":"Armaments","floor":5},{"not_picked":["Sentinel","Clash"],"picked":"Shrug It Off","floor":6},{"not_picked":["True Grit","Anger"],"picked":"Dropkick","floor":8},{"not_picked":["Ghostly Armor","Berserk"],"picked":"Flex","floor":10},{"not_picked":["Entrench","Pummel"],"picked":"Dual Wield","floor":11},{"not_picked":["Heavy Blade","Sword Boomerang"],"picked":"Intimidate","floor":12},{"not_picked":["Searing Blow","Reckless Charge"],"picked":"Armaments","floor":13},{"not_picked":["Limit Break","Berserk"],"picked":"Demon Form","floor":16},{"not_picked":["Iron Wave","Carnage"],"picked":"Armaments+1","floor":18},{"not_picked":["Headbutt","Anger"],"picked":"Whirlwind+1","floor":21},{"not_picked":["Twin Strike","Heavy Blade"],"picked":"Clash+1","floor":22},{"not_picked":["Dropkick+1","Carnage"],"picked":"Metallicize+1","floor":24},{"not_picked":["Clothesline","Anger+1"],"picked":"Entrench","floor":25},{"not_picked":["Perfected Strike","Pommel Strike"],"picked":"Feed","floor":31},{"not_picked":["Feed","Barricade"],"picked":"Limit Break","floor":33},{"not_picked":["Headbutt+1","True Grit+1","Blood for Blood"],"picked":"SKIP","floor":35},{"not_picked":["True Grit+1","Warcry+1"],"picked":"Thunderclap+1","floor":37},{"not_picked":["Rupture","Spot Weakness"],"picked":"Metallicize","floor":38},{"not_picked":["Body Slam","Thunderclap+1"],"picked":"Spot Weakness","floor":41},{"not_picked":["Power Through","Perfected Strike"],"picked":"Warcry+1","floor":44},{"not_picked":["Hemokinesis+1","Bloodletting+1"],"picked":"Cleave","floor":46}],"player_experience":176075,"relics_obtained":[{"floor":6,"key":"MawBank"},{"floor":9,"key":"Oddly Smooth Stone"},{"floor":11,"key":"Potion Belt"},{"floor":20,"key":"Enchiridion"},{"floor":24,"key":"Art of War"},{"floor":26,"key":"Juzu Bracelet"},{"floor":31,"key":"Lantern"},{"floor":42,"key":"Incense Burner"},{"floor":43,"key":"Ornamental Fan"},{"floor":44,"key":"Champion Belt"},{"floor":45,"key":"Frozen Egg 2"}],"event_choices":[{"damage_healed":0,"gold_gain":0,"player_choice":"Take Damage","damage_taken":20,"relics_obtained":["Golden Idol"],"max_hp_gain":0,"max_hp_loss":0,"event_name":"Golden Idol","floor":2,"gold_loss":0},{"cards_removed":["Strike_R"],"damage_healed":0,"gold_gain":0,"player_choice":"Offered Basic","damage_taken":0,"max_hp_gain":0,"max_hp_loss":0,"event_name":"Bonfire Elementals","floor":4,"gold_loss":0},{"damage_healed":0,"gold_gain":0,"player_choice":"Obtained Book","damage_taken":16,"max_hp_gain":0,"max_hp_loss":0,"event_name":"Cursed Tome","floor":20,"gold_loss":0},{"damage_healed":0,"gold_gain":0,"cards_transformed":["Strike_R","Strike_R"],"player_choice":"Became Test Subject","damage_taken":0,"max_hp_gain":0,"max_hp_loss":0,"event_name":"Drug Dealer","floor":27,"gold_loss":0,"cards_obtained":["Dual Wield","Exhume"]},{"damage_healed":0,"gold_gain":0,"player_choice":"Gave Idol","damage_taken":0,"relics_obtained":["Bloody Idol"],"max_hp_gain":0,"max_hp_loss":0,"event_name":"Forgotten Altar","floor":28,"relics_lost":["Golden Idol"],"gold_loss":0},{"damage_healed":21,"gold_gain":0,"player_choice":"Writhe","damage_taken":0,"max_hp_gain":0,"max_hp_loss":0,"event_name":"Winding Halls","floor":36,"gold_loss":0,"cards_obtained":["Writhe"]},{"damage_healed":0,"gold_gain":0,"player_choice":"Ignored","damage_taken":0,"max_hp_gain":0,"max_hp_loss":0,"event_name":"Tomb of Lord Red Mask","floor":39,"gold_loss":0},{"damage_healed":0,"gold_gain":0,"player_choice":"Fight","damage_taken":0,"max_hp_gain":0,"max_hp_loss":0,"event_name":"MindBloom","floor":42,"gold_loss":0},{"damage_healed":0,"gold_gain":0,"player_choice":"Fight","damage_taken":0,"max_hp_gain":0,"max_hp_loss":0,"event_name":"Mysterious Sphere","floor":44,"gold_loss":0}],"is_beta":false,"boss_relics":[{"not_picked":["Philosopher\u0027s Stone","Busted Crown"],"picked":"Fusion Hammer"},{"not_picked":["Tiny House","Mark of Pain"],"picked":"Sozu"}],"items_purged_floors":[],"is_endless":false,"potions_floor_spawned":[1,5,8,11,16,22,24,31,33,35,37,42],"killed_by":"Sphere and 2 Shapes","ascension_level":6}