{"gold_per_floor":[118,128,140,158,158,192,206,206,206,231,243,34,44,77,77,179,179,199,189,464,480,490,490],"floor_reached":23,"playtime":1427,"items_purged":[],"score":326,"play_id":"969de9ad-8b4d-4fd6-863f-07ad6d576f79","local_time":"20190922085204","is_ascension_mode":true,"campfire_choices":[{"floor":8.0,"key":"REST"},{"data":"Hello World","floor":15.0,"key":"SMITH"}],"neow_cost":"NONE","seed_source_timestamp":3505379181464300,"circlet_count":0,"master_deck":["AscendersBane","Strike_B","Strike_B","Strike_B","Strike_B","Defend_B","Defend_B","Defend_B","Defend_B","Zap","Dualcast","Go for the Eyes","Ball Lightning","Conserve Battery","Conserve Battery","Hello World+1","Coolheaded","Skim","Tempest","Stack","Stack","Seek","Defragment","Chill","Regret","Capacitor","Stack"],"special_seed":0,"relics":["Cracked Core","Boot","Centennial Puzzle","Bottled Lightning","Darkstone Periapt","Membership Card","Dream Catcher","Sozu"],"potions_floor_usage":[16],"damage_taken":[{"damage":0.0,"enemies":"Small Slimes","floor":1.0,"turns":3.0},{"damage":4.0,"enemies":"Cultist","floor":2.0,"turns":3.0},{"damage":7.0,"enemies":"Jaw Worm","floor":3.0,"turns":3.0},{"damage":4.0,"enemies":"Lots of Slimes","floor":4.0,"turns":5.0},{"damage":12.0,"enemies":"Gremlin Nob","floor":6.0,"turns":4.0},{"damage":1.0,"enemies":"Blue Slaver","floor":7.0,"turns":3.0},{"damage":4.0,"enemies":"Lagavulin","floor":10.0,"turns":6.0},{"damage":7.0,"enemies":"Exordium Thugs","floor":11.0,"turns":4.0},{"damage":33.0,"enemies":"Gremlin Gang","floor":13.0,"turns":4.0},{"damage":5.0,"enemies":"3 Sentries","floor":14.0,"turns":6.0},{"damage":40,"enemies":"The Guardian","floor":16,"turns":11},{"damage":9,"enemies":"Chosen","floor":18,"turns":5},{"damage":6,"enemies":"2 Thieves","floor":19,"turns":4},{"damage":8,"enemies":"Chosen and Byrds","floor":21,"turns":5},{"damage":35,"enemies":"Snake Plant","floor":22,"turns":4},{"damage":10,"enemies":"Gremlin Leader","floor":23,"turns":2}],"seed_played":"-6863408166325101721","potions_obtained":[{"floor":3.0,"key":"Strength Potion"},{"floor":5.0,"key":"Fruit Juice"},{"floor":5.0,"key":"Block Potion"},{"floor":5.0,"key":"Strength Potion"},{"floor":7.0,"key":"Regen Potion"},{"floor":11.0,"key":"Swift Potion"},{"floor":13.0,"key":"Regen Potion"}],"is_trial":false,"path_per_floor":["M","M","M","M","?","E","M","R","T","E","M","$","M","E","R","B",null,"M","M","?","M","M","E"],"character_chosen":"DEFECT","items_purchased":["Membership Card"],"campfire_rested":1,"item_purchase_floors":[12],"current_hp_per_floor":[68,64,57,53,58,46,45,69,69,65,58,58,37,47,47,7,62,53,47,53,45,10,0],"gold":490,"neow_bonus":"RANDOM_COMMON_RELIC","is_prod":false,"is_daily":false,"chose_seed":false,"campfire_upgraded":1,"win_rate":0,"timestamp":1569135124,"path_taken":["M","M","M","M","?","E","?","R","T","E","M","$","M","E","R","BOSS","M","M","?","?","M","E"],"build_version":"2019-07-17","purchased_purges":0,"victory":false,"max_hp_per_floor":[75,75,75,75,80,80,80,80,80,80,80,80,80,80,80,80,80,80,80,86,86,86,86],"card_choices":[{"not_picked":["Double Energy","Aggregate"],"picked":"Go for the Eyes","floor":1.0},{"not_picked":["Stack","Capacitor"],"picked":"Ball Lightning","floor":2.0},{"not_picked":["Compile Driver","Heatsinks"],"picked":"Conserve Battery","floor":3.0},{"not_picked":["Chaos","Ball Lightning"],"picked":"Conserve Battery","floor":4.0},{"not_picked":["Barrage","Turbo"],"picked":"Hello World","floor":6.0},{"not_picked":["Steam","Compile Driver"],"picked":"Coolheaded","floor":7.0},{"not_picked":["Turbo","Recycle"],"picked":"Skim","floor":10.0},{"not_picked":["Recycle","Beam Cell"],"picked":"Tempest","floor":11.0},{"not_picked":["Beam Cell","Go for the Eyes"],"picked":"Stack","floor":13.0},{"not_picked":["Fusion","Rip and Tear"],"picked":"Stack","floor":14.0},{"not_picked":["Thunder Strike","Hyperbeam"],"picked":"Seek","floor":16},{"not_picked":["FTL","Gash+1"],"picked":"Defragment","floor":18},{"not_picked":["Redo","Reinforced Body"],"picked":"Chill","floor":19},{"not_picked":["Go for the Eyes+1","Scrape+1"],"picked":"Capacitor","floor":21},{"not_picked":["Ball Lightning","Chaos+1"],"picked":"Stack","floor":22}],"player_experience":289516,"relics_obtained":[{"floor":6.0,"key":"Centennial Puzzle"},{"floor":9.0,"key":"Bottled Lightning"},{"floor":10.0,"key":"Darkstone Periapt"},{"floor":14.0,"key":"Dream Catcher"}],"event_choices":[{"damage_healed":0.0,"max_hp_gain":0.0,"max_hp_loss":0.0,"gold_gain":0.0,"event_name":"Lab","player_choice":"Got Potions","floor":5.0,"gold_loss":0.0,"damage_taken":0.0},{"damage_healed":0,"gold_gain":275,"player_choice":"Desecrate","damage_taken":0,"max_hp_gain":0,"max_hp_loss":0,"event_name":"Golden Shrine","floor":20,"gold_loss":0,"cards_obtained":["Regret"]}],"is_beta":false,"boss_relics":[{"not_picked":["Philosopher\u0027s Stone","Eternal Feather"],"picked":"Sozu"}],"items_purged_floors":[],"is_endless":false,"potions_floor_spawned":[3,7,11,13,21],"killed_by":"Gremlin Leader","ascension_level":10}