{"gold_per_floor":[210,228,248,317,337,337,352,352,428,442,457,467,467,349,349,444,444,464,482,493,99,99,99,111,111,111,61,76,92,104,131,131,228,228,238,238,238,255,23,23,34,34,60,77,97,113,113,0,0,0],"floor_reached":50,"playtime":1311,"items_purged":[],"score":517,"play_id":"b1d286f9-475b-4f45-bebe-c27415dd5120","local_time":"20190908120843","is_ascension_mode":false,"campfire_choices":[{"data":"Inflame","floor":6,"key":"SMITH"},{"data":"Heavy Blade","floor":13,"key":"SMITH"},{"data":"Searing Blow","floor":15,"key":"SMITH"},{"data":"Demon Form","floor":23,"key":"SMITH"},{"data":"Searing Blow+1","floor":25,"key":"SMITH"},{"data":"Searing Blow+2","floor":32,"key":"SMITH"},{"data":"Searing Blow+3","floor":40,"key":"SMITH"},{"data":"Searing Blow+4","floor":42,"key":"SMITH"},{"data":"Searing Blow+5","floor":49,"key":"SMITH"}],"neow_cost":"NONE","seed_source_timestamp":742945207201300,"circlet_count":0,"master_deck":["Strike_R+1","Strike_R+1","Strike_R+1","Strike_R+1","Strike_R+1","Defend_R+1","Bash","Inflame+1","Shrug It Off","Dropkick","Pommel Strike","Searing Blow+6","Heavy Blade+1","Cleave","Demon Form+1","Uppercut","Power Through+1","Flex+1","Corruption","Anger","Rage+1","Infernal Blade","Limit Break","Reckless Charge+1","Warcry+1","Shrug It Off+1","Thunderclap+1","Swift Strike","Madness","Madness","Twin Strike","Rage+1","Flame Barrier+1","Anger+1","Thunderclap+1"],"relics":["Burning Blood","Self Forming Clay","Ornamental Fan","Paper Frog","Velvet Choker","Meat on the Bone","Pear","Omamori","Astrolabe","Ancient Tea Set","War Paint","Red Mask"],"potions_floor_usage":[10,11,16,16,16,16,16,18,24,33,38,45,50],"damage_taken":[{"damage":10,"enemies":"Cultist","floor":1,"turns":4},{"damage":8,"enemies":"Small Slimes","floor":2,"turns":3},{"damage":13,"enemies":"2 Louse","floor":3,"turns":2},{"damage":11,"enemies":"2 Fungi Beasts","floor":5,"turns":4},{"damage":41,"enemies":"Exordium Thugs","floor":7,"turns":5},{"damage":13,"enemies":"Looter","floor":10,"turns":3},{"damage":0,"enemies":"2 Fungi Beasts","floor":11,"turns":2},{"damage":9,"enemies":"Exordium Wildlife","floor":12,"turns":4},{"damage":22,"enemies":"Slime Boss","floor":16,"turns":6},{"damage":16,"enemies":"2 Thieves","floor":18,"turns":3},{"damage":20,"enemies":"3 Byrds","floor":19,"turns":5},{"damage":10,"enemies":"Centurion and Healer","floor":20,"turns":5},{"damage":2,"enemies":"3 Cultists","floor":24,"turns":3},{"damage":0,"enemies":"Snecko","floor":28,"turns":3},{"damage":19,"enemies":"Centurion and Healer","floor":29,"turns":5},{"damage":13,"enemies":"Chosen and Byrds","floor":30,"turns":5},{"damage":41,"enemies":"Champ","floor":33,"turns":7},{"damage":20,"enemies":"3 Shapes","floor":35,"turns":4},{"damage":33,"enemies":"3 Darklings","floor":38,"turns":4},{"damage":8,"enemies":"Jaw Worm Horde","floor":41,"turns":5},{"damage":40,"enemies":"Transient","floor":44,"turns":5},{"damage":42,"enemies":"4 Shapes","floor":45,"turns":6},{"damage":30,"enemies":"3 Darklings","floor":46,"turns":5},{"damage":43,"enemies":"Time Eater","floor":50,"turns":4}],"seed_played":"-3455951059401502426","potions_obtained":[{"floor":2,"key":"Weak Potion"},{"floor":7,"key":"BloodPotion"},{"floor":8,"key":"EntropicBrew"},{"floor":8,"key":"SkillPotion"},{"floor":10,"key":"Fire Potion"},{"floor":11,"key":"Dexterity Potion"},{"floor":12,"key":"FearPotion"},{"floor":18,"key":"Fruit Juice"},{"floor":19,"key":"GamblersBrew"},{"floor":29,"key":"SkillPotion"},{"floor":35,"key":"Energy Potion"},{"floor":44,"key":"Block Potion"},{"floor":45,"key":"Swift Potion"}],"is_trial":false,"path_per_floor":["M","M","M","T","M","R","M","?","T","M","M","M","R","?","R","B",null,"M","M","M","$","?","R","M","R","T","?","M","M","M","T","R","B",null,"M","?","?","M","$","R","M","R","T","M","M","M","?","?","R","B"],"character_chosen":"IRONCLAD","items_purchased":["Flex","Meat on the Bone","Corruption","Ancient Tea Set","BloodPotion"],"campfire_rested":0,"item_purchase_floors":[21,21,21,39,39],"current_hp_per_floor":[76,74,67,67,62,62,27,27,27,40,46,43,43,43,43,27,80,75,61,57,57,57,57,61,61,71,71,77,64,57,57,57,34,95,81,81,69,54,54,54,64,64,64,42,41,29,29,29,29,0],"gold":0,"neow_bonus":"HUNDRED_GOLD","is_prod":false,"is_daily":false,"chose_seed":false,"campfire_upgraded":9,"win_rate":0,"timestamp":1567937323,"path_taken":["M","M","M","?","?","R","M","?","T","M","M","?","R","?","R","BOSS","M","M","M","?","?","R","M","R","T","?","?","M","M","?","R","BOSS","M","?","?","M","?","R","M","R","T","?","M","M","?","?","R","BOSS"],"build_version":"2019-07-17","purchased_purges":0,"victory":false,"max_hp_per_floor":[80,80,80,80,80,80,80,80,80,80,80,80,80,80,80,80,80,85,85,85,85,85,85,85,85,95,95,95,95,95,95,95,95,95,95,95,95,95,95,95,95,95,95,95,95,95,95,95,95,95],"card_choices":[{"not_picked":["Sword Boomerang","Hemokinesis"],"picked":"Inflame","floor":1},{"not_picked":["Pummel","Disarm"],"picked":"Shrug It Off","floor":2},{"not_picked":["Body Slam","Reckless Charge"],"picked":"Dropkick","floor":3},{"not_picked":["Fire Breathing","Sever Soul"],"picked":"Pommel Strike","floor":5},{"not_picked":["Sentinel","Perfected Strike"],"picked":"Searing Blow","floor":7},{"not_picked":["Wild Strike","Anger"],"picked":"Heavy Blade","floor":10},{"not_picked":["Bludgeon","Carnage","Wild Strike"],"picked":"SKIP","floor":11},{"not_picked":["Body Slam","Uppercut"],"picked":"Cleave","floor":12},{"not_picked":["Immolate","Feed"],"picked":"Demon Form","floor":16},{"not_picked":["Carnage+1","Clothesline+1"],"picked":"Uppercut","floor":18},{"not_picked":["Clash","Havoc+1"],"picked":"Power Through","floor":19},{"not_picked":["Armaments","Havoc","Headbutt"],"picked":"SKIP","floor":20},{"not_picked":["Battle Trance","Second Wind","Armaments"],"picked":"SKIP","floor":24},{"not_picked":["Flame Barrier+1","Clash"],"picked":"Anger","floor":28},{"not_picked":["Combust+1","Power Through"],"picked":"Rage+1","floor":29},{"not_picked":["Uppercut","Shrug It Off"],"picked":"Infernal Blade","floor":30},{"not_picked":["Juggernaut","Impervious"],"picked":"Limit Break","floor":33},{"not_picked":["Armaments","Bloodletting+1"],"picked":"Thunderclap+1","floor":35},{"not_picked":["PanicButton","Jack Of All Trades"],"picked":"Swift Strike","floor":36},{"not_picked":["Warcry+1","Sentinel+1"],"picked":"Twin Strike","floor":38},{"not_picked":["Iron Wave","Wild Strike"],"picked":"Rage+1","floor":41},{"not_picked":["Body Slam+1","Shrug It Off"],"picked":"Flame Barrier+1","floor":44},{"not_picked":["Sword Boomerang","Evolve"],"picked":"Anger+1","floor":45},{"not_picked":["Juggernaut","Blood for Blood"],"picked":"Thunderclap+1","floor":46}],"player_experience":226773,"relics_obtained":[{"floor":4,"key":"Self Forming Clay"},{"floor":9,"key":"Ornamental Fan"},{"floor":26,"key":"Pear"},{"floor":31,"key":"Omamori"},{"floor":43,"key":"War Paint"}],"event_choices":[{"damage_healed":0,"gold_gain":0,"player_choice":"Got Potions","damage_taken":0,"max_hp_gain":0,"max_hp_loss":0,"event_name":"Lab","floor":8,"gold_loss":0},{"damage_healed":0,"gold_gain":0,"player_choice":"Paid Gold","damage_taken":0,"relics_obtained":["Paper Frog"],"max_hp_gain":0,"max_hp_loss":0,"event_name":"WeMeetAgain","floor":14,"gold_loss":118},{"damage_healed":0,"gold_gain":0,"player_choice":"Simplicity","damage_taken":0,"max_hp_gain":0,"max_hp_loss":0,"event_name":"Back to Basics","floor":22,"gold_loss":0,"cards_upgraded":["Strike_R","Strike_R","Strike_R","Strike_R","Strike_R","Defend_R","Defend_R","Defend_R","Defend_R"]},{"damage_healed":0,"gold_gain":0,"player_choice":"Bet on Murderer","damage_taken":0,"max_hp_gain":0,"max_hp_loss":0,"event_name":"The Joust","floor":27,"gold_loss":50},{"damage_healed":0,"gold_gain":0,"player_choice":"Memory 1","damage_taken":0,"max_hp_gain":0,"max_hp_loss":0,"event_name":"SensoryStone","floor":36,"gold_loss":0},{"damage_healed":0,"gold_gain":0,"player_choice":"Embrace Madness","damage_taken":12,"max_hp_gain":0,"max_hp_loss":0,"event_name":"Winding Halls","floor":37,"gold_loss":0,"cards_obtained":["Madness","Madness"]},{"damage_healed":0,"gold_gain":0,"player_choice":"Ignored","damage_taken":0,"max_hp_gain":0,"max_hp_loss":0,"event_name":"Mysterious Sphere","floor":47,"gold_loss":0},{"damage_healed":0,"gold_gain":0,"player_choice":"Paid","damage_taken":0,"relics_obtained":["Red Mask"],"max_hp_gain":0,"max_hp_loss":0,"event_name":"Tomb of Lord Red Mask","floor":48,"gold_loss":113}],"is_beta":false,"boss_relics":[{"not_picked":["Runic Cube","Philosopher\u0027s Stone"],"picked":"Velvet Choker"},{"not_picked":["Orrery","Pandora\u0027s Box"],"picked":"Astrolabe"}],"items_purged_floors":[],"is_endless":false,"potions_floor_spawned":[2,7,10,11,12,18,19,29,35,44,45],"killed_by":"Time Eater","ascension_level":0}