{"gold_per_floor":[116,116,127,137,151,180,194,228,228,257,288,300,312,342,354,467,479,506,538,581,608,620,632,644],"floor_reached":24,"playtime":1099,"items_purged":[],"score":220,"play_id":"a2542077-f798-4e11-8a05-6bcf071ec439","local_time":"20190728205419","is_ascension_mode":false,"campfire_choices":[{"floor":13,"key":"REST"},{"data":"Feel No Pain","floor":15,"key":"SMITH"},{"floor":23,"key":"RECALL"}],"neow_cost":"PERCENT_DAMAGE","seed_source_timestamp":1018343327526350,"circlet_count":0,"master_deck":["Strike_R+1","Strike_R+1","Defend_R","Defend_R","Defend_R","Defend_R","Bash","Sword Boomerang","Combust","Hemokinesis","Fire Breathing","Double Tap","Rupture","Immolate","Rupture","Headbutt","Feel No Pain+1","Heavy Blade","Sever Soul","Dark Embrace","Evolve","Flame Barrier","Power Through","Feel No Pain+1"],"relics":["Burning Blood","Whetstone","Pen Nib","Orichalcum","MawBank","Meat on the Bone","Runic Cube","Red Mask","Blue Candle"],"potions_floor_usage":[6,7,8,11,11,21,24],"damage_taken":[{"damage":9,"enemies":"2 Louse","floor":1,"turns":3},{"damage":2,"enemies":"Cultist","floor":3,"turns":3},{"damage":8,"enemies":"Small Slimes","floor":4,"turns":3},{"damage":13,"enemies":"Looter","floor":5,"turns":3},{"damage":42,"enemies":"Lagavulin","floor":6,"turns":6},{"damage":9,"enemies":"Blue Slaver","floor":7,"turns":3},{"damage":12,"enemies":"3 Sentries","floor":8,"turns":4},{"damage":21,"enemies":"Gremlin Nob","floor":10,"turns":4},{"damage":4,"enemies":"Large Slime","floor":11,"turns":4},{"damage":1,"enemies":"2 Fungi Beasts","floor":14,"turns":2},{"damage":36,"enemies":"Hexaghost","floor":16,"turns":6},{"damage":15,"enemies":"2 Thieves","floor":18,"turns":2},{"damage":18,"enemies":"Spheric Guardian","floor":19,"turns":4},{"damage":29,"enemies":"Masked Bandits","floor":20,"turns":4},{"damage":45,"enemies":"Snecko","floor":21,"turns":7},{"damage":41,"enemies":"Slavers","floor":24,"turns":3}],"seed_played":"1327218094210392138","potions_obtained":[{"floor":1,"key":"Energy Potion"},{"floor":3,"key":"BloodPotion"},{"floor":6,"key":"Fire Potion"},{"floor":8,"key":"Explosive Potion"},{"floor":10,"key":"EssenceOfSteel"},{"floor":16,"key":"GamblersBrew"},{"floor":18,"key":"BloodPotion"},{"floor":21,"key":"SteroidPotion"}],"is_trial":false,"path_per_floor":["M","?","M","M","M","E","M","E","T","E","M","T","R","M","R","B",null,"M","M","?","M","?","R","E"],"character_chosen":"IRONCLAD","items_purchased":[],"campfire_rested":1,"item_purchase_floors":[],"current_hp_per_floor":[53,53,57,55,48,32,29,23,23,8,10,10,34,51,51,33,80,71,59,48,41,41,41,0],"gold":644,"neow_bonus":"TRANSFORM_TWO_CARDS","is_prod":false,"is_daily":false,"chose_seed":false,"campfire_upgraded":1,"win_rate":0,"timestamp":1564340059,"path_taken":["M","?","M","?","M","E","M","E","T","E","M","?","R","M","R","BOSS","M","M","?","M","?","R","E"],"build_version":"2019-07-17","purchased_purges":0,"victory":false,"max_hp_per_floor":[80,80,80,80,80,80,80,80,80,80,80,80,80,80,80,80,80,80,80,80,80,80,80,80],"card_choices":[{"not_picked":["Thunderclap","Twin Strike"],"picked":"Hemokinesis","floor":1},{"not_picked":["Flex","Burning Pact"],"picked":"Fire Breathing","floor":3},{"not_picked":["Shrug It Off","Perfected Strike"],"picked":"Double Tap","floor":4},{"not_picked":["Armaments","Headbutt"],"picked":"Rupture","floor":5},{"not_picked":["Havoc","Ghostly Armor"],"picked":"Immolate","floor":6},{"not_picked":["Cleave","Infernal Blade"],"picked":"Rupture","floor":7},{"not_picked":["Havoc","Warcry"],"picked":"Headbutt","floor":8},{"not_picked":["Cleave","Ghostly Armor"],"picked":"Feel No Pain","floor":10},{"not_picked":["Warcry","Pommel Strike"],"picked":"Heavy Blade","floor":11},{"not_picked":["Blood for Blood","Sword Boomerang"],"picked":"Sever Soul","floor":14},{"not_picked":["Berserk","Immolate"],"picked":"Dark Embrace","floor":16},{"not_picked":["Twin Strike","Armaments"],"picked":"Evolve","floor":18},{"not_picked":["Perfected Strike+1","Searing Blow"],"picked":"Flame Barrier","floor":19},{"not_picked":["Havoc","Body Slam"],"picked":"Power Through","floor":20},{"not_picked":["Infernal Blade+1","Seeing Red"],"picked":"Feel No Pain+1","floor":21}],"player_experience":120442,"relics_obtained":[{"floor":6,"key":"Whetstone"},{"floor":8,"key":"Pen Nib"},{"floor":9,"key":"Orichalcum"},{"floor":10,"key":"MawBank"},{"floor":12,"key":"Meat on the Bone"},{"floor":20,"key":"Red Mask"}],"event_choices":[{"cards_removed":["Strike_R"],"damage_healed":0,"gold_gain":0,"player_choice":"Purged","damage_taken":0,"max_hp_gain":0,"max_hp_loss":0,"event_name":"Purifier","floor":2,"gold_loss":0},{"damage_healed":0,"gold_gain":0,"player_choice":"Fought Bandits","damage_taken":0,"max_hp_gain":0,"max_hp_loss":0,"event_name":"Masked Bandits","floor":20,"gold_loss":0},{"damage_healed":0,"gold_gain":0,"player_choice":"Opened","damage_taken":0,"relics_obtained":["Blue Candle"],"max_hp_gain":0,"max_hp_loss":0,"event_name":"The Mausoleum","floor":22,"gold_loss":0}],"is_beta":false,"boss_relics":[{"not_picked":["Snecko Eye","Runic Pyramid"],"picked":"Runic Cube"}],"items_purged_floors":[],"is_endless":false,"potions_floor_spawned":[1,3,6,8,10,16,18,21],"killed_by":"Slavers","ascension_level":0}