{"gold_per_floor":[112,112,122,122,135,161,172,206,206,131,131,150,150,181,181,280,280,295,295,394,411,79,79,113,130,179,179,212,212,212],"floor_reached":30,"playtime":2950,"items_purged":["Strike_R","Strike_R"],"score":354,"play_id":"84e96872-2707-412d-969b-6b89a5af467d","local_time":"20191006202755","is_ascension_mode":true,"campfire_choices":[{"floor":11,"key":"REST"},{"data":"Whirlwind","floor":13,"key":"SMITH"},{"data":"Disarm","floor":15,"key":"SMITH"},{"data":"Spot Weakness","floor":23,"key":"SMITH"},{"floor":27,"key":"REST"}],"neow_cost":"NONE","seed_source_timestamp":231228225361200,"circlet_count":0,"master_deck":["Strike_R+1","Strike_R+1","Strike_R","Defend_R","Defend_R","Defend_R","Defend_R","Bash+1","Disarm+1","Shrug It Off","Heavy Blade","Shockwave","Whirlwind+1","Battle Trance","Impervious","Armaments","Iron Wave","Clothesline","Reaper","Spot Weakness+1","Ghostly Armor+1"],"special_seed":0,"relics":["Burning Blood","Bottled Lightning","Whetstone","Bag of Preparation","Pear","Orrery","Paper Frog","Pen Nib","Mummified Hand"],"potions_floor_usage":[24,25,28,30,30],"damage_taken":[{"damage":1.0,"enemies":"2 Louse","floor":1.0,"turns":2.0},{"damage":4.0,"enemies":"Jaw Worm","floor":3.0,"turns":6.0},{"damage":1.0,"enemies":"Cultist","floor":5.0,"turns":3.0},{"damage":32.0,"enemies":"Gremlin Nob","floor":6.0,"turns":4.0},{"damage":13,"enemies":"3 Louse","floor":7,"turns":5},{"damage":36,"enemies":"Lagavulin","floor":8,"turns":10},{"damage":3,"enemies":"Looter","floor":12,"turns":4},{"damage":15,"enemies":"3 Sentries","floor":14,"turns":5},{"damage":27,"enemies":"Hexaghost","floor":16,"turns":12},{"damage":15,"enemies":"Shell Parasite","floor":18,"turns":13},{"damage":2,"enemies":"3 Byrds","floor":21,"turns":6},{"damage":100,"enemies":"Slavers","floor":24,"turns":8},{"damage":12,"enemies":"Snecko","floor":25,"turns":5},{"damage":52,"enemies":"Gremlin Leader","floor":28,"turns":10},{"damage":40,"enemies":"Centurion and Healer","floor":30,"turns":8}],"seed_played":"6183404618559723192","potions_obtained":[{"floor":1.0,"key":"Swift Potion"},{"floor":6,"key":"Energy Potion"},{"floor":8,"key":"Dexterity Potion"},{"floor":14,"key":"Ancient Potion"},{"floor":16,"key":"AttackPotion"},{"floor":21,"key":"BloodPotion"},{"floor":24,"key":"Poison Potion"},{"floor":28,"key":"Poison Potion"}],"is_trial":false,"path_per_floor":["M","?","M","?","M","E","M","E","T","$","R","M","R","E","R","B",null,"M","?","?","M","$","R","E","M","T","R","E","?","M"],"character_chosen":"IRONCLAD","items_purchased":["Reaper","Spot Weakness"],"campfire_rested":2,"item_purchase_floors":[22,22],"current_hp_per_floor":[88,88,88,88,88,62,55,25,25,25,51,54,54,55,55,34,98,89,89,89,93,93,93,13,39,39,68,40,20,0],"gold":212,"neow_bonus":"TEN_PERCENT_HP_BONUS","is_prod":false,"is_daily":false,"chose_seed":false,"campfire_upgraded":3,"win_rate":0,"timestamp":1570411675,"path_taken":["M","?","M","?","?","E","M","E","T","$","R","M","R","E","R","BOSS","M","?","?","M","$","R","E","M","T","R","E","?","M"],"build_version":"2019-07-17","purchased_purges":2,"victory":false,"max_hp_per_floor":[88,88,88,88,88,88,88,88,88,88,88,88,88,98,98,98,98,98,98,98,98,98,98,98,98,98,98,98,103,103],"card_choices":[{"not_picked":["Evolve","Anger","Body Slam"],"picked":"SKIP","floor":1.0},{"not_picked":["Twin Strike","Perfected Strike"],"picked":"Disarm","floor":3.0},{"not_picked":["Searing Blow","Warcry"],"picked":"Shrug It Off","floor":5.0},{"not_picked":["Rampage","Power Through"],"picked":"Heavy Blade","floor":6},{"not_picked":["Warcry","Fire Breathing"],"picked":"Shockwave","floor":7},{"not_picked":["Heavy Blade","Pommel Strike","Body Slam"],"picked":"SKIP","floor":8},{"not_picked":["True Grit","Exhume"],"picked":"Whirlwind","floor":12},{"not_picked":["True Grit","Havoc"],"picked":"Battle Trance","floor":14},{"not_picked":["Juggernaut","Offering"],"picked":"Impervious","floor":16},{"not_picked":["Corruption","Shockwave"],"picked":"Armaments","floor":17},{"not_picked":["Cleave","Flex"],"picked":"Iron Wave","floor":17},{"not_picked":["Reckless Charge+1","Sentinel","Wild Strike+1"],"picked":"SKIP","floor":18},{"not_picked":["Dropkick+1","Thunderclap+1","Twin Strike"],"picked":"SKIP","floor":21},{"not_picked":["Double Tap","Iron Wave","True Grit"],"picked":"SKIP","floor":24},{"not_picked":["Pummel","Carnage+1"],"picked":"Ghostly Armor+1","floor":25},{"not_picked":["Dropkick","Wild Strike","Iron Wave"],"picked":"SKIP","floor":28}],"player_experience":203608,"relics_obtained":[{"floor":6,"key":"Bottled Lightning"},{"floor":8,"key":"Whetstone"},{"floor":9,"key":"Bag of Preparation"},{"floor":14,"key":"Pear"},{"floor":24,"key":"Paper Frog"},{"floor":26,"key":"Pen Nib"},{"floor":28,"key":"Mummified Hand"}],"event_choices":[{"damage_healed":0.0,"max_hp_gain":0.0,"max_hp_loss":0.0,"gold_gain":0.0,"event_name":"Golden Idol","player_choice":"Ignored","floor":2.0,"gold_loss":0.0,"damage_taken":0.0},{"damage_healed":0.0,"max_hp_gain":0.0,"max_hp_loss":0.0,"gold_gain":0.0,"event_name":"Upgrade Shrine","player_choice":"Upgraded","floor":4.0,"gold_loss":0.0,"damage_taken":0.0,"cards_upgraded":["Bash"]},{"damage_healed":0,"gold_gain":0,"player_choice":"Read","damage_taken":0,"max_hp_gain":0,"max_hp_loss":0,"event_name":"The Library","floor":19,"gold_loss":0,"cards_obtained":["Clothesline"]},{"damage_healed":0,"gold_gain":99,"player_choice":"Stole From Cult","damage_taken":0,"max_hp_gain":0,"max_hp_loss":0,"event_name":"Nest","floor":20,"gold_loss":0},{"damage_healed":0,"gold_gain":0,"player_choice":"Shed Blood","damage_taken":25,"max_hp_gain":5,"max_hp_loss":0,"event_name":"Forgotten Altar","floor":29,"gold_loss":0}],"is_beta":false,"boss_relics":[{"not_picked":["Pandora\u0027s Box","Empty Cage"],"picked":"Orrery"}],"items_purged_floors":[10,22],"is_endless":false,"potions_floor_spawned":[1,6,8,14,16,21,24,28],"killed_by":"Centurion and Healer","ascension_level":3}