{"gold_per_floor":[109,109,127,142,161,194,194,194,194,227,237,266,266,294,294,396,396,409,409,424,442,442,472,472,487,512,11,11,37,37,56,56,153,153,164,14,14,14],"floor_reached":38,"playtime":2057,"items_purged":["Strike_G"],"score":630,"play_id":"8af6cc28-da6d-4a6d-aff8-563e3325044e","local_time":"20190918182410","is_ascension_mode":true,"campfire_choices":[{"floor":7,"key":"REST"},{"data":"Noxious Fumes","floor":15,"key":"SMITH"},{"floor":24,"key":"REST"},{"floor":30,"key":"REST"},{"floor":32,"key":"REST"}],"neow_cost":"NONE","seed_source_timestamp":3193772219991500,"circlet_count":0,"master_deck":["Strike_G+1","Defend_G","Defend_G","Defend_G","Defend_G","Defend_G","Survivor","Neutralize","Noxious Fumes+1","Terror","Dodge and Roll","Dagger Spray","Skewer+1","Bane","Poisoned Stab","Skewer","After Image","Deadly Poison","Crippling Poison","Dagger Spray+1","After Image","Footwork","Deflect+1","Catalyst","After Image+1","Outmaneuver","Noxious Fumes+1"],"relics":["Velvet Choker","Ninja Scroll","Sundial","Question Card","Whetstone","Strawberry","Kunai","Bag of Marbles","Philosopher\u0027s Stone","Regal Pillow","Juzu Bracelet","Boot","TheAbacus","Frozen Egg 2","Smiling Mask","Empty Cage"],"potions_floor_usage":[6,12,14,33,38,38],"damage_taken":[{"damage":0,"enemies":"Jaw Worm","floor":1,"turns":4},{"damage":0,"enemies":"2 Louse","floor":3,"turns":3},{"damage":0,"enemies":"Cultist","floor":4,"turns":4},{"damage":0,"enemies":"Blue Slaver","floor":5,"turns":5},{"damage":11,"enemies":"Lagavulin","floor":6,"turns":6},{"damage":2,"enemies":"Gremlin Nob","floor":10,"turns":3},{"damage":0,"enemies":"Large Slime","floor":11,"turns":3},{"damage":3,"enemies":"3 Sentries","floor":12,"turns":4},{"damage":0,"enemies":"Gremlin Nob","floor":14,"turns":2},{"damage":13,"enemies":"Slime Boss","floor":16,"turns":7},{"damage":0,"enemies":"3 Byrds","floor":18,"turns":4},{"damage":5,"enemies":"Spheric Guardian","floor":20,"turns":3},{"damage":8,"enemies":"Snecko","floor":21,"turns":3},{"damage":36,"enemies":"Slavers","floor":23,"turns":5},{"damage":1,"enemies":"3 Cultists","floor":25,"turns":5},{"damage":38,"enemies":"Gremlin Leader","floor":29,"turns":5},{"damage":8,"enemies":"Snake Plant","floor":31,"turns":3},{"damage":15,"enemies":"Champ","floor":33,"turns":11},{"damage":2,"enemies":"Orb Walker","floor":35,"turns":4},{"damage":75,"enemies":"Time Eater","floor":38,"turns":10}],"seed_played":"-1234470050202581562","potions_obtained":[{"floor":3,"key":"Strength Potion"},{"floor":6,"key":"Block Potion"},{"floor":10,"key":"SteroidPotion"},{"floor":11,"key":"Block Potion"},{"floor":21,"key":"Dexterity Potion"},{"floor":29,"key":"FearPotion"},{"floor":33,"key":"AttackPotion"}],"is_trial":false,"path_per_floor":["M","?","M","M","M","E","R","?","T","E","M","E","?","E","R","B",null,"M","?","M","M","?","E","R","M","T","$","?","E","R","M","R","B",null,"M","$","?","B"],"character_chosen":"THE_SILENT","items_purchased":["Boot","TheAbacus","Footwork","Noxious Fumes+1","GhostInAJar"],"campfire_rested":4,"item_purchase_floors":[27,27,27,36,36],"current_hp_per_floor":[63,56,56,56,56,45,66,66,66,64,64,68,61,61,61,48,70,70,56,51,43,43,7,46,45,45,45,45,7,46,38,77,62,77,75,75,75,0],"gold":14,"neow_bonus":"BOSS_RELIC","is_prod":false,"is_daily":false,"chose_seed":false,"campfire_upgraded":1,"win_rate":0,"timestamp":1568823850,"path_taken":["M","?","M","M","M","E","R","?","T","E","?","E","?","E","R","BOSS","M","?","M","M","?","E","R","M","T","$","?","E","R","M","R","BOSS","M","$","?","BOSS"],"build_version":"2019-07-17","purchased_purges":1,"victory":false,"max_hp_per_floor":[70,70,70,70,70,70,70,70,70,70,70,77,77,77,77,77,77,77,82,82,82,82,82,82,82,82,82,82,82,82,82,82,82,82,82,82,82,82],"card_choices":[{"not_picked":["Poisoned Stab","All Out Attack"],"picked":"Noxious Fumes","floor":1},{"not_picked":["Prepared","Masterful Stab"],"picked":"Terror","floor":3},{"not_picked":["Backflip","Cloak And Dagger"],"picked":"Dodge and Roll","floor":4},{"not_picked":["Dagger Throw","Blade Dance"],"picked":"Dagger Spray","floor":5},{"not_picked":["Heel Hook","Choke"],"picked":"Skewer","floor":6},{"not_picked":["Escape Plan","Prepared","Calculated Gamble","Heel Hook"],"picked":"SKIP","floor":10},{"not_picked":["Acrobatics","Deflect","Concentrate"],"picked":"Bane","floor":11},{"not_picked":["Tactician","Phantasmal Killer","All Out Attack"],"picked":"Poisoned Stab","floor":12},{"not_picked":["Dagger Throw","Calculated Gamble","Blade Dance"],"picked":"Skewer","floor":14},{"not_picked":["A Thousand Cuts","Doppelganger","Storm of Steel"],"picked":"After Image","floor":16},{"not_picked":["Dash","Riddle With Holes","Flechettes"],"picked":"Deadly Poison","floor":18},{"not_picked":["Well Laid Plans","Deadly Poison+1","Acrobatics"],"picked":"Crippling Poison","floor":20},{"not_picked":["Cloak And Dagger+1","Acrobatics","Backflip"],"picked":"Dagger Spray+1","floor":21},{"not_picked":["Footwork","Underhanded Strike+1","Outmaneuver"],"picked":"After Image","floor":23},{"not_picked":["Acrobatics","Backflip","Flechettes","Heel Hook"],"picked":"SKIP","floor":25},{"not_picked":["Distraction","Dodge and Roll","Night Terror"],"picked":"Deflect+1","floor":29},{"not_picked":["Dodge and Roll","Poisoned Stab","Quick Slash+1"],"picked":"Catalyst","floor":31},{"not_picked":["Doppelganger","Malaise","Phantasmal Killer"],"picked":"After Image+1","floor":33},{"not_picked":["Eviscerate+1","Prepared+1","Underhanded Strike+1"],"picked":"Outmaneuver","floor":35}],"player_experience":244222,"relics_obtained":[{"floor":6,"key":"Ninja Scroll"},{"floor":9,"key":"Question Card"},{"floor":10,"key":"Whetstone"},{"floor":12,"key":"Strawberry"},{"floor":14,"key":"Bag of Marbles"},{"floor":23,"key":"Regal Pillow"},{"floor":26,"key":"Juzu Bracelet"},{"floor":29,"key":"Smiling Mask"}],"event_choices":[{"cards_removed":["Strike_G"],"damage_healed":0,"gold_gain":0,"player_choice":"Card Removal","damage_taken":7,"max_hp_gain":0,"max_hp_loss":0,"event_name":"Golden Wing","floor":2,"gold_loss":0},{"damage_healed":0,"gold_gain":0,"player_choice":"Gave Potion","damage_taken":0,"relics_obtained":["Sundial"],"max_hp_gain":0,"max_hp_loss":0,"event_name":"WeMeetAgain","floor":8,"gold_loss":0},{"damage_healed":0,"gold_gain":0,"player_choice":"Success","damage_taken":7,"relics_obtained":["Kunai"],"max_hp_gain":0,"max_hp_loss":0,"event_name":"Scrap Ooze","floor":13,"gold_loss":0},{"damage_healed":0,"gold_gain":0,"player_choice":"Shed Blood","damage_taken":19,"max_hp_gain":5,"max_hp_loss":0,"event_name":"Forgotten Altar","floor":19,"gold_loss":0},{"cards_removed":["Strike_G"],"damage_healed":0,"gold_gain":0,"player_choice":"Purged","damage_taken":0,"max_hp_gain":0,"max_hp_loss":0,"event_name":"Purifier","floor":22,"gold_loss":0},{"damage_healed":0,"gold_gain":0,"player_choice":"Stole Relic","damage_taken":0,"relics_obtained":["Frozen Egg 2"],"max_hp_gain":0,"max_hp_loss":0,"event_name":"Addict","floor":28,"gold_loss":0,"cards_obtained":["Shame"]},{"damage_healed":0,"gold_gain":0,"player_choice":"Took Portal","damage_taken":0,"max_hp_gain":0,"max_hp_loss":0,"event_name":"SecretPortal","floor":37,"gold_loss":0}],"is_beta":false,"boss_relics":[{"not_picked":["Runic Pyramid","Coffee Dripper"],"picked":"Philosopher\u0027s Stone"},{"not_picked":["HoveringKite","Runic Dome"],"picked":"Empty Cage"}],"items_purged_floors":[27],"is_endless":false,"potions_floor_spawned":[3,6,10,11,21,29,33],"killed_by":"Time Eater","ascension_level":7}