{"gold_per_floor":[20,31,31,45,45,64,99,99,99,127,141,141,160,187,187,290,290,303,303,303,320,335,361,377,409,433,433,12,29,55,80,92,104],"floor_reached":33,"playtime":2034,"items_purged":[],"score":403,"play_id":"b00bd8e7-40e5-47ec-bf45-515f8fcbd2f4","local_time":"20190908204639","is_ascension_mode":true,"campfire_choices":[{"floor":8,"key":"REST"},{"data":"Feed","floor":12,"key":"SMITH"},{"data":"Juggernaut","floor":15,"key":"SMITH"},{"floor":27,"key":"REST"},{"data":"Armaments","floor":32,"key":"SMITH"}],"neow_cost":"NO_GOLD","seed_source_timestamp":2338408130970700,"circlet_count":0,"master_deck":["Strike_R","Strike_R","Strike_R+1","Strike_R","Strike_R","Defend_R","Defend_R","Defend_R","Defend_R","Bash","Thunderclap","Iron Wave","Cleave","Feed+1","Juggernaut+1","Pommel Strike+1","Cleave","Combust","Berserk","Metallicize","Metallicize","Feel No Pain","Cleave","Inflame","Iron Wave","Dual Wield","Armaments+1","Thunderclap","Dropkick","Clash+1"],"relics":["Burning Blood","Peace Pipe","Bag of Preparation","Kunai","Charon\u0027s Ashes","Mummified Hand","Mark of Pain","Red Skull","Strawberry","Bag of Marbles","Blood Vial","Whetstone","MawBank"],"potions_floor_usage":[6,7,14,14,16,23,25,30,30],"damage_taken":[{"damage":11,"enemies":"Cultist","floor":1,"turns":4},{"damage":10,"enemies":"Small Slimes","floor":2,"turns":3},{"damage":2,"enemies":"2 Louse","floor":4,"turns":2},{"damage":7,"enemies":"Large Slime","floor":6,"turns":5},{"damage":41,"enemies":"Lagavulin","floor":7,"turns":6},{"damage":27,"enemies":"3 Sentries","floor":10,"turns":6},{"damage":3,"enemies":"3 Louse","floor":11,"turns":2},{"damage":11,"enemies":"Blue Slaver","floor":13,"turns":3},{"damage":16,"enemies":"Gremlin Nob","floor":14,"turns":3},{"damage":38,"enemies":"The Guardian","floor":16,"turns":10},{"damage":5,"enemies":"3 Byrds","floor":18,"turns":5},{"damage":9,"enemies":"Chosen","floor":21,"turns":4},{"damage":31,"enemies":"Shelled Parasite and Fungi","floor":22,"turns":7},{"damage":23,"enemies":"Gremlin Leader","floor":23,"turns":5},{"damage":8,"enemies":"Snecko","floor":24,"turns":4},{"damage":45,"enemies":"Slavers","floor":25,"turns":5},{"damage":2,"enemies":"Cultist and Chosen","floor":29,"turns":4},{"damage":15,"enemies":"Book of Stabbing","floor":30,"turns":5},{"damage":0,"enemies":"3 Cultists","floor":31,"turns":2},{"damage":75,"enemies":"Champ","floor":33,"turns":7}],"seed_played":"5318723884839378135","potions_obtained":[{"floor":1,"key":"Swift Potion"},{"floor":2,"key":"BloodPotion"},{"floor":3,"key":"Fire Potion"},{"floor":3,"key":"Strength Potion"},{"floor":6,"key":"Energy Potion"},{"floor":11,"key":"Strength Potion"},{"floor":14,"key":"Ancient Potion"},{"floor":21,"key":"SneckoOil"},{"floor":23,"key":"GamblersBrew"},{"floor":25,"key":"Dexterity Potion"}],"is_trial":false,"path_per_floor":["M","M","?","M","$","M","E","R","T","E","M","R","M","E","R","B",null,"M","?","?","M","M","E","M","E","T","R","$","M","E","M","R","B"],"character_chosen":"IRONCLAD","items_purchased":["EssenceOfSteel","Blood Vial","Whetstone","Armaments"],"campfire_rested":2,"item_purchase_floors":[28,28,28,28],"current_hp_per_floor":[75,71,71,75,75,74,39,63,63,45,48,48,47,37,37,26,87,91,91,91,88,67,50,48,16,16,46,46,56,49,57,57,0],"gold":104,"neow_bonus":"ONE_RARE_RELIC","is_prod":false,"is_daily":false,"chose_seed":false,"campfire_upgraded":3,"win_rate":0,"timestamp":1567968399,"path_taken":["M","?","?","M","?","M","E","R","T","E","M","R","M","E","R","BOSS","M","?","?","M","M","E","M","E","T","R","$","M","E","M","R","BOSS"],"build_version":"2019-07-17","purchased_purges":0,"victory":false,"max_hp_per_floor":[80,80,80,80,80,80,80,80,80,83,83,83,87,87,87,87,87,91,91,91,91,95,95,95,102,102,102,102,106,106,106,106,106],"card_choices":[{"not_picked":["Carnage","Twin Strike"],"picked":"Thunderclap","floor":1},{"not_picked":["Searing Blow","Perfected Strike"],"picked":"Iron Wave","floor":2},{"not_picked":["Second Wind","Burning Pact","Hemokinesis"],"picked":"SKIP","floor":4},{"not_picked":["Sever Soul","Reckless Charge"],"picked":"Cleave","floor":6},{"not_picked":["Heavy Blade","Headbutt"],"picked":"Feed","floor":7},{"not_picked":["Evolve","Twin Strike"],"picked":"Juggernaut","floor":10},{"not_picked":["Hemokinesis","Anger"],"picked":"Pommel Strike","floor":11},{"not_picked":["Warcry","Whirlwind"],"picked":"Cleave","floor":13},{"not_picked":["Disarm","Power Through"],"picked":"Combust","floor":14},{"not_picked":["Exhume","Immolate"],"picked":"Berserk","floor":16},{"not_picked":["Armaments","Flex"],"picked":"Metallicize","floor":18},{"not_picked":["Corruption","Perfected Strike"],"picked":"Feel No Pain","floor":21},{"not_picked":["Bloodletting+1","Sever Soul+1"],"picked":"Cleave","floor":22},{"not_picked":["Thunderclap","Reaper"],"picked":"Inflame","floor":23},{"not_picked":["Dropkick","Hemokinesis"],"picked":"Iron Wave","floor":24},{"not_picked":["Heavy Blade","Infernal Blade"],"picked":"Dual Wield","floor":25},{"not_picked":["Anger","Twin Strike"],"picked":"Thunderclap","floor":29},{"not_picked":["Limit Break","Disarm"],"picked":"Dropkick","floor":30},{"not_picked":["Perfected Strike","Havoc"],"picked":"Clash+1","floor":31}],"player_experience":97334,"relics_obtained":[{"floor":7,"key":"Bag of Preparation"},{"floor":9,"key":"Kunai"},{"floor":10,"key":"Charon\u0027s Ashes"},{"floor":14,"key":"Mummified Hand"},{"floor":23,"key":"Red Skull"},{"floor":25,"key":"Strawberry"},{"floor":26,"key":"Bag of Marbles"},{"floor":30,"key":"MawBank"}],"event_choices":[{"damage_healed":0,"gold_gain":0,"player_choice":"Got Potions","damage_taken":0,"max_hp_gain":0,"max_hp_loss":0,"event_name":"Lab","floor":3,"gold_loss":0},{"damage_healed":0,"gold_gain":0,"player_choice":"Read","damage_taken":0,"max_hp_gain":0,"max_hp_loss":0,"event_name":"The Library","floor":19,"gold_loss":0,"cards_obtained":["Metallicize"]},{"damage_healed":0,"gold_gain":0,"player_choice":"Ignored","damage_taken":0,"max_hp_gain":0,"max_hp_loss":0,"event_name":"Vampires","floor":20,"gold_loss":0}],"is_beta":false,"boss_relics":[{"not_picked":["White Beast Statue","Coffee Dripper"],"picked":"Mark of Pain"}],"items_purged_floors":[],"is_endless":false,"potions_floor_spawned":[1,2,6,11,13,14,21,23,25,29],"killed_by":"Champ","ascension_level":3}