{"gold_per_floor":[20,35,46,66,66,98,98,130,180,180,192,222,222,235,235,337,337,354,354,45,62,75,75,85,85,115,128,128,156,156,168,168,268,268,279,279,292,292,292,302,336,19,45,80,80,94,94,121,121,121],"floor_reached":51,"playtime":2671,"items_purged":[],"score":1222,"play_id":"2c08bb0c-1855-4949-a063-f4c0be780cd9","local_time":"20190923173047","is_ascension_mode":true,"campfire_choices":[{"floor":7.0,"key":"REST"},{"floor":10.0,"key":"REST"},{"data":"Storm","floor":13.0,"key":"SMITH"},{"data":"Creative AI","floor":15.0,"key":"SMITH"},{"data":"Defragment","floor":23.0,"key":"SMITH"},{"data":"Self Repair","floor":25.0,"key":"SMITH"},{"data":"Storm","floor":32.0,"key":"SMITH"},{"floor":45.0,"key":"REST"},{"floor":47.0,"key":"REST"},{"floor":49.0,"key":"REST"}],"neow_cost":"NO_GOLD","seed_source_timestamp":0,"circlet_count":0,"master_deck":["AscendersBane","Strike_B","Strike_B","Defend_B","Defend_B","Defend_B","Zap","Dualcast","Beam Cell","Ball Lightning","Defragment+1","Conserve Battery","Coolheaded","Static Discharge","Steam","Creative AI+1","Storm+1","Conserve Battery","Leap","Sweeping Beam","Thunder Strike","Force Field","Self Repair+1","Stack","Leap","Hologram","Storm+1","Coolheaded","Sweeping Beam+1","Buffer","Hologram+1","Ball Lightning+1","HandOfGreed","Trip","Coolheaded","Sweeping Beam","Sweeping Beam","Static Discharge","Stack","Gash","Storm","Reinforced Body+1","BootSequence+1"],"special_seed":0,"relics":["Cracked Core","Meat on the Bone","Blue Candle","Pen Nib","Blood Vial","Philosopher\u0027s Stone","Nilry\u0027s Codex","Mummified Hand","Tiny Chest","Dodecahedron","Ornamental Fan","Fusion Hammer","Regal Pillow","Art of War","Happy Flower","Sundial","Bottled Tornado"],"potions_floor_usage":[],"damage_taken":[{"damage":0.0,"enemies":"Cultist","floor":1.0,"turns":2.0},{"damage":2.0,"enemies":"Jaw Worm","floor":2.0,"turns":2.0},{"damage":5.0,"enemies":"Small Slimes","floor":3.0,"turns":3.0},{"damage":10.0,"enemies":"Exordium Thugs","floor":4.0,"turns":5.0},{"damage":49.0,"enemies":"Gremlin Nob","floor":6.0,"turns":5.0},{"damage":18.0,"enemies":"3 Sentries","floor":8.0,"turns":7.0},{"damage":3.0,"enemies":"2 Fungi Beasts","floor":11.0,"turns":3.0},{"damage":29.0,"enemies":"Lagavulin","floor":12.0,"turns":5.0},{"damage":4.0,"enemies":"Looter","floor":14.0,"turns":4.0},{"damage":32.0,"enemies":"The Guardian","floor":16.0,"turns":9.0},{"damage":13.0,"enemies":"Shell Parasite","floor":18.0,"turns":5.0},{"damage":35.0,"enemies":"3 Byrds","floor":21.0,"turns":4.0},{"damage":7.0,"enemies":"Snecko","floor":22.0,"turns":4.0},{"damage":3.0,"enemies":"Sentry and Sphere","floor":24.0,"turns":4.0},{"damage":26.0,"enemies":"Centurion and Healer","floor":27.0,"turns":5.0},{"damage":8.0,"enemies":"Gremlin Leader","floor":29.0,"turns":5.0},{"damage":12.0,"enemies":"Snake Plant","floor":31.0,"turns":2.0},{"damage":22.0,"enemies":"Automaton","floor":33.0,"turns":8.0},{"damage":7.0,"enemies":"3 Shapes","floor":35.0,"turns":2.0},{"damage":20.0,"enemies":"3 Darklings","floor":37.0,"turns":4.0},{"damage":27.0,"enemies":"Writhing Mass","floor":40.0,"turns":4.0},{"damage":29.0,"enemies":"4 Shapes","floor":41.0,"turns":4.0},{"damage":34.0,"enemies":"Nemesis","floor":44.0,"turns":5.0},{"damage":15.0,"enemies":"Transient","floor":46.0,"turns":5.0},{"damage":0.0,"enemies":"Giant Head","floor":48.0,"turns":5.0},{"damage":71,"enemies":"Time Eater","floor":50,"turns":4}],"seed_played":"4327686880851408199","potions_obtained":[{"floor":3.0,"key":"SkillPotion"},{"floor":6.0,"key":"Weak Potion"},{"floor":11.0,"key":"LiquidBronze"},{"floor":12.0,"key":"Fire Potion"},{"floor":21.0,"key":"Ancient Potion"},{"floor":24.0,"key":"FocusPotion"},{"floor":30.0,"key":"EntropicBrew"},{"floor":31.0,"key":"Explosive Potion"},{"floor":40.0,"key":"PowerPotion"},{"floor":44.0,"key":"SpeedPotion"},{"floor":46.0,"key":"Regen Potion"},{"floor":48.0,"key":"Fruit Juice"}],"is_trial":false,"path_per_floor":["M","M","M","M","?","E","R","E","T","R","M","E","R","M","R","B",null,"M","?","$","M","M","R","M","R","T","M","T","E","?","M","R","B",null,"M","T","M","?","?","M","M","$","T","E","R","M","R","E","R","B",null],"character_chosen":"DEFECT","items_purchased":["Mummified Hand","Self Repair","Static Discharge","Art of War","Stack","Gash"],"campfire_rested":5,"item_purchase_floors":[20,20,42,42,42,42],"current_hp_per_floor":[68,66,61,51,51,2,24,18,18,40,49,32,32,42,42,24,62,51,35,35,21,35,35,53,53,53,51,51,55,55,45,45,47,68,63,63,55,55,55,52,47,47,47,27,64,61,75,80,80,21],"gold":121,"neow_bonus":"TRANSFORM_TWO_CARDS","is_prod":false,"is_daily":false,"chose_seed":false,"campfire_upgraded":5,"win_rate":0,"timestamp":1569252647,"path_taken":["M","?","?","M","?","E","R","E","T","R","M","E","R","M","R","BOSS","M","?","$","M","M","R","M","R","T","M","?","E","?","M","R","BOSS","M","?","M","?","?","M","?","$","T","E","R","M","R","E","R","BOSS"],"build_version":"2019-07-17","purchased_purges":0,"victory":true,"max_hp_per_floor":[75,75,75,75,75,75,75,75,75,75,75,75,75,75,75,75,75,75,75,75,75,75,75,75,75,75,75,75,75,75,75,75,75,75,75,75,75,75,75,75,75,75,75,75,75,75,75,80,80,80],"card_choices":[{"not_picked":["Beam Cell","Coolheaded"],"picked":"Defragment","floor":1.0},{"not_picked":["Rebound","Reprogram"],"picked":"Conserve Battery","floor":2.0},{"not_picked":["Barrage","Compile Driver"],"picked":"Coolheaded","floor":3.0},{"not_picked":["Stack","Rip and Tear"],"picked":"Static Discharge","floor":4.0},{"not_picked":["Redo","Doom and Gloom"],"picked":"Creative AI","floor":6.0},{"not_picked":["Cold Snap","Steam Power"],"picked":"Storm","floor":8.0},{"not_picked":["Scrape","Coolheaded"],"picked":"Conserve Battery","floor":11.0},{"not_picked":["Core Surge","Barrage"],"picked":"Leap","floor":12.0},{"not_picked":["Undo","Reprogram"],"picked":"Sweeping Beam","floor":14.0},{"not_picked":["Hyperbeam","Machine Learning"],"picked":"Thunder Strike","floor":16.0},{"not_picked":["Sweeping Beam","Leap+1"],"picked":"Force Field","floor":18.0},{"not_picked":["Go for the Eyes","Hologram"],"picked":"Stack","floor":21.0},{"not_picked":["Streamline","Redo"],"picked":"Leap","floor":22.0},{"not_picked":["Genetic Algorithm","Streamline"],"picked":"Hologram","floor":24.0},{"not_picked":["Beam Cell","Lockon+1"],"picked":"Storm","floor":27.0},{"not_picked":["Chaos","Streamline"],"picked":"Coolheaded","floor":29.0},{"not_picked":["Tempest","Coolheaded"],"picked":"Sweeping Beam+1","floor":31.0},{"not_picked":["Rainbow","Core Surge"],"picked":"Buffer","floor":33.0},{"not_picked":["Conserve Battery","Beam Cell"],"picked":"Hologram+1","floor":35.0},{"not_picked":["Gash","Fusion"],"picked":"Ball Lightning+1","floor":37.0},{"not_picked":["Deep Breath","Forethought"],"picked":"HandOfGreed","floor":38.0},{"not_picked":["Redo","Turbo+1"],"picked":"Sweeping Beam","floor":40.0},{"not_picked":["Steam","Tempest"],"picked":"Sweeping Beam","floor":41.0},{"not_picked":["Reboot","Reinforced Body"],"picked":"Storm","floor":44.0},{"not_picked":["Scrape+1","Reprogram"],"picked":"Reinforced Body+1","floor":46.0},{"not_picked":["Cold Snap+1","Go for the Eyes+1"],"picked":"BootSequence+1","floor":48.0}],"player_experience":315575,"relics_obtained":[{"floor":6.0,"key":"Meat on the Bone"},{"floor":8.0,"key":"Blue Candle"},{"floor":9.0,"key":"Pen Nib"},{"floor":12.0,"key":"Blood Vial"},{"floor":19.0,"key":"Nilry\u0027s Codex"},{"floor":26.0,"key":"Tiny Chest"},{"floor":28.0,"key":"Dodecahedron"},{"floor":29.0,"key":"Ornamental Fan"},{"floor":36.0,"key":"Regal Pillow"},{"floor":43.0,"key":"Happy Flower"},{"floor":44.0,"key":"Sundial"},{"floor":48.0,"key":"Bottled Tornado"}],"event_choices":[{"damage_healed":0.0,"max_hp_gain":0.0,"max_hp_loss":0.0,"gold_gain":0.0,"cards_transformed":["Strike_B"],"event_name":"Transmorgrifier","player_choice":"Transformed","floor":5.0,"gold_loss":0.0,"damage_taken":0.0,"cards_obtained":["Steam"]},{"damage_healed":0.0,"max_hp_gain":0.0,"max_hp_loss":0.0,"gold_gain":0.0,"event_name":"Cursed Tome","player_choice":"Obtained Book","floor":19.0,"gold_loss":0.0,"damage_taken":16.0},{"damage_healed":0.0,"max_hp_gain":0.0,"max_hp_loss":0.0,"gold_gain":0.0,"event_name":"Lab","player_choice":"Got Potions","floor":30.0,"gold_loss":0.0,"damage_taken":0.0},{"damage_healed":0.0,"max_hp_gain":0.0,"max_hp_loss":0.0,"gold_gain":0.0,"event_name":"SensoryStone","player_choice":"Memory 1","floor":38.0,"gold_loss":0.0,"damage_taken":0.0},{"damage_healed":0.0,"max_hp_gain":0.0,"max_hp_loss":0.0,"gold_gain":0.0,"event_name":"Match and Keep!","player_choice":"2 cards matched","floor":39.0,"gold_loss":0.0,"damage_taken":0.0,"cards_obtained":["Trip","Coolheaded"]}],"is_beta":false,"boss_relics":[{"not_picked":["FrozenCore","Black Star"],"picked":"Philosopher\u0027s Stone"},{"not_picked":["Orrery","Eternal Feather"],"picked":"Fusion Hammer"}],"items_purged_floors":[],"is_endless":false,"potions_floor_spawned":[3,6,11,12,21,24,31,40,44,46,48],"ascension_level":11}