{"gold_per_floor":[113,125,141,141,160,187,199,223,235,261,292,335,406,435,447,561,573,595,617,642,671,699,738,750,762,848,860,872],"floor_reached":28,"playtime":3438,"items_purged":[],"score":281,"play_id":"4eab9eda-0b7e-444f-8457-0f143c721f26","local_time":"20190705223653","is_ascension_mode":false,"campfire_choices":[{"data":"Metallicize","floor":7.0,"key":"SMITH"},{"data":"Feed","floor":15.0,"key":"SMITH"},{"floor":25,"key":"REST"},{"floor":27,"key":"REST"}],"neow_cost":"PERCENT_DAMAGE","seed_source_timestamp":0,"circlet_count":0,"master_deck":["Strike_R","Strike_R","Strike_R","Strike_R","Strike_R","Defend_R","Defend_R","Defend_R","Defend_R","Bash","Juggernaut","Shrug It Off+1","Perfected Strike","Metallicize+1","Rage","Rampage","Perfected Strike","Iron Wave","Feed+1","Searing Blow","Iron Wave","Flame Barrier+1","Impervious+1","Shrug It Off+1","Whirlwind","Cleave","Rampage","Cleave","Armaments+1"],"special_seed":0,"relics":["Black Blood","MawBank","Meat on the Bone","Toxic Egg 2","Question Card","Lantern","Kunai"],"potions_floor_usage":[23,23],"damage_taken":[{"damage":13.0,"enemies":"2 Louse","floor":1.0,"turns":4.0},{"damage":1.0,"enemies":"Jaw Worm","floor":2.0,"turns":6.0},{"damage":0.0,"enemies":"Small Slimes","floor":3.0,"turns":3.0},{"damage":21.0,"enemies":"Exordium Thugs","floor":5.0,"turns":6.0},{"damage":13.0,"enemies":"Gremlin Nob","floor":6.0,"turns":5.0},{"damage":20.0,"enemies":"Large Slime","floor":8.0,"turns":6.0},{"damage":15.0,"enemies":"Blue Slaver","floor":10.0,"turns":3.0},{"damage":4.0,"enemies":"Looter","floor":11.0,"turns":2.0},{"damage":18.0,"enemies":"Lagavulin","floor":12.0,"turns":6.0},{"damage":10.0,"enemies":"3 Sentries","floor":13.0,"turns":7.0},{"damage":6.0,"enemies":"3 Louse","floor":14.0,"turns":4.0},{"damage":39.0,"enemies":"Hexaghost","floor":16.0,"turns":12.0},{"damage":24,"enemies":"Spheric Guardian","floor":18,"turns":7},{"damage":15,"enemies":"Chosen","floor":19,"turns":5},{"damage":41,"enemies":"3 Cultists","floor":20,"turns":6},{"damage":13,"enemies":"Cultist and Chosen","floor":21,"turns":9},{"damage":30,"enemies":"Centurion and Healer","floor":22,"turns":11},{"damage":54,"enemies":"Slavers","floor":23,"turns":8},{"damage":84,"enemies":"Book of Stabbing","floor":28,"turns":10}],"seed_played":"1626915920145578434","potions_obtained":[{"floor":3.0,"key":"Regen Potion"},{"floor":6.0,"key":"Swift Potion"},{"floor":10.0,"key":"GamblersBrew"},{"floor":13.0,"key":"SpeedPotion"},{"floor":14.0,"key":"Block Potion"},{"floor":18,"key":"Energy Potion"},{"floor":20,"key":"Strength Potion"},{"floor":22,"key":"Weak Potion"}],"is_trial":false,"path_per_floor":["M","M","M","?","M","E","R","M","T","M","M","E","?","M","R","B",null,"M","M","M","M","M","E","?","R","T","R","E"],"character_chosen":"IRONCLAD","items_purchased":[],"campfire_rested":2,"item_purchase_floors":[],"current_hp_per_floor":[49,54,60,60,45,52,52,38,38,41,55,55,54,54,54,33,83,69,68,49,62,54,26,26,54,54,82,0],"gold":872,"neow_bonus":"THREE_RARE_CARDS","is_prod":false,"is_daily":false,"chose_seed":false,"campfire_upgraded":2,"win_rate":0.0,"timestamp":1562359013,"path_taken":["M","M","M","?","M","E","R","M","T","M","M","E","?","M","R","BOSS","M","M","M","M","M","E","?","R","T","R","E"],"build_version":"2019-07-01","purchased_purges":0,"victory":false,"max_hp_per_floor":[80,80,80,80,80,80,80,80,80,80,80,80,83,83,83,83,83,83,87,87,91,91,95,95,95,95,95,95],"card_choices":[{"not_picked":["Demon Form","Fiend Fire"],"picked":"Juggernaut","floor":0.0},{"not_picked":["Corruption","Twin Strike"],"picked":"Shrug It Off","floor":1.0},{"not_picked":["True Grit","Shrug It Off"],"picked":"Perfected Strike","floor":2.0},{"not_picked":["Perfected Strike","Combust"],"picked":"Metallicize","floor":3.0},{"not_picked":["Warcry","Clothesline"],"picked":"Rage","floor":5.0},{"not_picked":["Clash","Pummel"],"picked":"Rampage","floor":6.0},{"not_picked":["Clash","Body Slam"],"picked":"Perfected Strike","floor":8.0},{"not_picked":["Sword Boomerang","Headbutt"],"picked":"Iron Wave","floor":10.0},{"not_picked":["Iron Wave","True Grit"],"picked":"Feed","floor":11.0},{"not_picked":["Feel No Pain","Sword Boomerang"],"picked":"Searing Blow","floor":12.0},{"not_picked":["Sword Boomerang","True Grit+1","Warcry+1"],"picked":"Iron Wave","floor":13.0},{"not_picked":["Clothesline","Dropkick","Sword Boomerang"],"picked":"Flame Barrier+1","floor":14.0},{"not_picked":["Demon Form","Offering+1","Brutality"],"picked":"Impervious+1","floor":16.0},{"not_picked":["Flex+1","Feel No Pain","Sword Boomerang"],"picked":"Shrug It Off+1","floor":18},{"not_picked":["Thunderclap","Cleave","Clash"],"picked":"Whirlwind","floor":19},{"not_picked":["Combust","True Grit+1","Iron Wave"],"picked":"Cleave","floor":20},{"not_picked":["Perfected Strike","Clash+1","Battle Trance+1"],"picked":"Rampage","floor":21},{"not_picked":["Headbutt","Clash+1","Offering+1"],"picked":"Cleave","floor":22},{"not_picked":["Fire Breathing","Ghostly Armor+1","Intimidate+1"],"picked":"Armaments+1","floor":23}],"player_experience":3203,"relics_obtained":[{"floor":6.0,"key":"MawBank"},{"floor":9.0,"key":"Meat on the Bone"},{"floor":12.0,"key":"Toxic Egg 2"},{"floor":23,"key":"Lantern"},{"floor":26,"key":"Kunai"}],"event_choices":[{"damage_healed":0.0,"max_hp_gain":0.0,"max_hp_loss":0.0,"gold_gain":0.0,"event_name":"Living Wall","player_choice":"Grow","floor":4.0,"gold_loss":0.0,"damage_taken":0.0,"cards_upgraded":["Shrug It Off"]},{"damage_healed":0.0,"max_hp_gain":0.0,"max_hp_loss":0.0,"gold_gain":0.0,"event_name":"Dead Adventurer","player_choice":"Searched \u00272\u0027 times","floor":13.0,"gold_loss":0.0,"damage_taken":0.0,"relics_obtained":["Question Card"]},{"damage_healed":0,"gold_gain":0,"player_choice":"Ignored","damage_taken":0,"max_hp_gain":0,"max_hp_loss":0,"event_name":"Vampires","floor":24,"gold_loss":0}],"is_beta":false,"boss_relics":[{"not_picked":["Orrery","Cursed Key"],"picked":"Black Blood"}],"items_purged_floors":[],"is_endless":false,"potions_floor_spawned":[3,6,10,13,14,18,20,22],"killed_by":"Book of Stabbing","ascension_level":0}