{"gold_per_floor":[215,235,235,252,21,46,46,77,126,301,333,258,290,255,255,354,354,374,473,473,473,491,519,234,234,234,234,234],"floor_reached":28,"playtime":989,"items_purged":["Doubt"],"score":311,"play_id":"bc06bd78-70d3-4d1a-960d-a2c7aff95559","local_time":"20190913162512","is_ascension_mode":true,"campfire_choices":[{"floor":7,"key":"RECALL"},{"floor":15,"key":"REST"},{"floor":25,"key":"REST"}],"neow_cost":"NONE","seed_source_timestamp":99915798378300,"circlet_count":0,"master_deck":["Strike_R","Strike_R","Strike_R+1","Strike_R","Strike_R+1","Defend_R","Defend_R","Defend_R","Defend_R","Bash","Iron Wave","Iron Wave","Rage","Inflame","Flex","Swift Strike","Iron Wave","Limit Break","Iron Wave","Anger","Limit Break","Thunderclap","J.A.X.","Spot Weakness","Shrug It Off","Bandage Up","Shrug It Off"],"relics":["Burning Blood","Darkstone Periapt","Whetstone","WingedGreaves","Sundial","Bottled Flame","Busted Crown","Lantern","Juzu Bracelet","Blue Candle"],"potions_floor_usage":[8,11,28,28],"damage_taken":[{"damage":14,"enemies":"Jaw Worm","floor":1,"turns":3},{"damage":1,"enemies":"Cultist","floor":2,"turns":3},{"damage":10,"enemies":"Small Slimes","floor":4,"turns":3},{"damage":40,"enemies":"Gremlin Nob","floor":6,"turns":5},{"damage":8,"enemies":"3 Sentries","floor":8,"turns":6},{"damage":22,"enemies":"Gremlin Nob","floor":11,"turns":4},{"damage":17,"enemies":"Lagavulin","floor":13,"turns":6},{"damage":31,"enemies":"Slime Boss","floor":16,"turns":9},{"damage":18,"enemies":"Shell Parasite","floor":18,"turns":5},{"damage":28,"enemies":"Spheric Guardian","floor":22,"turns":4},{"damage":20,"enemies":"Book of Stabbing","floor":23,"turns":3},{"damage":69,"enemies":"Slavers","floor":28,"turns":5}],"seed_played":"-5388508835787459060","potions_obtained":[{"floor":2,"key":"SteroidPotion"},{"floor":6,"key":"Explosive Potion"},{"floor":8,"key":"GamblersBrew"},{"floor":13,"key":"SpeedPotion"},{"floor":18,"key":"SteroidPotion"},{"floor":23,"key":"Poison Potion"}],"is_trial":false,"path_per_floor":["M","M","?","M","$","E","R","E","T","?","E","$","E","?","R","B",null,"M","?","?","?","M","E","$","R","T","?","E"],"character_chosen":"IRONCLAD","items_purchased":["Inflame","Flex","Swift Strike","Bandage Up","Shrug It Off","Juzu Bracelet"],"campfire_rested":2,"item_purchase_floors":[5,5,5,24,24,24],"current_hp_per_floor":[72,77,77,73,73,39,39,37,37,43,27,27,16,37,62,37,86,74,74,74,74,52,38,38,63,63,63,0],"gold":234,"neow_bonus":"HUNDRED_GOLD","is_prod":false,"is_daily":false,"chose_seed":false,"campfire_upgraded":0,"win_rate":0,"timestamp":1568384712,"path_taken":["M","M","?","?","$","E","R","E","T","?","E","$","E","?","R","BOSS","M","?","?","?","?","E","$","R","T","?","E"],"build_version":"2019-07-17","purchased_purges":1,"victory":false,"max_hp_per_floor":[80,80,80,80,80,80,80,80,80,86,86,86,86,86,86,86,86,86,86,86,86,86,86,86,86,86,86,86],"card_choices":[{"not_picked":["Warcry","Twin Strike"],"picked":"Iron Wave","floor":1},{"not_picked":["True Grit","Twin Strike"],"picked":"Iron Wave","floor":2},{"not_picked":["Seeing Red","Perfected Strike"],"picked":"Rage","floor":4},{"not_picked":["Fire Breathing","Seeing Red"],"picked":"Iron Wave","floor":6},{"not_picked":["Havoc","Perfected Strike"],"picked":"Limit Break","floor":8},{"not_picked":["Combust","Rampage"],"picked":"Iron Wave","floor":11},{"not_picked":["Blood for Blood","Wild Strike"],"picked":"Anger","floor":13},{"not_picked":["Double Tap","Bludgeon"],"picked":"Limit Break","floor":16},{"not_picked":[],"picked":"Thunderclap","floor":18},{"not_picked":["Thunderclap"],"picked":"SKIP","floor":22},{"not_picked":[],"picked":"Shrug It Off","floor":23}],"player_experience":238905,"relics_obtained":[{"floor":6,"key":"Whetstone"},{"floor":8,"key":"WingedGreaves"},{"floor":11,"key":"Sundial"},{"floor":13,"key":"Bottled Flame"},{"floor":23,"key":"Lantern"},{"floor":26,"key":"Blue Candle"}],"event_choices":[{"damage_healed":0,"gold_gain":0,"player_choice":"Gave Potion","damage_taken":0,"relics_obtained":["Darkstone Periapt"],"max_hp_gain":0,"max_hp_loss":0,"event_name":"WeMeetAgain","floor":3,"gold_loss":0},{"damage_healed":0,"gold_gain":175,"player_choice":"AGREE","damage_taken":0,"max_hp_gain":0,"max_hp_loss":0,"event_name":"Liars Game","floor":10,"gold_loss":0,"cards_obtained":["Doubt"]},{"damage_healed":21,"gold_gain":0,"player_choice":"Healed","damage_taken":0,"max_hp_gain":0,"max_hp_loss":0,"event_name":"The Cleric","floor":14,"gold_loss":35},{"damage_healed":0,"gold_gain":99,"player_choice":"Stole From Cult","damage_taken":0,"max_hp_gain":0,"max_hp_loss":0,"event_name":"Nest","floor":19,"gold_loss":0},{"damage_healed":0,"gold_gain":0,"player_choice":"Obtain J.A.X.","damage_taken":0,"max_hp_gain":0,"max_hp_loss":0,"event_name":"Drug Dealer","floor":20,"gold_loss":0,"cards_obtained":["J.A.X."]},{"damage_healed":0,"gold_gain":0,"player_choice":"Read","damage_taken":0,"max_hp_gain":0,"max_hp_loss":0,"event_name":"The Library","floor":21,"gold_loss":0,"cards_obtained":["Spot Weakness"]},{"damage_healed":0,"gold_gain":0,"player_choice":"Ignored","damage_taken":0,"max_hp_gain":0,"max_hp_loss":0,"event_name":"Ghosts","floor":27,"gold_loss":0}],"is_beta":false,"boss_relics":[{"not_picked":["Velvet Choker","Pandora\u0027s Box"],"picked":"Busted Crown"}],"items_purged_floors":[12],"is_endless":false,"potions_floor_spawned":[2,6,8,13,18,23],"killed_by":"Slavers","ascension_level":2}