{"gold_per_floor":[118,118,118,130,147,147,174,189,214,214,289,289,289,324,324,422,422,362,33,33,33,33,33,33,33,33,33,33,33,33,33,33,33],"floor_reached":33,"playtime":1650,"items_purged":[],"score":425,"play_id":"84b1f018-c745-4eca-99b9-08f6250cc1a4","local_time":"20190922193935","is_ascension_mode":true,"campfire_choices":[{"floor":6.0,"key":"REST"},{"data":"Envenom","floor":10.0,"key":"SMITH"},{"floor":12.0,"key":"REST"},{"data":"Crippling Poison","floor":15.0,"key":"SMITH"},{"floor":24.0,"key":"REST"},{"floor":28.0,"key":"REST"},{"floor":32.0,"key":"REST"}],"neow_cost":"PERCENT_DAMAGE","seed_source_timestamp":3543914438632000,"circlet_count":0,"master_deck":["Strike_G","Strike_G","Strike_G","Strike_G","Strike_G","Defend_G","Defend_G","Defend_G","Defend_G","Defend_G","Survivor","Neutralize","Blind","Panacea","Poisoned Stab","Cloak And Dagger","Cloak And Dagger","Crippling Poison+1","Envenom+1","Caltrops","Corpse Explosion","Quick Slash","Dagger Spray","RitualDagger","Prepared+1","Cloak And Dagger+1","Backstab+1","After Image","Poisoned Stab+1","Well Laid Plans"],"special_seed":0,"relics":["Ring of the Snake","Oddly Smooth Stone","Pen Nib","Blood Vial","Boot","Sundial","Ectoplasm","Thread and Needle","Calipers","Happy Flower","Nunchaku"],"potions_floor_usage":[33,33],"damage_taken":[{"damage":12.0,"enemies":"Jaw Worm","floor":1.0,"turns":5.0},{"damage":0.0,"enemies":"2 Louse","floor":4.0,"turns":3.0},{"damage":0.0,"enemies":"Small Slimes","floor":5.0,"turns":4.0},{"damage":10.0,"enemies":"Lagavulin","floor":7.0,"turns":10.0},{"damage":0.0,"enemies":"Red Slaver","floor":8.0,"turns":5.0},{"damage":6.0,"enemies":"3 Sentries","floor":14.0,"turns":10.0},{"damage":22.0,"enemies":"The Guardian","floor":16.0,"turns":10.0},{"damage":7.0,"enemies":"2 Thieves","floor":18.0,"turns":3.0},{"damage":10.0,"enemies":"Spheric Guardian","floor":22.0,"turns":5.0},{"damage":33.0,"enemies":"Gremlin Leader","floor":23.0,"turns":6.0},{"damage":6.0,"enemies":"Snecko","floor":25.0,"turns":5.0},{"damage":26.0,"enemies":"Book of Stabbing","floor":27.0,"turns":6.0},{"damage":6.0,"enemies":"Snake Plant","floor":30.0,"turns":4.0},{"damage":0.0,"enemies":"Centurion and Healer","floor":31.0,"turns":4.0},{"damage":49,"enemies":"Champ","floor":33,"turns":8}],"seed_played":"-7624946092096708168","potions_obtained":[{"floor":5.0,"key":"Explosive Potion"},{"floor":7.0,"key":"Fire Potion"},{"floor":18.0,"key":"Dexterity Potion"},{"floor":23.0,"key":"Ancient Potion"},{"floor":25.0,"key":"Weak Potion"},{"floor":30.0,"key":"Poison Potion"}],"is_trial":false,"path_per_floor":["M","?","?","M","M","R","E","M","T","R","?","R","?","E","R","B",null,"M","$","?","?","M","E","R","M","T","E","R","$","M","M","R","B"],"character_chosen":"THE_SILENT","items_purchased":["Thread and Needle","Dagger Spray"],"campfire_rested":5,"item_purchase_floors":[19,19],"current_hp_per_floor":[33,26,26,26,26,47,37,37,37,37,26,47,47,43,43,23,58,53,53,47,47,39,8,29,25,25,1,22,22,18,20,41,0],"gold":33,"neow_bonus":"RANDOM_COLORLESS_2","is_prod":false,"is_daily":false,"chose_seed":false,"campfire_upgraded":2,"win_rate":0,"timestamp":1569173975,"path_taken":["M","?","?","M","M","R","E","M","T","R","?","R","?","E","R","BOSS","M","?","?","?","M","E","R","M","T","E","R","?","M","M","R","BOSS"],"build_version":"2019-07-17","purchased_purges":0,"victory":false,"max_hp_per_floor":[70,70,70,70,70,70,70,70,70,70,70,70,70,70,70,70,70,70,70,70,70,70,70,70,70,70,70,70,70,70,70,70,70],"card_choices":[{"not_picked":["Slice","Acrobatics"],"picked":"Poisoned Stab","floor":1.0},{"not_picked":["Predator","Dagger Spray"],"picked":"Cloak And Dagger","floor":4.0},{"not_picked":["Outmaneuver","Slice"],"picked":"Cloak And Dagger","floor":5.0},{"not_picked":["Caltrops","Cloak And Dagger"],"picked":"Crippling Poison","floor":7.0},{"not_picked":["Flying Knee","Tactician"],"picked":"Envenom","floor":8.0},{"not_picked":["Outmaneuver","Backflip"],"picked":"Caltrops","floor":14.0},{"not_picked":["Envenom","Die Die Die"],"picked":"Corpse Explosion","floor":16.0},{"not_picked":["Masterful Stab","Prepared"],"picked":"Quick Slash","floor":18.0},{"not_picked":["Outmaneuver","Dodge and Roll"],"picked":"Prepared+1","floor":22.0},{"not_picked":["Acrobatics","Caltrops"],"picked":"Cloak And Dagger+1","floor":23.0},{"not_picked":["Dagger Spray","Escape Plan"],"picked":"Backstab+1","floor":25.0},{"not_picked":["Bouncing Flask","Dodge and Roll+1"],"picked":"After Image","floor":27.0},{"not_picked":["Dodge and Roll","Blade Dance+1"],"picked":"Poisoned Stab+1","floor":30.0},{"not_picked":["Sucker Punch+1","Backstab"],"picked":"Well Laid Plans","floor":31.0}],"player_experience":306370,"relics_obtained":[{"floor":7.0,"key":"Pen Nib"},{"floor":9.0,"key":"Blood Vial"},{"floor":14.0,"key":"Sundial"},{"floor":23.0,"key":"Calipers"},{"floor":26.0,"key":"Happy Flower"},{"floor":27.0,"key":"Nunchaku"}],"event_choices":[{"damage_healed":0.0,"max_hp_gain":0.0,"max_hp_loss":0.0,"gold_gain":0.0,"event_name":"Scrap Ooze","player_choice":"Success","floor":2.0,"gold_loss":0.0,"damage_taken":7.0,"relics_obtained":["Oddly Smooth Stone"]},{"damage_healed":0.0,"max_hp_gain":0.0,"max_hp_loss":0.0,"gold_gain":0.0,"event_name":"Golden Wing","player_choice":"Ignored","floor":3.0,"gold_loss":0.0,"damage_taken":0.0},{"damage_healed":0.0,"max_hp_gain":0.0,"max_hp_loss":0.0,"gold_gain":75.0,"event_name":"World of Goop","player_choice":"Gather Gold","floor":11.0,"gold_loss":0.0,"damage_taken":11.0},{"damage_healed":0.0,"max_hp_gain":0.0,"max_hp_loss":0.0,"gold_gain":0.0,"event_name":"WeMeetAgain","player_choice":"Gave Potion","floor":13.0,"gold_loss":0.0,"damage_taken":0.0,"relics_obtained":["Boot"]},{"damage_healed":0.0,"max_hp_gain":0.0,"max_hp_loss":0.0,"gold_gain":0.0,"event_name":"Nest","player_choice":"Joined the Cult","floor":20.0,"gold_loss":0.0,"damage_taken":6.0,"cards_obtained":["RitualDagger"]}],"is_beta":false,"boss_relics":[{"not_picked":["Calling Bell","Tiny House"],"picked":"Ectoplasm"}],"items_purged_floors":[],"is_endless":false,"potions_floor_spawned":[5,7,18,23,25,30],"killed_by":"Champ","ascension_level":9}