{"gold_per_floor":[119,119,129,46,60,91,105,105,105,105,157,171,171],"floor_reached":13,"playtime":172,"items_purged":[],"score":85,"play_id":"496673a0-8a80-435e-b6a1-2251ba539c44","local_time":"20190907232307","is_ascension_mode":false,"campfire_choices":[{"data":"Double Tap","floor":8,"key":"SMITH"},{"data":"Heavy Blade","floor":10,"key":"SMITH"}],"neow_cost":"NONE","seed_source_timestamp":698147127485800,"circlet_count":0,"master_deck":["Strike_R","Strike_R","Strike_R","Strike_R","Strike_R","Defend_R","Defend_R","Defend_R","Defend_R","Bash","Heavy Blade+1","Swift Strike","Double Tap+1","Havoc","Thunderclap","Cleave"],"relics":["Burning Blood","NeowsBlessing","Charon\u0027s Ashes","Champion Belt","StoneCalendar"],"potions_floor_usage":[],"damage_taken":[{"damage":0,"enemies":"2 Louse","floor":1,"turns":1},{"damage":0,"enemies":"Cultist","floor":3,"turns":1},{"damage":0,"enemies":"Small Slimes","floor":5,"turns":1},{"damage":55,"enemies":"Lagavulin","floor":6,"turns":6},{"damage":17,"enemies":"Blue Slaver","floor":7,"turns":3},{"damage":13,"enemies":"Red Slaver","floor":12,"turns":2},{"damage":24,"enemies":"Gremlin Nob","floor":13,"turns":3}],"seed_played":"-1802102932675348156","potions_obtained":[{"floor":5,"key":"Ancient Potion"},{"floor":12,"key":"Ancient Potion"}],"is_trial":false,"path_per_floor":["M","?","M","$","M","E","M","R","T","R","?","M","E"],"character_chosen":"IRONCLAD","items_purchased":["Swift Strike"],"campfire_rested":0,"item_purchase_floors":[4],"current_hp_per_floor":[80,80,80,80,80,31,20,20,20,20,20,13,0],"gold":171,"neow_bonus":"THREE_ENEMY_KILL","is_prod":false,"is_daily":false,"chose_seed":false,"campfire_upgraded":2,"win_rate":0,"timestamp":1567891387,"path_taken":["M","?","M","$","?","E","M","R","T","R","?","M","E"],"build_version":"2019-07-17","purchased_purges":0,"victory":false,"max_hp_per_floor":[80,80,80,80,80,80,80,80,80,80,80,80,80],"card_choices":[{"not_picked":["Armaments","Rampage"],"picked":"Clash","floor":1},{"not_picked":["Twin Strike","Body Slam"],"picked":"Heavy Blade","floor":3},{"not_picked":["Second Wind","Shrug It Off"],"picked":"Double Tap","floor":5},{"not_picked":["Hemokinesis","Blood for Blood"],"picked":"Havoc","floor":6},{"not_picked":["Metallicize","Flame Barrier"],"picked":"Thunderclap","floor":7},{"not_picked":["Headbutt","Pommel Strike"],"picked":"Cleave","floor":12}],"player_experience":221771,"relics_obtained":[{"floor":6,"key":"Champion Belt"},{"floor":9,"key":"StoneCalendar"}],"event_choices":[{"cards_removed":["Clash"],"damage_healed":0,"gold_gain":0,"player_choice":"Gave Card","damage_taken":0,"relics_obtained":["Charon\u0027s Ashes"],"max_hp_gain":0,"max_hp_loss":0,"event_name":"WeMeetAgain","floor":2,"gold_loss":0},{"damage_healed":0,"gold_gain":52,"player_choice":"Gained Gold","damage_taken":0,"max_hp_gain":0,"max_hp_loss":0,"event_name":"Golden Wing","floor":11,"gold_loss":0}],"is_beta":false,"boss_relics":[],"items_purged_floors":[],"is_endless":false,"potions_floor_spawned":[5,6,12],"killed_by":"Gremlin Nob","ascension_level":0}