{"gold_per_floor":[114,131,4,14,29,54,54,79,79,79,89,117,131,157,157,257,257,267,267,267,11,31,57,57,57,110,141,141,152,152,152,152,256,256,276,276,288,83,83,109,109,109,136,136,19,19,19,49,49,49],"floor_reached":51,"playtime":2708,"items_purged":["Strike_B","Pain"],"score":1126,"play_id":"c523681b-1282-4f30-b71b-1cab23f4b1a3","local_time":"20190921214853","is_ascension_mode":true,"campfire_choices":[{"floor":7.0,"key":"REST"},{"floor":10.0,"key":"REST"},{"floor":15.0,"key":"REST"},{"floor":28.0,"key":"REST"},{"floor":32.0,"key":"REST"},{"data":"Storm","floor":41.0,"key":"SMITH"},{"data":"Defragment","floor":44,"key":"SMITH"},{"floor":46,"key":"REST"},{"floor":49,"key":"REST"}],"neow_cost":"NONE","seed_source_timestamp":0,"circlet_count":0,"master_deck":["Strike_B","Strike_B","Strike_B","Defend_B","Defend_B","Defend_B","Defend_B","Zap","Dualcast","Chill","Defragment+1","Coolheaded","Tempest","White Noise","Loop","Storm+1","Self Repair","Ball Lightning","Leap","Loop","Reboot","Go for the Eyes","Conserve Battery","Hologram","Blizzard+1","Static Discharge","Capacitor","Dramatic Entrance+1","Cold Snap+1","Core Surge+1","Tempest+1","Auto Shields","Mayhem","Undo+1","Defragment","Coolheaded","Blizzard+1","Buffer","Leap+1"],"special_seed":0,"relics":["Cracked Core","Vajra","DataDisk","Kunai","Gremlin Horn","Sundial","Bag of Preparation","Inserter","WingedGreaves","WarpedTongs","Lantern","Molten Egg 2","Dream Catcher","Ginger","Oddly Smooth Stone","Sozu","Lee\u0027s Waffle","Cables","Ancient Tea Set","Pantograph","Smiling Mask"],"potions_floor_usage":[50,50],"damage_taken":[{"damage":1.0,"enemies":"Cultist","floor":1.0,"turns":3.0},{"damage":0.0,"enemies":"Small Slimes","floor":2.0,"turns":2.0},{"damage":1.0,"enemies":"2 Louse","floor":4.0,"turns":4.0},{"damage":7.0,"enemies":"Lots of Slimes","floor":5.0,"turns":4.0},{"damage":41.0,"enemies":"Gremlin Nob","floor":6.0,"turns":4.0},{"damage":0.0,"enemies":"3 Sentries","floor":8.0,"turns":3.0},{"damage":1.0,"enemies":"2 Fungi Beasts","floor":11.0,"turns":3.0},{"damage":31.0,"enemies":"Lagavulin","floor":12.0,"turns":5.0},{"damage":5.0,"enemies":"Exordium Wildlife","floor":13.0,"turns":4.0},{"damage":3.0,"enemies":"3 Sentries","floor":14.0,"turns":5.0},{"damage":5.0,"enemies":"Hexaghost","floor":16.0,"turns":7.0},{"damage":0.0,"enemies":"3 Byrds","floor":18.0,"turns":5.0},{"damage":9.0,"enemies":"Shell Parasite","floor":22.0,"turns":4.0},{"damage":33.0,"enemies":"Slavers","floor":23.0,"turns":7.0},{"damage":17.0,"enemies":"Book of Stabbing","floor":27.0,"turns":7.0},{"damage":20.0,"enemies":"Snake Plant","floor":29.0,"turns":4.0},{"damage":29.0,"enemies":"Automaton","floor":33.0,"turns":12.0},{"damage":3.0,"enemies":"3 Darklings","floor":35.0,"turns":3.0},{"damage":2.0,"enemies":"Orb Walker","floor":37.0,"turns":4.0},{"damage":63.0,"enemies":"Giant Head","floor":40.0,"turns":9.0},{"damage":42,"enemies":"Nemesis","floor":48,"turns":5},{"damage":54,"enemies":"Awakened One","floor":50,"turns":11}],"seed_played":"-4798674685466080420","potions_obtained":[{"floor":1.0,"key":"Ancient Potion"},{"floor":6.0,"key":"PowerPotion"},{"floor":12.0,"key":"Explosive Potion"},{"floor":13.0,"key":"Weak Potion"},{"floor":16.0,"key":"LiquidBronze"},{"floor":27.0,"key":"Ancient Potion"},{"floor":29.0,"key":"Weak Potion"}],"is_trial":false,"path_per_floor":["M","M","$","M","M","E","R","E","T","R","M","E","M","E","R","B",null,"M","?","?","$","M","E","$","?","T","E","R","M","T","?","R","B",null,"M","?","M","$","?","E","R","?","T","R","$","R","T","E","R","B",null],"character_chosen":"DEFECT","items_purchased":["Coolheaded","Lantern","Lee\u0027s Waffle","Defragment","Coolheaded"],"campfire_rested":7,"item_purchase_floors":[3,21,38,45,45],"current_hp_per_floor":[67,67,67,66,59,18,40,40,40,62,61,37,39,36,58,60,71,75,75,75,75,73,47,47,33,33,23,47,34,34,34,58,39,70,74,74,72,87,87,31,31,31,31,31,31,57,57,15,41,19],"gold":49,"neow_bonus":"RANDOM_COMMON_RELIC","is_prod":false,"is_daily":false,"chose_seed":false,"campfire_upgraded":2,"win_rate":0,"timestamp":1569095333,"path_taken":["M","M","?","M","M","E","R","E","T","R","M","E","M","E","R","BOSS","M","?","?","$","?","E","$","?","T","E","R","M","?","?","R","BOSS","M","?","?","$","?","E","R","?","T","R","$","R","?","E","R","BOSS"],"build_version":"2019-07-17","purchased_purges":2,"victory":true,"max_hp_per_floor":[75,75,75,75,75,75,75,75,75,75,75,75,75,75,75,75,75,75,75,75,75,75,75,75,80,80,80,80,80,80,80,80,80,80,80,80,80,87,87,87,87,87,87,87,87,87,87,87,87,87],"card_choices":[{"not_picked":["Compile Driver","Leap"],"picked":"Chill","floor":1.0},{"not_picked":["Go for the Eyes","Leap"],"picked":"Defragment","floor":2.0},{"not_picked":["Redo","Doom and Gloom"],"picked":"Tempest","floor":4.0},{"not_picked":["Redo","Fusion"],"picked":"White Noise","floor":5.0},{"not_picked":["Undo","Turbo"],"picked":"Loop","floor":6.0},{"not_picked":["Genetic Algorithm","Leap"],"picked":"Storm","floor":8.0},{"not_picked":["Ball Lightning","Sweeping Beam"],"picked":"Self Repair","floor":11.0},{"not_picked":["Sweeping Beam","Redo"],"picked":"Ball Lightning","floor":12.0},{"not_picked":["Core Surge","Beam Cell"],"picked":"Leap","floor":13.0},{"not_picked":["Rip and Tear","Go for the Eyes"],"picked":"Loop","floor":14.0},{"not_picked":["Rainbow","Machine Learning"],"picked":"Reboot","floor":16.0},{"not_picked":["Barrage","Melter+1"],"picked":"Go for the Eyes","floor":18.0},{"not_picked":["Streamline","Barrage+1"],"picked":"Conserve Battery","floor":22.0},{"not_picked":["Glacier","Coolheaded"],"picked":"Hologram","floor":23.0},{"not_picked":["Hologram","Force Field"],"picked":"Blizzard+1","floor":27.0},{"not_picked":["Undo","Hologram"],"picked":"Static Discharge","floor":28.0},{"not_picked":["Chaos","Ball Lightning+1"],"picked":"Capacitor","floor":29.0},{"not_picked":["Streamline+1","Capacitor+1"],"picked":"Cold Snap+1","floor":32.0},{"not_picked":["All For One+1","Biased Cognition"],"picked":"Core Surge+1","floor":33.0},{"not_picked":["Fusion+1","Double Energy"],"picked":"Tempest+1","floor":35.0},{"not_picked":["Redo+1","Turbo"],"picked":"Auto Shields","floor":37.0},{"not_picked":["Mind Blast+1","Discovery"],"picked":"Mayhem","floor":39.0},{"not_picked":["Leap+1","Multi-Cast"],"picked":"Undo+1","floor":40.0},{"not_picked":["Beam Cell+1","Leap+1"],"picked":"Blizzard+1","floor":46},{"not_picked":["Heatsinks+1","Steam+1"],"picked":"Buffer","floor":48},{"not_picked":["Sweeping Beam+1","Reinforced Body+1"],"picked":"Leap+1","floor":49}],"player_experience":286808,"relics_obtained":[{"floor":6.0,"key":"DataDisk"},{"floor":8.0,"key":"Kunai"},{"floor":9.0,"key":"Gremlin Horn"},{"floor":12.0,"key":"Sundial"},{"floor":14.0,"key":"Bag of Preparation"},{"floor":23.0,"key":"Molten Egg 2"},{"floor":26.0,"key":"Dream Catcher"},{"floor":27.0,"key":"Ginger"},{"floor":30.0,"key":"Oddly Smooth Stone"},{"floor":40.0,"key":"Cables"},{"floor":43,"key":"Ancient Tea Set"},{"floor":47,"key":"Pantograph"},{"floor":48,"key":"Smiling Mask"}],"event_choices":[{"damage_healed":0.0,"max_hp_gain":0.0,"max_hp_loss":0.0,"gold_gain":0.0,"event_name":"The Mausoleum","player_choice":"Opened","floor":19.0,"gold_loss":0.0,"damage_taken":0.0,"relics_obtained":["WingedGreaves"],"cards_obtained":["Writhe"]},{"damage_healed":0.0,"max_hp_gain":0.0,"max_hp_loss":0.0,"gold_gain":0.0,"event_name":"Accursed Blacksmith","player_choice":"Rummage","floor":20.0,"gold_loss":0.0,"damage_taken":0.0,"relics_obtained":["WarpedTongs"],"cards_obtained":["Pain"]},{"damage_healed":0.0,"max_hp_gain":5.0,"max_hp_loss":0.0,"gold_gain":0.0,"event_name":"Forgotten Altar","player_choice":"Shed Blood","floor":25.0,"gold_loss":0.0,"damage_taken":19.0},{"damage_healed":0.0,"max_hp_gain":0.0,"max_hp_loss":0.0,"gold_gain":0.0,"event_name":"Match and Keep!","player_choice":"1 cards matched","floor":31.0,"gold_loss":0.0,"damage_taken":0.0,"cards_obtained":["Dramatic Entrance"]},{"cards_removed":["Writhe"],"damage_healed":0.0,"max_hp_gain":0.0,"max_hp_loss":0.0,"gold_gain":0.0,"event_name":"Purifier","player_choice":"Purged","floor":36.0,"gold_loss":0.0,"damage_taken":0.0},{"damage_healed":0.0,"max_hp_gain":0.0,"max_hp_loss":0.0,"gold_gain":0.0,"event_name":"SensoryStone","player_choice":"Memory 1","floor":39.0,"gold_loss":0.0,"damage_taken":0.0},{"damage_healed":0,"gold_gain":0,"player_choice":"Ignored","damage_taken":0,"max_hp_gain":0,"max_hp_loss":0,"event_name":"Mysterious Sphere","floor":42,"gold_loss":0}],"is_beta":false,"boss_relics":[{"not_picked":["Velvet Choker","Coffee Dripper"],"picked":"Inserter"},{"not_picked":["Nuclear Battery","White Beast Statue"],"picked":"Sozu"}],"items_purged_floors":[3,21],"is_endless":false,"potions_floor_spawned":[1,6,12,13,16,27,29,40,48],"ascension_level":9}