{"gold_per_floor":[118,131,131,158,175,175,175,188,268,288,288,302,302,312,312,415,415,427,446,446,216,230,230,245,245,245,261,261,279,279,294,294,294],"floor_reached":33,"playtime":1158,"items_purged":["Strike_R"],"score":243,"play_id":"45116010-ab6a-4beb-8eb2-f0e1d27a8d50","local_time":"20191003001209","is_ascension_mode":false,"campfire_choices":[{"data":"Searing Blow","floor":7,"key":"SMITH"},{"data":"Searing Blow+1","floor":11,"key":"SMITH"},{"data":"Searing Blow+2","floor":13,"key":"SMITH"},{"data":"Searing Blow+3","floor":15,"key":"SMITH"},{"data":"Searing Blow+4","floor":23,"key":"SMITH"},{"data":"Searing Blow+5","floor":25,"key":"SMITH"},{"data":"Searing Blow+6","floor":30,"key":"SMITH"},{"data":"Searing Blow+7","floor":32,"key":"SMITH"}],"neow_cost":"NONE","seed_source_timestamp":217123314028600,"circlet_count":0,"master_deck":["Strike_R","Strike_R","Strike_R","Strike_R","Defend_R","Defend_R","Defend_R","Defend_R","Bash","Anger","Searing Blow+8","Headbutt","Fire Breathing","Armaments","Juggernaut","Seeing Red","Flash of Steel","Armaments+1","Rage+1","Flame Barrier","Feed","Armaments"],"relics":["Black Blood"],"potions_floor_usage":[14,16,33],"damage_taken":[{"damage":0,"enemies":"2 Louse","floor":1,"turns":2},{"damage":11,"enemies":"Jaw Worm","floor":2,"turns":2},{"damage":1,"enemies":"Cultist","floor":5,"turns":3},{"damage":6,"enemies":"2 Fungi Beasts","floor":8,"turns":3},{"damage":11,"enemies":"Exordium Wildlife","floor":10,"turns":3},{"damage":10,"enemies":"Exordium Thugs","floor":12,"turns":3},{"damage":0,"enemies":"Gremlin Gang","floor":14,"turns":2},{"damage":16,"enemies":"Slime Boss","floor":16,"turns":5},{"damage":20,"enemies":"Chosen","floor":18,"turns":4},{"damage":25,"enemies":"Spheric Guardian","floor":19,"turns":4},{"damage":24,"enemies":"Cultist and Chosen","floor":22,"turns":6},{"damage":6,"enemies":"Chosen and Byrds","floor":24,"turns":5},{"damage":17,"enemies":"Centurion and Healer","floor":27,"turns":6},{"damage":11,"enemies":"Shelled Parasite and Fungi","floor":29,"turns":5},{"damage":0,"enemies":"Snake Plant","floor":31,"turns":1},{"damage":70,"enemies":"Collector","floor":33,"turns":6}],"seed_played":"7482511308447281061","potions_obtained":[{"floor":2,"key":"Fire Potion"},{"floor":12,"key":"Explosive Potion"},{"floor":24,"key":"Weak Potion"}],"is_trial":false,"path_per_floor":["M","M","?","T","M","?","R","M","T","M","R","M","R","M","R","B",null,"M","M","?","$","M","R","M","R","T","M","?","M","R","M","R","B"],"character_chosen":"IRONCLAD","items_purchased":["Seeing Red","Flash of Steel"],"campfire_rested":0,"item_purchase_floors":[21,21],"current_hp_per_floor":[88,83,83,83,88,88,88,88,88,83,83,79,79,85,85,75,88,78,63,63,63,49,49,53,53,53,46,46,45,45,55,55,0],"gold":294,"neow_bonus":"TEN_PERCENT_HP_BONUS","is_prod":false,"is_daily":false,"chose_seed":false,"campfire_upgraded":8,"win_rate":0,"timestamp":1570054329,"path_taken":["M","M","?","?","M","?","R","M","T","M","R","?","R","M","R","BOSS","M","M","?","$","M","R","M","R","T","M","?","M","R","?","R","BOSS"],"build_version":"2019-07-17","purchased_purges":1,"victory":false,"max_hp_per_floor":[88,88,88,88,88,88,88,88,88,88,88,88,88,88,88,88,88,88,88,88,88,88,88,88,88,88,88,88,88,88,88,88,88],"card_choices":[{"not_picked":["Pommel Strike","Disarm"],"picked":"Anger","floor":1},{"not_picked":["Pummel","Inflame"],"picked":"Searing Blow","floor":2},{"not_picked":["Heavy Blade","Sentinel","True Grit"],"picked":"SKIP","floor":5},{"not_picked":["Rage","Thunderclap"],"picked":"Headbutt","floor":8},{"not_picked":["Wild Strike","Sword Boomerang"],"picked":"Fire Breathing","floor":10},{"not_picked":["Bludgeon","Shrug It Off"],"picked":"Armaments","floor":12},{"not_picked":["Rupture","Heavy Blade","Blood for Blood"],"picked":"SKIP","floor":14},{"not_picked":["Bludgeon","Immolate"],"picked":"Juggernaut","floor":16},{"not_picked":["Pummel","Intimidate","Heavy Blade"],"picked":"SKIP","floor":18},{"not_picked":["Body Slam","Clothesline+1","Hemokinesis+1"],"picked":"SKIP","floor":19},{"not_picked":["Wild Strike","Perfected Strike","Thunderclap"],"picked":"SKIP","floor":22},{"not_picked":["Hemokinesis","Havoc"],"picked":"Armaments+1","floor":24},{"not_picked":["Havoc","Heavy Blade+1"],"picked":"Rage+1","floor":27},{"not_picked":["Corruption","Blood for Blood+1","Havoc"],"picked":"SKIP","floor":29},{"not_picked":["Body Slam+1","Dual Wield+1"],"picked":"Armaments","floor":31}],"player_experience":255219,"relics_obtained":[],"event_choices":[{"damage_healed":0,"gold_gain":0,"player_choice":"Fled","damage_taken":0,"max_hp_gain":0,"max_hp_loss":0,"event_name":"Scrap Ooze","floor":3,"gold_loss":0},{"damage_healed":0,"gold_gain":0,"player_choice":"Full Heal","damage_taken":0,"max_hp_gain":0,"max_hp_loss":0,"event_name":"Wheel of Change","floor":6,"gold_loss":0},{"damage_healed":0,"gold_gain":0,"player_choice":"Ignored","damage_taken":0,"max_hp_gain":0,"max_hp_loss":0,"event_name":"Vampires","floor":20,"gold_loss":0},{"damage_healed":0,"gold_gain":0,"player_choice":"2 cards matched","damage_taken":0,"max_hp_gain":0,"max_hp_loss":0,"event_name":"Match and Keep!","floor":28,"gold_loss":0,"cards_obtained":["Flame Barrier","Feed"]}],"is_beta":false,"boss_relics":[{"not_picked":["Tiny House","Runic Pyramid"],"picked":"Black Blood"}],"items_purged_floors":[21],"is_endless":false,"potions_floor_spawned":[2,12,14,19,24],"killed_by":"Collector","ascension_level":0}