{"gold_per_floor":[119,69,69,80,94,94,120,120,146,146,161,190,190,209,209,311,311,330,330,341,341],"floor_reached":21,"playtime":1073,"items_purged":[],"score":293,"play_id":"559d10d9-1bda-4754-8013-3ac52b2a184a","local_time":"20190923055707","is_ascension_mode":true,"campfire_choices":[{"data":"Loop","floor":6.0,"key":"SMITH"},{"data":"Static Discharge","floor":8.0,"key":"SMITH"},{"data":"Hologram","floor":10.0,"key":"SMITH"},{"data":"Stack","floor":13.0,"key":"SMITH"},{"data":"Conserve Battery","floor":15.0,"key":"SMITH"}],"neow_cost":"NONE","seed_source_timestamp":3581910559590100,"circlet_count":0,"master_deck":["AscendersBane","Strike_B","Strike_B","Defend_B","Defend_B","Defend_B","Defend_B","Zap","Dualcast","Glacier","Loop+1","Hologram+1","Static Discharge+1","Stack+1","Conserve Battery+1","Beam Cell","Echo Form","Cold Snap","Fission","Sunder"],"special_seed":0,"relics":["Cracked Core","Lantern","Regal Pillow","Blood Vial","Runic Dome"],"potions_floor_usage":[16,16],"damage_taken":[{"damage":2.0,"enemies":"Jaw Worm","floor":1.0,"turns":3.0},{"damage":2.0,"enemies":"2 Louse","floor":4.0,"turns":3.0},{"damage":0.0,"enemies":"Cultist","floor":5.0,"turns":3.0},{"damage":19.0,"enemies":"Lagavulin","floor":7.0,"turns":10.0},{"damage":5.0,"enemies":"Blue Slaver","floor":11.0,"turns":4.0},{"damage":12.0,"enemies":"3 Sentries","floor":12.0,"turns":5.0},{"damage":15.0,"enemies":"Lots of Slimes","floor":14.0,"turns":3.0},{"damage":6,"enemies":"The Guardian","floor":16,"turns":12},{"damage":26,"enemies":"2 Thieves","floor":18,"turns":5},{"damage":11,"enemies":"Chosen","floor":20,"turns":5},{"damage":39,"enemies":"Shelled Parasite and Fungi","floor":21,"turns":3}],"seed_played":"1764666040247455532","potions_obtained":[{"floor":4.0,"key":"PowerPotion"},{"floor":5.0,"key":"GamblersBrew"},{"floor":12.0,"key":"Explosive Potion"},{"floor":20,"key":"SpeedPotion"}],"is_trial":false,"path_per_floor":["M","?","?","M","M","R","E","R","T","R","M","E","R","M","R","B",null,"M","?","M","M"],"character_chosen":"DEFECT","items_purchased":[],"campfire_rested":0,"item_purchase_floors":[],"current_hp_per_floor":[73,73,82,80,80,80,61,61,61,61,56,44,44,31,31,27,68,44,44,35,0],"gold":341,"neow_bonus":"TEN_PERCENT_HP_BONUS","is_prod":false,"is_daily":false,"chose_seed":false,"campfire_upgraded":5,"win_rate":0,"timestamp":1569211027,"path_taken":["M","?","?","M","?","R","E","R","T","R","M","E","R","M","R","BOSS","M","?","M","?"],"build_version":"2019-07-17","purchased_purges":0,"victory":false,"max_hp_per_floor":[82,82,82,82,82,82,82,82,82,82,82,82,82,82,82,82,82,82,82,82,82],"card_choices":[{"not_picked":["Sweeping Beam","Lockon"],"picked":"Glacier","floor":1.0},{"not_picked":["Rebound","Redo"],"picked":"Loop","floor":4.0},{"not_picked":["Streamline","Darkness"],"picked":"Hologram","floor":5.0},{"not_picked":["Beam Cell","Leap"],"picked":"Static Discharge","floor":7.0},{"not_picked":["Heatsinks","Ball Lightning"],"picked":"Stack","floor":11.0},{"not_picked":["Compile Driver","Consume"],"picked":"Conserve Battery","floor":12.0},{"not_picked":["Turbo","Reprogram"],"picked":"Beam Cell","floor":14.0},{"not_picked":["Creative AI","Core Surge"],"picked":"Echo Form","floor":16},{"not_picked":["Sweeping Beam+1","Double Energy"],"picked":"Cold Snap","floor":18},{"not_picked":["Compile Driver","Ball Lightning"],"picked":"Sunder","floor":20}],"player_experience":313098,"relics_obtained":[{"floor":7.0,"key":"Lantern"},{"floor":9.0,"key":"Regal Pillow"},{"floor":12.0,"key":"Blood Vial"}],"event_choices":[{"cards_removed":["Strike_B"],"damage_healed":0.0,"max_hp_gain":0.0,"max_hp_loss":0.0,"gold_gain":0.0,"event_name":"The Cleric","player_choice":"Card Removal","floor":2.0,"gold_loss":50.0,"damage_taken":0.0},{"damage_healed":9.0,"max_hp_gain":0.0,"max_hp_loss":0.0,"gold_gain":0.0,"event_name":"Wheel of Change","player_choice":"Full Heal","floor":3.0,"gold_loss":0.0,"damage_taken":0.0},{"damage_healed":0,"gold_gain":0,"cards_transformed":["Strike_B"],"player_choice":"Transformed","damage_taken":0,"max_hp_gain":0,"max_hp_loss":0,"event_name":"Transmorgrifier","floor":19,"gold_loss":0,"cards_obtained":["Fission"]}],"is_beta":false,"boss_relics":[{"not_picked":["Empty Cage","Lizard Tail"],"picked":"Runic Dome"}],"items_purged_floors":[],"is_endless":false,"potions_floor_spawned":[4,5,11,12,20],"killed_by":"Shelled Parasite and Fungi","ascension_level":11}