{"gold_per_floor":[110,123,123,123,139,174,174,189,189,224,224,235,235,252,252,351,351,370,388,7,7,23,23,57,57,139,173,173,183,200,200],"floor_reached":31,"playtime":2395,"items_purged":[],"score":312,"play_id":"b8b204c0-e7b5-44d6-97b9-e676f3ca42d1","local_time":"20190903180811","is_ascension_mode":false,"campfire_choices":[{"data":"Streamline","floor":7,"key":"SMITH"},{"floor":11,"key":"REST"},{"floor":15,"key":"REST"},{"data":"White Noise","floor":23,"key":"SMITH"},{"floor":25,"key":"REST"}],"neow_cost":"NONE","seed_source_timestamp":1896536217620900,"circlet_count":0,"master_deck":["Strike_B","Strike_B","Strike_B","Defend_B","Defend_B","Defend_B","Defend_B","Zap+1","Redo","Cold Snap","Gash","Streamline+1","Conserve Battery","White Noise+1","Self Repair","Stack","All For One","Streamline+1","Beam Cell","Seek","Loop+1","Redo+1","Compile Driver"],"relics":["Cracked Core","Happy Flower","Vajra","Sundial","Busted Crown","Mummified Hand","Question Card","Toxic Egg 2","Pear"],"potions_floor_usage":[6,16,24,29,31],"damage_taken":[{"damage":1,"enemies":"Cultist","floor":1,"turns":3},{"damage":15,"enemies":"Jaw Worm","floor":2,"turns":5},{"damage":0,"enemies":"Small Slimes","floor":5,"turns":3},{"damage":14,"enemies":"3 Sentries","floor":6,"turns":7},{"damage":3,"enemies":"Gremlin Gang","floor":8,"turns":4},{"damage":16,"enemies":"Lagavulin","floor":10,"turns":4},{"damage":3,"enemies":"Looter","floor":12,"turns":2},{"damage":5,"enemies":"3 Louse","floor":14,"turns":4},{"damage":22,"enemies":"The Guardian","floor":16,"turns":8},{"damage":14,"enemies":"2 Thieves","floor":18,"turns":4},{"damage":0,"enemies":"Spheric Guardian","floor":19,"turns":3},{"damage":35,"enemies":"Snake Plant","floor":22,"turns":3},{"damage":34,"enemies":"Gremlin Leader","floor":24,"turns":6},{"damage":18,"enemies":"Slavers","floor":27,"turns":5},{"damage":18,"enemies":"Centurion and Healer","floor":29,"turns":5},{"damage":34,"enemies":"Shelled Parasite and Fungi","floor":30,"turns":5},{"damage":15,"enemies":"Book of Stabbing","floor":31,"turns":3}],"seed_played":"3849233767233632435","potions_obtained":[{"floor":1,"key":"EssenceOfSteel"},{"floor":2,"key":"Energy Potion"},{"floor":10,"key":"Explosive Potion"},{"floor":16,"key":"Energy Potion"},{"floor":18,"key":"Strength Potion"},{"floor":29,"key":"FocusPotion"}],"is_trial":false,"path_per_floor":["M","M","?","?","M","E","R","M","T","E","R","M","?","M","R","B",null,"M","M","$","?","M","R","E","R","T","E","?","M","M","E"],"character_chosen":"DEFECT","items_purchased":["Mummified Hand","Seek"],"campfire_rested":3,"item_purchase_floors":[20,20],"current_hp_per_floor":[81,66,59,59,59,45,45,42,42,26,50,47,47,42,66,51,82,75,82,82,82,54,54,27,51,51,50,50,39,12,0],"gold":200,"neow_bonus":"TEN_PERCENT_HP_BONUS","is_prod":false,"is_daily":false,"chose_seed":false,"campfire_upgraded":2,"win_rate":0.0,"timestamp":1567526891,"path_taken":["M","M","?","?","M","E","R","M","T","E","R","M","?","?","R","BOSS","M","M","$","?","M","R","E","R","T","E","?","?","M","E"],"build_version":"2019-07-17","purchased_purges":0,"victory":false,"max_hp_per_floor":[82,82,82,82,82,82,82,82,82,82,82,82,82,82,82,82,82,82,82,82,82,82,82,82,82,82,92,92,92,92,92],"card_choices":[{"not_picked":["BootSequence","Barrage"],"picked":"Redo","floor":1},{"not_picked":["Conserve Battery","Skim"],"picked":"Cold Snap","floor":2},{"not_picked":["Leap","Ball Lightning"],"picked":"Gash","floor":5},{"not_picked":["Double Energy","Coolheaded"],"picked":"Streamline","floor":6},{"not_picked":["Barrage","Cold Snap"],"picked":"Conserve Battery","floor":8},{"not_picked":["Reprogram","Steam"],"picked":"White Noise","floor":10},{"not_picked":["Aggregate","Stack"],"picked":"Self Repair","floor":12},{"not_picked":["Cold Snap","Coolheaded"],"picked":"Stack","floor":14},{"not_picked":["Biased Cognition","Fission"],"picked":"All For One","floor":16},{"not_picked":[],"picked":"Streamline+1","floor":18},{"not_picked":[],"picked":"Beam Cell","floor":19},{"not_picked":["Barrage"],"picked":"SKIP","floor":22},{"not_picked":["Skim"],"picked":"SKIP","floor":24},{"not_picked":["Sweeping Beam"],"picked":"Loop","floor":27},{"not_picked":["Hologram+1"],"picked":"Redo+1","floor":29},{"not_picked":["Ball Lightning"],"picked":"Compile Driver","floor":30}],"player_experience":54315,"relics_obtained":[{"floor":6,"key":"Happy Flower"},{"floor":9,"key":"Vajra"},{"floor":10,"key":"Sundial"},{"floor":24,"key":"Question Card"},{"floor":26,"key":"Toxic Egg 2"},{"floor":27,"key":"Pear"}],"event_choices":[{"cards_removed":["Strike_B"],"damage_healed":0,"gold_gain":0,"player_choice":"Card Removal","damage_taken":7,"max_hp_gain":0,"max_hp_loss":0,"event_name":"Golden Wing","floor":3,"gold_loss":0},{"damage_healed":0,"gold_gain":0,"player_choice":"Grow","damage_taken":0,"max_hp_gain":0,"max_hp_loss":0,"event_name":"Living Wall","floor":4,"gold_loss":0,"cards_upgraded":["Zap"]},{"cards_removed":["Dualcast"],"damage_healed":0,"gold_gain":0,"player_choice":"Offered Basic","damage_taken":0,"max_hp_gain":0,"max_hp_loss":0,"event_name":"Bonfire Elementals","floor":13,"gold_loss":0},{"damage_healed":0,"gold_gain":0,"player_choice":"Ignored","damage_taken":0,"max_hp_gain":0,"max_hp_loss":0,"event_name":"Vampires","floor":21,"gold_loss":0},{"damage_healed":0,"gold_gain":0,"player_choice":"Upgraded","damage_taken":0,"max_hp_gain":0,"max_hp_loss":0,"event_name":"Upgrade Shrine","floor":28,"gold_loss":0,"cards_upgraded":["Loop"]}],"is_beta":false,"boss_relics":[{"not_picked":["Cursed Key","Runic Dome"],"picked":"Busted Crown"}],"items_purged_floors":[],"is_endless":false,"potions_floor_spawned":[1,2,10,16,18,22,29],"killed_by":"Book of Stabbing","ascension_level":0}