{"gold_per_floor":[115,125,275,285,301,301,312,312,367,442,468,486,486,496,496,568,568,568,199,199,199],"floor_reached":21,"playtime":970,"items_purged":[],"score":316,"play_id":"478238c4-f7d0-4962-aef3-73d9839def5c","local_time":"20191003201652","is_ascension_mode":true,"campfire_choices":[{"floor":6.0,"key":"REST"},{"data":"Neutralize","floor":8.0,"key":"SMITH"},{"data":"Noxious Fumes","floor":13.0,"key":"SMITH"},{"floor":15.0,"key":"REST"}],"neow_cost":"PERCENT_DAMAGE","seed_source_timestamp":425688042550900,"circlet_count":0,"master_deck":["AscendersBane","Strike_G","Strike_G","Strike_G","Defend_G","Defend_G","Defend_G","Defend_G","Defend_G","Survivor","Neutralize+1","Accuracy","Underhanded Strike","Doubt","Blade Dance","Dagger Spray","Noxious Fumes+1","Deadly Poison","Unload","Deadly Poison","Dagger Spray","Catalyst"],"special_seed":0,"relics":["Ring of the Snake","Gambling Chip","Boot","Potion Belt","Ectoplasm","Membership Card","Oddly Smooth Stone","Blood Vial"],"potions_floor_usage":[16],"damage_taken":[{"damage":0.0,"enemies":"2 Louse","floor":1.0,"turns":4.0},{"damage":21.0,"enemies":"Jaw Worm","floor":2.0,"turns":8.0},{"damage":1.0,"enemies":"Small Slimes","floor":4.0,"turns":3.0},{"damage":5.0,"enemies":"Exordium Wildlife","floor":5.0,"turns":4.0},{"damage":1.0,"enemies":"3 Louse","floor":7.0,"turns":3.0},{"damage":0.0,"enemies":"Gremlin Gang","floor":12.0,"turns":3.0},{"damage":13.0,"enemies":"Exordium Wildlife","floor":14.0,"turns":5.0},{"damage":18,"enemies":"Hexaghost","floor":16,"turns":10},{"damage":28,"enemies":"Shell Parasite","floor":18,"turns":7},{"damage":37,"enemies":"Masked Bandits","floor":21,"turns":3}],"seed_played":"6009039064870988484","potions_obtained":[{"floor":4.0,"key":"SteroidPotion"},{"floor":5.0,"key":"SkillPotion"},{"floor":7.0,"key":"Swift Potion"},{"floor":12.0,"key":"Dexterity Potion"}],"is_trial":false,"path_per_floor":["M","M","?","M","M","R","M","R","T","?","T","M","R","M","R","B",null,"M","$","?","?"],"character_chosen":"THE_SILENT","items_purchased":["Membership Card","Oddly Smooth Stone","Blood Vial"],"campfire_rested":2,"item_purchase_floors":[19,19,19],"current_hp_per_floor":[44,23,23,22,17,36,35,35,35,24,24,24,24,11,30,12,53,25,25,25,0],"gold":199,"neow_bonus":"ONE_RARE_RELIC","is_prod":false,"is_daily":false,"chose_seed":false,"campfire_upgraded":2,"win_rate":0,"timestamp":1570126612,"path_taken":["M","M","?","M","M","R","M","R","T","?","?","M","R","M","R","BOSS","M","$","?","?"],"build_version":"2019-07-17","purchased_purges":0,"victory":false,"max_hp_per_floor":[66,66,66,66,66,66,66,66,66,66,66,66,66,66,66,66,66,66,66,66,66],"card_choices":[{"not_picked":["Prepared","Riddle With Holes"],"picked":"Accuracy","floor":1.0},{"not_picked":["Skewer","Crippling Poison"],"picked":"Underhanded Strike","floor":2.0},{"not_picked":["Escape Plan","Concentrate"],"picked":"Blade Dance","floor":4.0},{"not_picked":["Prepared","Bane"],"picked":"Dagger Spray","floor":5.0},{"not_picked":["Outmaneuver","Finisher","Grand Finale"],"picked":"SKIP","floor":7.0},{"not_picked":["Sucker Punch","Cloak And Dagger"],"picked":"Noxious Fumes","floor":12.0},{"not_picked":["PiercingWail","Dagger Throw"],"picked":"Deadly Poison","floor":14.0},{"not_picked":["Glass Knife","Storm of Steel"],"picked":"Unload","floor":16},{"not_picked":["Acrobatics","PiercingWail"],"picked":"Deadly Poison","floor":18}],"player_experience":413540,"relics_obtained":[{"floor":9.0,"key":"Boot"},{"floor":11.0,"key":"Potion Belt"}],"event_choices":[{"damage_healed":0.0,"max_hp_gain":0.0,"max_hp_loss":0.0,"gold_gain":150.0,"event_name":"Liars Game","player_choice":"AGREE","floor":3.0,"gold_loss":0.0,"damage_taken":0.0,"cards_obtained":["Doubt"]},{"damage_healed":0.0,"max_hp_gain":0.0,"max_hp_loss":0.0,"gold_gain":75.0,"event_name":"World of Goop","player_choice":"Gather Gold","floor":10.0,"gold_loss":0.0,"damage_taken":11.0},{"damage_healed":0,"gold_gain":0,"cards_transformed":["Strike_G","Strike_G"],"player_choice":"Became Test Subject","damage_taken":0,"max_hp_gain":0,"max_hp_loss":0,"event_name":"Drug Dealer","floor":20,"gold_loss":0,"cards_obtained":["Dagger Spray","Catalyst"]},{"damage_healed":0,"gold_gain":0,"player_choice":"Fought Bandits","damage_taken":0,"max_hp_gain":0,"max_hp_loss":0,"event_name":"Masked Bandits","floor":21,"gold_loss":0}],"is_beta":false,"boss_relics":[{"not_picked":["Ring of the Serpent","Orrery"],"picked":"Ectoplasm"}],"items_purged_floors":[],"is_endless":false,"potions_floor_spawned":[4,5,7,12],"killed_by":"Masked Bandits","ascension_level":17}