{"gold_per_floor":[119,137,156,10,80,94,94,122,122,122,122,18,18,28,28,129,129,143,158,83,101,101,101,51,84,84,84,97,122,122,140,140,241,241,252,252,15,15,25,43,43,72,72,72,91,91,91,91],"floor_reached":48,"playtime":4695,"items_purged":["Strike_G","Strike_G"],"score":623,"play_id":"129cf3f8-77f6-44c5-b6d1-fec47fbdf849","local_time":"20191011214457","is_ascension_mode":true,"campfire_choices":[{"data":"Dagger Spray","floor":7,"key":"SMITH"},{"data":"Dagger Spray","floor":10,"key":"SMITH"},{"data":"Footwork","floor":13,"key":"SMITH"},{"data":"Backflip","floor":15,"key":"SMITH"},{"data":"Dagger Throw","floor":23,"key":"SMITH"},{"floor":27,"key":"REST"},{"floor":32,"key":"REST"},{"data":"Calculated Gamble","floor":41,"key":"SMITH"},{"data":"Strike_G","floor":44,"key":"SMITH"},{"floor":46,"key":"REST"}],"neow_cost":"NONE","seed_source_timestamp":148709773654600,"circlet_count":0,"master_deck":["Strike_G","Strike_G+1","Defend_G","Defend_G","Defend_G","Defend_G","Defend_G","Survivor","Neutralize+1","Dagger Throw+1","Dagger Spray+1","Backflip+1","Footwork+1","Dagger Spray+1","Crippling Poison","Footwork+1","Skewer+1","Quick Slash+1","Noxious Fumes+1","Flying Knee+1","Backstab+1","Calculated Gamble+1","Footwork+1","Night Terror","Underhanded Strike+1","Deadly Poison+1"],"relics":["Ring of the Serpent","Sundial","Molten Egg 2","Tough Bandages","MutagenicStrength","Pantograph","Bag of Preparation","Juzu Bracelet","Runic Pyramid","Question Card","Bottled Flame"],"potions_floor_usage":[8,8,16,25,33,40,40],"damage_taken":[{"damage":0,"enemies":"Cultist","floor":1,"turns":6},{"damage":1,"enemies":"Jaw Worm","floor":2,"turns":3},{"damage":0,"enemies":"Small Slimes","floor":3,"turns":3},{"damage":22,"enemies":"Gremlin Gang","floor":6,"turns":3},{"damage":9,"enemies":"Lagavulin","floor":8,"turns":8},{"damage":0,"enemies":"Blue Slaver","floor":14,"turns":3},{"damage":4,"enemies":"Slime Boss","floor":16,"turns":12},{"damage":1,"enemies":"Chosen","floor":18,"turns":5},{"damage":17,"enemies":"Shell Parasite","floor":19,"turns":7},{"damage":2,"enemies":"Snake Plant","floor":21,"turns":6},{"damage":11,"enemies":"Gremlin Leader","floor":25,"turns":5},{"damage":0,"enemies":"Centurion and Healer","floor":28,"turns":4},{"damage":16,"enemies":"Book of Stabbing","floor":29,"turns":7},{"damage":0,"enemies":"3 Cultists","floor":31,"turns":4},{"damage":8,"enemies":"Champ","floor":33,"turns":12},{"damage":0,"enemies":"3 Shapes","floor":35,"turns":5},{"damage":3,"enemies":"Orb Walker","floor":39,"turns":5},{"damage":3,"enemies":"4 Shapes","floor":40,"turns":5},{"damage":27,"enemies":"Nemesis","floor":42,"turns":11},{"damage":24,"enemies":"Jaw Worm Horde","floor":45,"turns":5},{"damage":38,"enemies":"Spire Growth","floor":48,"turns":6}],"seed_played":"-529947680227810356","potions_obtained":[{"floor":2,"key":"Dexterity Potion"},{"floor":3,"key":"Regen Potion"},{"floor":8,"key":"Swift Potion"},{"floor":16,"key":"Fire Potion"},{"floor":19,"key":"Dexterity Potion"},{"floor":21,"key":"Swift Potion"},{"floor":31,"key":"SteroidPotion"},{"floor":39,"key":"Block Potion"}],"is_trial":false,"path_per_floor":["M","M","M","$","T","M","R","E","T","R","?","$","R","M","R","B",null,"M","M","?","M","?","R","?","E","T","R","M","E","?","M","R","B",null,"M","?","$","?","M","M","R","E","T","R","M","R","?","M"],"character_chosen":"THE_SILENT","items_purchased":["Footwork","Footwork","Skewer+1","Night Terror"],"campfire_rested":3,"item_purchase_floors":[4,12,12,37],"current_hp_per_floor":[70,69,69,69,69,47,47,53,53,53,53,53,53,53,53,49,65,64,47,47,45,45,45,45,34,34,55,55,39,26,26,48,65,73,73,73,73,71,68,65,65,38,38,38,14,35,35,0],"gold":91,"neow_bonus":"UPGRADE_CARD","is_prod":false,"is_daily":false,"chose_seed":false,"campfire_upgraded":7,"win_rate":0,"timestamp":1570848297,"path_taken":["M","M","M","?","?","?","R","E","T","R","?","?","R","M","R","BOSS","M","M","?","M","?","R","?","E","T","R","?","E","?","M","R","BOSS","M","?","$","?","M","M","R","E","T","R","M","R","?","M"],"build_version":"2019-07-17","purchased_purges":2,"victory":false,"max_hp_per_floor":[70,70,70,70,70,70,70,70,70,70,70,70,70,70,70,70,70,70,70,70,70,70,70,70,70,70,70,70,70,75,75,75,75,75,75,75,75,71,71,71,71,71,71,71,71,71,71,71],"card_choices":[{"not_picked":["Blade Dance","Backflip"],"picked":"Dagger Throw","floor":1},{"not_picked":["Sucker Punch","Acrobatics"],"picked":"Dagger Spray","floor":2},{"not_picked":["Poisoned Stab","Dodge and Roll"],"picked":"Backflip","floor":3},{"not_picked":["Concentrate","Bouncing Flask"],"picked":"Dagger Spray","floor":6},{"not_picked":["Poisoned Stab","Cloak And Dagger"],"picked":"Crippling Poison","floor":8},{"not_picked":["Riddle With Holes+1","Infinite Blades","Bane+1"],"picked":"SKIP","floor":14},{"not_picked":["Riddle With Holes+1","Reflex"],"picked":"Quick Slash+1","floor":18},{"not_picked":["Blade Dance","Concentrate"],"picked":"Noxious Fumes+1","floor":19},{"not_picked":["Noxious Fumes","Underhanded Strike+1"],"picked":"Flying Knee+1","floor":21},{"not_picked":["Bane+1","Outmaneuver"],"picked":"Backstab+1","floor":25},{"not_picked":["Deadly Poison","Dagger Spray+1","Flying Knee+1"],"picked":"SKIP","floor":28},{"not_picked":["Blur","Setup"],"picked":"Calculated Gamble","floor":29},{"not_picked":["Distraction","Cloak And Dagger"],"picked":"Footwork+1","floor":31},{"not_picked":["Acrobatics+1","Predator+1"],"picked":"Poisoned Stab+1","floor":35},{"not_picked":["Quick Slash+1","Bane+1","Dodge and Roll+1"],"picked":"SKIP","floor":39},{"not_picked":["Quick Slash+1","Escape Plan"],"picked":"Underhanded Strike+1","floor":40},{"not_picked":["Well Laid Plans","Night Terror"],"picked":"Deadly Poison+1","floor":42},{"not_picked":["Dodge and Roll+1","Blade Dance+1","Deflect+1","Sucker Punch+1"],"picked":"SKIP","floor":45}],"player_experience":250898,"relics_obtained":[{"floor":5,"key":"Sundial"},{"floor":8,"key":"Molten Egg 2"},{"floor":9,"key":"Tough Bandages"},{"floor":25,"key":"Pantograph"},{"floor":26,"key":"Bag of Preparation"},{"floor":29,"key":"Juzu Bracelet"},{"floor":42,"key":"Question Card"},{"floor":43,"key":"Bottled Flame"}],"event_choices":[{"damage_healed":0,"gold_gain":0,"player_choice":"Upgraded","damage_taken":0,"max_hp_gain":0,"max_hp_loss":0,"event_name":"Upgrade Shrine","floor":11,"gold_loss":0,"cards_upgraded":["Footwork"]},{"cards_removed":["Strike_G"],"damage_healed":0,"gold_gain":0,"player_choice":"Gave Gold","damage_taken":0,"max_hp_gain":0,"max_hp_loss":0,"event_name":"Beggar","floor":20,"gold_loss":75},{"damage_healed":0,"gold_gain":0,"player_choice":"Inject Mutagens","damage_taken":0,"relics_obtained":["MutagenicStrength"],"max_hp_gain":0,"max_hp_loss":0,"event_name":"Drug Dealer","floor":22,"gold_loss":0},{"damage_healed":0,"gold_gain":0,"player_choice":"Bet on Owner","damage_taken":0,"max_hp_gain":0,"max_hp_loss":0,"event_name":"The Joust","floor":24,"gold_loss":50},{"damage_healed":0,"gold_gain":0,"player_choice":"Shed Blood","damage_taken":18,"max_hp_gain":5,"max_hp_loss":0,"event_name":"Forgotten Altar","floor":30,"gold_loss":0},{"damage_healed":0,"gold_gain":0,"player_choice":"Memory 1","damage_taken":0,"max_hp_gain":0,"max_hp_loss":0,"event_name":"SensoryStone","floor":36,"gold_loss":0},{"damage_healed":0,"gold_gain":0,"player_choice":"Max HP","damage_taken":0,"max_hp_gain":0,"max_hp_loss":4,"event_name":"Winding Halls","floor":38,"gold_loss":0},{"cards_removed":["Poisoned Stab"],"damage_healed":0,"gold_gain":0,"player_choice":"Removed Attack","damage_taken":0,"max_hp_gain":0,"max_hp_loss":0,"event_name":"Falling","floor":47,"gold_loss":0}],"is_beta":false,"boss_relics":[{"not_picked":["Velvet Choker","Busted Crown"],"picked":"Ring of the Serpent"},{"not_picked":["Astrolabe","Calling Bell"],"picked":"Runic Pyramid"}],"items_purged_floors":[4,37],"is_endless":false,"potions_floor_spawned":[2,3,8,16,19,21,31,39],"killed_by":"Spire Growth","ascension_level":5}