{"gold_per_floor":[119,137,152,162,174,174,189,199,199,216,247,263,282,317,317,413,413,433,305,305,323,334,334,350,362,362,28,28],"floor_reached":28,"playtime":1733,"items_purged":["Strike_R"],"score":240,"play_id":"abb438ac-65f9-48c5-ad0d-da4e3d751489","local_time":"20190729155736","is_ascension_mode":false,"campfire_choices":[{"data":"Barricade","floor":6,"key":"SMITH"},{"floor":15,"key":"RECALL"},{"floor":23,"key":"REST"}],"neow_cost":"NONE","seed_source_timestamp":9394961531720,"circlet_count":0,"master_deck":["Defend_R","Defend_R","Defend_R","Defend_R","Bash","Wild Strike","Perfected Strike","Headbutt","Anger","Barricade+1","Perfected Strike","Evolve","Pommel Strike","Metallicize","Body Slam","Wild Strike","Shrug It Off","Juggernaut","Dual Wield+1","Feel No Pain+1","Flex+1","Warcry","Feel No Pain","Spot Weakness","Entrench","Shrug It Off","Anger+1","Dark Embrace"],"relics":["Burning Blood","Happy Flower","Singing Bowl","Self Forming Clay","Smiling Mask","Astrolabe","Bottled Flame"],"potions_floor_usage":[7,11,14,16,16,16,16,18,25],"damage_taken":[{"damage":4,"enemies":"Cultist","floor":1,"turns":4},{"damage":6,"enemies":"Jaw Worm","floor":2,"turns":2},{"damage":1,"enemies":"2 Louse","floor":3,"turns":2},{"damage":5,"enemies":"Large Slime","floor":4,"turns":5},{"damage":0,"enemies":"Exordium Wildlife","floor":5,"turns":2},{"damage":13,"enemies":"Exordium Thugs","floor":7,"turns":3},{"damage":0,"enemies":"Large Slime","floor":8,"turns":5},{"damage":16,"enemies":"Blue Slaver","floor":10,"turns":4},{"damage":16,"enemies":"Lagavulin","floor":11,"turns":6},{"damage":12,"enemies":"3 Louse","floor":12,"turns":2},{"damage":2,"enemies":"Looter","floor":13,"turns":2},{"damage":21,"enemies":"3 Sentries","floor":14,"turns":6},{"damage":41,"enemies":"Hexaghost","floor":16,"turns":7},{"damage":39,"enemies":"2 Thieves","floor":18,"turns":4},{"damage":12,"enemies":"3 Byrds","floor":21,"turns":6},{"damage":28,"enemies":"Cultist and Chosen","floor":22,"turns":6},{"damage":24,"enemies":"Sentry and Sphere","floor":24,"turns":8},{"damage":8,"enemies":"Centurion and Healer","floor":25,"turns":9},{"damage":35,"enemies":"Shelled Parasite and Fungi","floor":28,"turns":5}],"seed_played":"339174182816977226","potions_obtained":[{"floor":2,"key":"Swift Potion"},{"floor":3,"key":"EssenceOfSteel"},{"floor":5,"key":"EntropicBrew"},{"floor":10,"key":"Regen Potion"},{"floor":11,"key":"BloodPotion"},{"floor":16,"key":"SkillPotion"},{"floor":18,"key":"Ancient Potion"},{"floor":24,"key":"Swift Potion"}],"is_trial":false,"path_per_floor":["M","M","M","M","M","R","M","M","T","M","E","M","M","E","R","B",null,"M","$","?","M","M","R","M","M","T","$","M"],"character_chosen":"IRONCLAD","items_purchased":["Feel No Pain","Bottled Flame","Dark Embrace"],"campfire_rested":1,"item_purchase_floors":[19,27,27],"current_hp_per_floor":[80,80,80,80,80,80,73,79,79,69,71,65,69,74,74,39,80,47,47,47,41,19,43,27,25,25,25,0],"gold":28,"neow_bonus":"RANDOM_COMMON_RELIC","is_prod":false,"is_daily":false,"chose_seed":false,"campfire_upgraded":1,"win_rate":0,"timestamp":1564408656,"path_taken":["M","M","M","?","M","R","M","M","T","M","E","M","M","E","R","BOSS","M","$","?","M","M","R","M","?","T","$","M"],"build_version":"2019-07-17","purchased_purges":1,"victory":false,"max_hp_per_floor":[80,80,80,80,80,80,80,80,80,80,80,80,80,80,80,80,80,80,80,80,80,80,80,82,82,82,82,82],"card_choices":[{"not_picked":["Heavy Blade","Pummel"],"picked":"Wild Strike","floor":1},{"not_picked":["Cleave","Iron Wave"],"picked":"Perfected Strike","floor":2},{"not_picked":["Combust","Carnage"],"picked":"Headbutt","floor":3},{"not_picked":["Carnage","Pummel"],"picked":"Anger","floor":4},{"not_picked":["Shrug It Off","Whirlwind"],"picked":"Barricade","floor":5},{"not_picked":["Bloodletting","Flex"],"picked":"Perfected Strike","floor":7},{"not_picked":["Perfected Strike","Thunderclap"],"picked":"Evolve","floor":8},{"not_picked":["Exhume","Intimidate"],"picked":"Pommel Strike","floor":10},{"not_picked":["Thunderclap","Searing Blow"],"picked":"Metallicize","floor":11},{"not_picked":["Burning Pact","Iron Wave"],"picked":"Body Slam","floor":12},{"not_picked":["Havoc","Flex"],"picked":"Wild Strike","floor":13},{"not_picked":["Rampage","Flex"],"picked":"Shrug It Off","floor":14},{"not_picked":["Berserk","Fiend Fire"],"picked":"Juggernaut","floor":16},{"not_picked":["Cleave","Clothesline"],"picked":"Warcry","floor":18},{"not_picked":["Burning Pact+1","Flex"],"picked":"Entrench","floor":21},{"not_picked":["Perfected Strike","Clash"],"picked":"Shrug It Off","floor":22},{"not_picked":["Heavy Blade","Battle Trance+1","Reckless Charge"],"picked":"Singing Bowl","floor":24},{"not_picked":["Feel No Pain","Rupture"],"picked":"Anger+1","floor":25}],"player_experience":144413,"relics_obtained":[{"floor":9,"key":"Singing Bowl"},{"floor":11,"key":"Self Forming Clay"},{"floor":14,"key":"Smiling Mask"}],"event_choices":[{"damage_healed":0,"gold_gain":0,"cards_transformed":["Strike_R"],"player_choice":"Transformed","damage_taken":0,"max_hp_gain":0,"max_hp_loss":0,"event_name":"Transmorgrifier","floor":20,"gold_loss":0,"cards_obtained":["Spot Weakness"]}],"is_beta":false,"boss_relics":[{"not_picked":["White Beast Statue","Coffee Dripper"],"picked":"Astrolabe"}],"items_purged_floors":[19],"is_endless":false,"potions_floor_spawned":[2,3,5,10,11,12,16,18,24],"killed_by":"Shelled Parasite and Fungi","ascension_level":0}