{"gold_per_floor":[111,111,111,129,181,356,376,17,17,35,75,156,170,204,204,330,330,344,344,370,356,19,90,90,90,115,115,139,178,178,221,221,352,352,365,9,134,157,157,198,224,569,581,621,652,664,686,21,21,21,21,21,21,51,51],"floor_reached":56,"playtime":5599,"items_purged":["Doubt","Strike_R","Strike_R"],"score":1344,"play_id":"7e39942f-92f5-43e3-b51a-a176f4b02070","local_time":"20190904182903","is_ascension_mode":false,"campfire_choices":[{"floor":15,"key":"REST"},{"floor":25,"key":"RECALL"},{"floor":27,"key":"REST"},{"floor":32,"key":"REST"},{"data":"Demon Form","floor":46,"key":"SMITH"},{"data":"Apotheosis","floor":49,"key":"SMITH"},{"data":"Magnetism","floor":52,"key":"SMITH"}],"neow_cost":"NONE","seed_source_timestamp":1980948974375700,"circlet_count":0,"master_deck":["Strike_R","Strike_R+1","Strike_R+1","Defend_R+1","Defend_R+1","Defend_R","Defend_R","Bash","Thunderclap","Seeing Red","Fire Breathing","Iron Wave","Cleave","Armaments","Pommel Strike","Inflame","Reaper","Warcry+1","Metallicize","Ghostly Armor","Apotheosis+1","Reaper","Clash+1","Demon Form+1","Battle Trance","Juggernaut","Metallicize+1","Steam","Caltrops+1","Sweeping Beam+1","Poisoned Stab+1","All Out Attack+1","Magnetism+1","Cleave+1","Seeing Red+1"],"relics":["Burning Blood","Medical Kit","Whetstone","Unceasing Top","War Paint","Mummified Hand","Black Star","Orichalcum","PreservedInsect","Tiny Chest","Shuriken","Incense Burner","Omamori","Vajra","Pear","Nilry\u0027s Codex","Ancient Tea Set","Bag of Preparation","Coffee Dripper","PrismaticShard","Thread and Needle","Boot","MawBank","Dream Catcher","Gremlin Horn","Pantograph","Molten Egg 2","Happy Flower","Ornamental Fan","Magic Flower"],"potions_floor_usage":[11,12,14,14,31,33,48,50,50,55],"damage_taken":[{"damage":1,"enemies":"Jaw Worm","floor":1,"turns":3},{"damage":2,"enemies":"2 Louse","floor":4,"turns":3},{"damage":7,"enemies":"Small Slimes","floor":7,"turns":3},{"damage":20,"enemies":"Exordium Wildlife","floor":10,"turns":4},{"damage":34,"enemies":"3 Sentries","floor":11,"turns":11},{"damage":20,"enemies":"3 Sentries","floor":12,"turns":6},{"damage":2,"enemies":"Blue Slaver","floor":13,"turns":4},{"damage":28,"enemies":"Gremlin Nob","floor":14,"turns":4},{"damage":2,"enemies":"Slime Boss","floor":16,"turns":8},{"damage":25,"enemies":"3 Byrds","floor":18,"turns":6},{"damage":30,"enemies":"2 Thieves","floor":21,"turns":4},{"damage":33,"enemies":"Gremlin Leader","floor":23,"turns":7},{"damage":21,"enemies":"Centurion and Healer","floor":28,"turns":7},{"damage":20,"enemies":"Book of Stabbing","floor":29,"turns":4},{"damage":60,"enemies":"Gremlin Leader","floor":31,"turns":7},{"damage":41,"enemies":"Collector","floor":33,"turns":9},{"damage":12,"enemies":"3 Darklings","floor":35,"turns":4},{"damage":22,"enemies":"Mind Bloom Boss Battle","floor":37,"turns":5},{"damage":30,"enemies":"Reptomancer","floor":40,"turns":6},{"damage":5,"enemies":"3 Shapes","floor":41,"turns":6},{"damage":10,"enemies":"Giant Head","floor":44,"turns":6},{"damage":0,"enemies":"Sphere and 2 Shapes","floor":45,"turns":5},{"damage":18,"enemies":"3 Darklings","floor":47,"turns":3},{"damage":55,"enemies":"Time Eater","floor":50,"turns":7},{"damage":6,"enemies":"Shield and Spear","floor":54,"turns":4},{"damage":123,"enemies":"The Heart","floor":55,"turns":8}],"seed_played":"5262203067946841741","potions_obtained":[{"floor":1,"key":"GamblersBrew"},{"floor":11,"key":"Regen Potion"},{"floor":12,"key":"LiquidBronze"},{"floor":13,"key":"LiquidBronze"},{"floor":21,"key":"SteroidPotion"},{"floor":29,"key":"Energy Potion"},{"floor":33,"key":"Ancient Potion"},{"floor":37,"key":"PowerPotion"}],"is_trial":false,"path_per_floor":["M","?","?","M","T","?","M","$","T","M","E","?","M","E","R","B",null,"M","?","T","M","$","E","T","R","T","R","M","E","?","E","R","B",null,"M","$","?","T","?","E","M","?","T","E","M","R","M","$","R","B",null,"R","$","E","B",null],"character_chosen":"IRONCLAD","items_purchased":["Medical Kit","Fire Breathing","PreservedInsect","Apotheosis","PrismaticShard","Poison Potion","Magnetism","Happy Flower","Fruit Juice","BloodPotion","Cleave+1"],"campfire_rested":3,"item_purchase_floors":[8,8,22,22,36,36,48,48,48,48,48],"current_hp_per_floor":[88,66,71,75,75,75,74,74,74,60,32,33,37,15,42,46,93,80,80,80,64,64,61,61,61,61,88,93,89,73,39,69,55,103,97,97,103,103,103,99,103,103,103,99,103,103,103,108,108,108,108,108,108,108,86],"gold":51,"neow_bonus":"TEN_PERCENT_HP_BONUS","is_prod":false,"is_daily":false,"chose_seed":false,"campfire_upgraded":3,"win_rate":0,"timestamp":1567614543,"path_taken":["M","?","?","M","?","?","M","$","T","M","E","?","M","E","R","BOSS","M","?","?","M","$","E","?","R","T","R","?","E","?","E","R","BOSS","M","$","?","?","?","E","M","?","T","E","M","R","M","?","R","BOSS","R","$","E","BOSS"],"build_version":"2019-07-17","purchased_purges":3,"victory":true,"max_hp_per_floor":[88,88,93,93,93,93,93,93,93,93,93,93,93,93,93,93,93,93,93,93,93,93,93,93,93,93,93,93,103,103,103,103,103,103,103,103,103,103,103,103,103,103,103,103,103,103,103,108,108,108,108,108,108,108,108],"card_choices":[{"not_picked":["Dual Wield","Wild Strike","Entrench"],"picked":"SKIP","floor":1},{"not_picked":["Perfected Strike","Evolve"],"picked":"Thunderclap","floor":4},{"not_picked":["True Grit","Bloodletting"],"picked":"Seeing Red","floor":7},{"not_picked":["Wild Strike","Cleave"],"picked":"Iron Wave","floor":10},{"not_picked":["Spot Weakness","Power Through"],"picked":"Cleave","floor":11},{"not_picked":["Shrug It Off","Fire Breathing"],"picked":"Armaments","floor":12},{"not_picked":["True Grit","Anger"],"picked":"Pommel Strike","floor":13},{"not_picked":["Twin Strike","Shrug It Off"],"picked":"Inflame","floor":14},{"not_picked":["Brutality","Impervious"],"picked":"Reaper","floor":16},{"not_picked":["Sentinel","Sword Boomerang"],"picked":"Warcry+1","floor":18},{"not_picked":["Thunderclap","Heavy Blade+1"],"picked":"Ghostly Armor","floor":21},{"not_picked":["Flame Barrier+1","Sentinel"],"picked":"Reaper","floor":23},{"not_picked":["Warcry","Anger"],"picked":"Clash+1","floor":28},{"not_picked":["Cleave","Evolve"],"picked":"Demon Form","floor":29},{"not_picked":["Body Slam","Havoc"],"picked":"Battle Trance","floor":31},{"not_picked":["Barricade","Bludgeon"],"picked":"Juggernaut","floor":33},{"not_picked":["Sentinel+1","Pommel Strike"],"picked":"Metallicize+1","floor":35},{"not_picked":["Acrobatics","Barrage"],"picked":"Steam","floor":37},{"not_picked":["PiercingWail+1","Barrage"],"picked":"Caltrops+1","floor":40},{"not_picked":["Compile Driver+1","Underhanded Strike","Purity"],"picked":"SKIP","floor":41},{"not_picked":["Clash","Go for the Eyes+1"],"picked":"Sweeping Beam","floor":44},{"not_picked":["Burning Pact","Deflect"],"picked":"Poisoned Stab+1","floor":45},{"not_picked":["Twin Strike+1","Burning Pact"],"picked":"All Out Attack+1","floor":47},{"not_picked":["Warcry+1","Fusion+1"],"picked":"Seeing Red+1","floor":54}],"player_experience":75459,"relics_obtained":[{"floor":9,"key":"Whetstone"},{"floor":11,"key":"Unceasing Top"},{"floor":12,"key":"War Paint"},{"floor":14,"key":"Mummified Hand"},{"floor":20,"key":"Orichalcum"},{"floor":23,"key":"Tiny Chest"},{"floor":23,"key":"Shuriken"},{"floor":24,"key":"Incense Burner"},{"floor":26,"key":"Omamori"},{"floor":29,"key":"Vajra"},{"floor":29,"key":"Pear"},{"floor":30,"key":"Nilry\u0027s Codex"},{"floor":31,"key":"Ancient Tea Set"},{"floor":31,"key":"Bag of Preparation"},{"floor":37,"key":"Thread and Needle"},{"floor":38,"key":"Boot"},{"floor":40,"key":"MawBank"},{"floor":40,"key":"Dream Catcher"},{"floor":43,"key":"Gremlin Horn"},{"floor":44,"key":"Pantograph"},{"floor":44,"key":"Molten Egg 2"},{"floor":54,"key":"Ornamental Fan"},{"floor":54,"key":"Magic Flower"}],"event_choices":[{"damage_healed":0,"gold_gain":0,"player_choice":"Take Damage","damage_taken":22,"relics_obtained":["Golden Idol"],"max_hp_gain":0,"max_hp_loss":0,"event_name":"Golden Idol","floor":2,"gold_loss":0},{"damage_healed":0,"gold_gain":0,"player_choice":"Donut","damage_taken":0,"max_hp_gain":5,"max_hp_loss":0,"event_name":"Big Fish","floor":3,"gold_loss":0},{"damage_healed":0,"gold_gain":175,"player_choice":"AGREE","damage_taken":0,"max_hp_gain":0,"max_hp_loss":0,"event_name":"Liars Game","floor":6,"gold_loss":0,"cards_obtained":["Doubt"]},{"damage_healed":0,"gold_gain":0,"player_choice":"Searched \u00272\u0027 times","damage_taken":0,"max_hp_gain":0,"max_hp_loss":0,"event_name":"Dead Adventurer","floor":12,"gold_loss":0},{"damage_healed":0,"gold_gain":0,"player_choice":"Read","damage_taken":0,"max_hp_gain":0,"max_hp_loss":0,"event_name":"The Library","floor":19,"gold_loss":0,"cards_obtained":["Metallicize"]},{"damage_healed":0,"gold_gain":0,"player_choice":"Obtained Book","damage_taken":16,"max_hp_gain":0,"max_hp_loss":0,"event_name":"Cursed Tome","floor":30,"gold_loss":0},{"damage_healed":0,"gold_gain":0,"player_choice":"Fight","damage_taken":0,"max_hp_gain":0,"max_hp_loss":0,"event_name":"MindBloom","floor":37,"gold_loss":0},{"damage_healed":26,"gold_gain":0,"player_choice":"Writhe","damage_taken":0,"max_hp_gain":0,"max_hp_loss":0,"event_name":"Winding Halls","floor":39,"gold_loss":0,"cards_obtained":["Writhe"]},{"damage_healed":0,"gold_gain":333,"player_choice":"Gave Idol","damage_taken":0,"max_hp_gain":0,"max_hp_loss":0,"event_name":"The Moai Head","floor":42,"relics_lost":["Golden Idol"],"gold_loss":0}],"is_beta":false,"boss_relics":[{"not_picked":["Velvet Choker","Ectoplasm"],"picked":"Black Star"},{"not_picked":["Tiny House","Runic Cube"],"picked":"Coffee Dripper"}],"items_purged_floors":[8,36,48],"is_endless":false,"potions_floor_spawned":[1,11,12,13,21,29,33,37,45],"ascension_level":0}