{"gold_per_floor":[368,386,416,2,2,29,29,29,56,85,104,120,152,194,206,321,333,360,372,397,409,21,52,52,67,91,91,91,107,119,147,147,247,247,263,44,0,0,15,15,29,62,62,62,88,88,88,102,102,102,102,102,5,40,40],"floor_reached":55,"playtime":5400,"items_purged":["Decay"],"score":919,"play_id":"073eeb95-494a-41d4-9ac8-566117dbf2c7","local_time":"20190912201418","is_ascension_mode":true,"campfire_choices":[{"data":"Zap","floor":7,"key":"SMITH"},{"data":"Loop","floor":15,"key":"SMITH"},{"floor":24,"key":"REST"},{"floor":28,"key":"REST"},{"floor":32,"key":"RECALL"},{"data":"Buffer","floor":40,"key":"SMITH"},{"floor":46,"key":"REST"},{"floor":49,"key":"REST"},{"data":"Heatsinks","floor":52,"key":"SMITH"}],"neow_cost":"CURSE","seed_source_timestamp":2678699892498600,"circlet_count":0,"master_deck":["Strike_B","Strike_B","Strike_B","Strike_B","Defend_B","Defend_B","Defend_B","Defend_B","Zap+1","Dualcast","Gash","Gash+1","Coolheaded","Self Repair","Compile Driver","Aggregate","Loop+1","Gash","Buffer","Cold Snap+1","Coolheaded+1","Dramatic Entrance","Stack","Heatsinks+1","Loop","Melter+1","Blizzard+1","Storm+1","Buffer+1","White Noise","Storm+1","Parasite","Hello World+1","White Noise+1","Capacitor","Buffer+1","Stack"],"relics":["Cracked Core","Tiny Chest","Bronze Scales","Lee\u0027s Waffle","Omamori","Oddly Smooth Stone","Mercury Hourglass","MawBank","Odd Mushroom","White Beast Statue","Sundial","Membership Card","Mummified Hand","Potion Belt","Blood Vial","Dodecahedron","Black Star","DollysMirror","Singing Bowl","Red Mask","Ice Cream","Du-Vu Doll","Pen Nib","Boot","Toy Ornithopter","Nunchaku","Whetstone"],"potions_floor_usage":[13,13,14,16,30,31,33,33,35,41,41,45,50,54,55,55,55,55],"damage_taken":[{"damage":6,"enemies":"Jaw Worm","floor":1,"turns":4},{"damage":6,"enemies":"Cultist","floor":2,"turns":3},{"damage":19,"enemies":"Gremlin Nob","floor":6,"turns":4},{"damage":14,"enemies":"Lagavulin","floor":10,"turns":6},{"damage":1,"enemies":"2 Louse","floor":11,"turns":2},{"damage":0,"enemies":"Large Slime","floor":12,"turns":4},{"damage":2,"enemies":"3 Sentries","floor":13,"turns":4},{"damage":6,"enemies":"The Mushroom Lair","floor":14,"turns":2},{"damage":6,"enemies":"The Guardian","floor":16,"turns":9},{"damage":8,"enemies":"Chosen","floor":18,"turns":4},{"damage":2,"enemies":"3 Byrds","floor":20,"turns":3},{"damage":30,"enemies":"Gremlin Leader","floor":23,"turns":8},{"damage":23,"enemies":"Sentry and Sphere","floor":25,"turns":6},{"damage":16,"enemies":"Centurion and Healer","floor":29,"turns":9},{"damage":5,"enemies":"Snake Plant","floor":30,"turns":4},{"damage":40,"enemies":"Book of Stabbing","floor":31,"turns":5},{"damage":24,"enemies":"Automaton","floor":33,"turns":8},{"damage":1,"enemies":"Orb Walker","floor":35,"turns":3},{"damage":17,"enemies":"3 Shapes","floor":39,"turns":3},{"damage":40,"enemies":"Writhing Mass","floor":41,"turns":4},{"damage":24,"enemies":"Nemesis","floor":42,"turns":5},{"damage":0,"enemies":"Giant Head","floor":45,"turns":7},{"damage":16,"enemies":"Spire Growth","floor":48,"turns":4},{"damage":50,"enemies":"Donu and Deca","floor":50,"turns":8},{"damage":50,"enemies":"Shield and Spear","floor":54,"turns":5},{"damage":77,"enemies":"The Heart","floor":55,"turns":8}],"seed_played":"-4473930079923498732","potions_obtained":[{"floor":1,"key":"Ancient Potion"},{"floor":11,"key":"Explosive Potion"},{"floor":12,"key":"Explosive Potion"},{"floor":13,"key":"Explosive Potion"},{"floor":14,"key":"Dexterity Potion"},{"floor":18,"key":"Strength Potion"},{"floor":20,"key":"Dexterity Potion"},{"floor":23,"key":"PowerPotion"},{"floor":25,"key":"Regen Potion"},{"floor":29,"key":"Block Potion"},{"floor":30,"key":"Swift Potion"},{"floor":31,"key":"Energy Potion"},{"floor":33,"key":"Ancient Potion"},{"floor":35,"key":"Energy Potion"},{"floor":39,"key":"Swift Potion"},{"floor":41,"key":"GamblersBrew"},{"floor":42,"key":"SpeedPotion"},{"floor":45,"key":"SteroidPotion"},{"floor":48,"key":"Strength Potion"},{"floor":54,"key":"FearPotion"}],"is_trial":false,"path_per_floor":["M","M","?","$","?","E","R","$","T","E","M","M","E","?","R","B",null,"M","?","M","?","$","E","R","M","T","?","R","M","M","E","R","B",null,"M","$","?","?","M","R","M","E","T","?","E","R","?","M","R","B",null,"R","$","E","B"],"character_chosen":"DEFECT","items_purchased":["Bronze Scales","Lee\u0027s Waffle","Membership Card","Mummified Hand","Dramatic Entrance","Stack","DollysMirror","Singing Bowl","Toy Ornithopter"],"campfire_rested":4,"item_purchase_floors":[4,4,22,22,22,22,36,36,53],"current_hp_per_floor":[69,63,63,82,87,68,68,68,68,54,60,67,72,66,66,60,87,86,86,87,87,87,64,87,71,71,54,81,74,78,62,62,40,92,92,92,92,92,77,77,46,31,31,31,40,68,68,56,84,43,96,96,96,53,0],"gold":40,"neow_bonus":"TWO_FIFTY_GOLD","is_prod":false,"is_daily":false,"chose_seed":false,"campfire_upgraded":4,"win_rate":0,"timestamp":1568312058,"path_taken":["M","M","?","?","?","E","R","$","T","E","M","M","E","?","R","BOSS","M","?","M","?","$","E","R","M","T","?","R","M","M","E","R","BOSS","M","$","?","?","M","R","M","E","T","?","E","R","?","?","R","BOSS","R","$","E","BOSS"],"build_version":"2019-07-17","purchased_purges":1,"victory":false,"max_hp_per_floor":[75,75,75,82,87,87,87,87,87,87,87,87,87,87,87,87,87,87,87,87,87,87,87,87,87,87,92,92,92,92,92,92,92,92,92,92,92,92,94,94,94,94,94,94,94,94,94,96,96,96,96,96,96,96,96],"card_choices":[{"not_picked":["Compile Driver","Consume"],"picked":"Gash","floor":1},{"not_picked":["Streamline","Reinforced Body"],"picked":"Gash","floor":2},{"not_picked":["Sweeping Beam","Tempest"],"picked":"Coolheaded","floor":6},{"not_picked":["Chill","Genetic Algorithm"],"picked":"Self Repair","floor":10},{"not_picked":["Reinforced Body","Beam Cell"],"picked":"Compile Driver","floor":11},{"not_picked":["Compile Driver","Sweeping Beam"],"picked":"Aggregate","floor":12},{"not_picked":["Steam Power","Coolheaded"],"picked":"Loop","floor":13},{"not_picked":["Recycle","Rebound"],"picked":"Gash","floor":14},{"not_picked":["Core Surge","Biased Cognition"],"picked":"Buffer","floor":16},{"not_picked":["Steam Power+1","Rebound"],"picked":"Cold Snap","floor":18},{"not_picked":["Cold Snap+1","Multi-Cast"],"picked":"Coolheaded+1","floor":20},{"not_picked":["Chaos","Conserve Battery"],"picked":"Heatsinks","floor":23},{"not_picked":["Streamline","Conserve Battery"],"picked":"Loop","floor":25},{"not_picked":["Turbo","Rebound+1"],"picked":"Melter+1","floor":29},{"not_picked":["Steam","Cold Snap"],"picked":"Blizzard+1","floor":30},{"not_picked":["Self Repair+1","Machine Learning"],"picked":"Storm+1","floor":31},{"not_picked":["Multi-Cast","Thunder Strike"],"picked":"Buffer","floor":33},{"not_picked":["Gash","Barrage+1"],"picked":"White Noise","floor":35},{"not_picked":["Barrage+1","Rebound","Reinforced Body"],"picked":"Singing Bowl","floor":39},{"not_picked":["Doom and Gloom+1","Rebound"],"picked":"Hello World+1","floor":41},{"not_picked":["Gash","Coolheaded"],"picked":"White Noise+1","floor":42},{"not_picked":["Thunder Strike","Aggregate+1"],"picked":"Capacitor","floor":45},{"not_picked":["Redo+1","Steam","Conserve Battery"],"picked":"Singing Bowl","floor":48},{"not_picked":["Steam+1","Skim+1"],"picked":"Stack","floor":54}],"player_experience":147928,"relics_obtained":[{"floor":6,"key":"Omamori"},{"floor":9,"key":"Oddly Smooth Stone"},{"floor":10,"key":"Mercury Hourglass"},{"floor":13,"key":"MawBank"},{"floor":14,"key":"Odd Mushroom"},{"floor":23,"key":"Potion Belt"},{"floor":26,"key":"Blood Vial"},{"floor":31,"key":"Dodecahedron"},{"floor":42,"key":"Ice Cream"},{"floor":42,"key":"Du-Vu Doll"},{"floor":45,"key":"Pen Nib"},{"floor":45,"key":"Boot"},{"floor":54,"key":"Nunchaku"},{"floor":54,"key":"Whetstone"}],"event_choices":[{"damage_healed":0,"gold_gain":0,"player_choice":"Gave Potion","damage_taken":0,"relics_obtained":["Tiny Chest"],"max_hp_gain":0,"max_hp_loss":0,"event_name":"WeMeetAgain","floor":3,"gold_loss":0},{"damage_healed":0,"gold_gain":0,"player_choice":"Donut","damage_taken":0,"max_hp_gain":5,"max_hp_loss":0,"event_name":"Big Fish","floor":5,"gold_loss":0},{"damage_healed":0,"gold_gain":0,"player_choice":"Fought Mushrooms","damage_taken":0,"max_hp_gain":0,"max_hp_loss":0,"event_name":"Mushrooms","floor":14,"gold_loss":0},{"damage_healed":0,"gold_gain":0,"player_choice":"Ignored","damage_taken":0,"max_hp_gain":0,"max_hp_loss":0,"event_name":"Ghosts","floor":19,"gold_loss":0},{"damage_healed":0,"gold_gain":0,"player_choice":"Opened","damage_taken":0,"relics_obtained":["Sundial"],"max_hp_gain":0,"max_hp_loss":0,"event_name":"The Mausoleum","floor":21,"gold_loss":0,"cards_obtained":["Writhe"]},{"damage_healed":0,"gold_gain":0,"player_choice":"Shed Blood","damage_taken":22,"max_hp_gain":5,"max_hp_loss":0,"event_name":"Forgotten Altar","floor":27,"gold_loss":0},{"damage_healed":0,"gold_gain":0,"player_choice":"Paid","damage_taken":0,"relics_obtained":["Red Mask"],"max_hp_gain":0,"max_hp_loss":0,"event_name":"Tomb of Lord Red Mask","floor":37,"gold_loss":44},{"damage_healed":23,"gold_gain":0,"player_choice":"Writhe","damage_taken":0,"max_hp_gain":0,"max_hp_loss":0,"event_name":"Winding Halls","floor":38,"gold_loss":0,"cards_obtained":["Writhe"]},{"damage_healed":0,"gold_gain":0,"player_choice":"Ignored","damage_taken":0,"max_hp_gain":0,"max_hp_loss":0,"event_name":"Mysterious Sphere","floor":44,"gold_loss":0},{"damage_healed":0,"gold_gain":0,"player_choice":"Copied","damage_taken":0,"max_hp_gain":0,"max_hp_loss":0,"event_name":"Duplicator","floor":47,"gold_loss":0,"cards_obtained":["Buffer"]}],"is_beta":false,"boss_relics":[{"not_picked":["Orrery","Velvet Choker"],"picked":"White Beast Statue"},{"not_picked":["Nuclear Battery","Cursed Key"],"picked":"Black Star"}],"items_purged_floors":[4],"is_endless":false,"potions_floor_spawned":[1,11,12,13,14,18,20,23,25,29,30,31,33,35,39,41,42,45,48,54],"killed_by":"The Heart","ascension_level":1}