{"gold_per_floor":[113,113,132,97,116,143,143,174,200,200],"floor_reached":10,"playtime":383,"items_purged":[],"score":152,"play_id":"456b439b-f05b-433a-9d2c-115eca98644a","local_time":"20191009212111","is_ascension_mode":true,"campfire_choices":[{"data":"Genetic Algorithm","floor":7.0,"key":"SMITH"}],"neow_cost":"NONE","seed_source_timestamp":948629220521400,"circlet_count":0,"master_deck":["AscendersBane","Strike_B","Strike_B","Strike_B","Defend_B","Defend_B","Defend_B","Defend_B","Zap","Dualcast","Doom and Gloom","Go for the Eyes","Genetic Algorithm+1","Self Repair","Consume"],"special_seed":0,"relics":["Eternal Feather","Boot","PreservedInsect","Lantern"],"potions_floor_usage":[10],"damage_taken":[{"damage":7.0,"enemies":"2 Louse","floor":1.0,"turns":3.0},{"damage":6.0,"enemies":"Cultist","floor":3.0,"turns":3.0},{"damage":4.0,"enemies":"Small Slimes","floor":5.0,"turns":4.0},{"damage":10.0,"enemies":"3 Sentries","floor":6.0,"turns":7.0},{"damage":28.0,"enemies":"Lagavulin","floor":8.0,"turns":7.0},{"damage":46,"enemies":"3 Sentries","floor":10,"turns":4}],"seed_played":"273633138820478810","potions_obtained":[{"floor":1.0,"key":"Fire Potion"},{"floor":5.0,"key":"Block Potion"},{"floor":6.0,"key":"Explosive Potion"}],"is_trial":false,"path_per_floor":["M","?","M","?","M","E","R","E","T","E"],"character_chosen":"DEFECT","items_purchased":[],"campfire_rested":0,"item_purchase_floors":[],"current_hp_per_floor":[57,57,51,68,64,54,60,39,39,0],"gold":200,"neow_bonus":"BOSS_RELIC","is_prod":false,"is_daily":false,"chose_seed":false,"campfire_upgraded":1,"win_rate":0,"timestamp":1570648871,"path_taken":["M","?","?","?","M","E","R","E","T","E"],"build_version":"2019-07-17","purchased_purges":0,"victory":false,"max_hp_per_floor":[71,71,71,71,71,71,71,71,71,71],"card_choices":[{"not_picked":["Double Energy","Darkness"],"picked":"Doom and Gloom","floor":1.0},{"not_picked":["Steam Power","Steam"],"picked":"Go for the Eyes","floor":3.0},{"not_picked":["Steam","Beam Cell"],"picked":"Genetic Algorithm","floor":5.0},{"not_picked":["Cold Snap","Go for the Eyes"],"picked":"Self Repair","floor":6.0},{"not_picked":["Turbo","Steam"],"picked":"Consume","floor":8.0}],"player_experience":453061,"relics_obtained":[{"floor":6.0,"key":"Boot"},{"floor":8.0,"key":"PreservedInsect"},{"floor":9.0,"key":"Lantern"}],"event_choices":[{"cards_removed":["Strike_B"],"damage_healed":0.0,"max_hp_gain":0.0,"max_hp_loss":0.0,"gold_gain":0.0,"event_name":"Bonfire Elementals","player_choice":"Offered Basic","floor":2.0,"gold_loss":0.0,"damage_taken":0.0},{"damage_healed":17.0,"max_hp_gain":0.0,"max_hp_loss":0.0,"gold_gain":0.0,"event_name":"The Cleric","player_choice":"Healed","floor":4.0,"gold_loss":35.0,"damage_taken":0.0}],"is_beta":false,"boss_relics":[],"items_purged_floors":[],"is_endless":false,"potions_floor_spawned":[1,5,6],"killed_by":"3 Sentries","ascension_level":20}