{"gold_per_floor":[113,124,136,156,176,201,201,220,269,269,296,296,316,329,329,426,426,445,445,456,456,467,467],"floor_reached":23,"playtime":1276,"items_purged":[],"score":280,"play_id":"7f5edef3-38f2-4581-8257-05f9b3e4870e","local_time":"20190912070853","is_ascension_mode":true,"campfire_choices":[{"floor":7,"key":"REST"},{"floor":10,"key":"REST"},{"floor":15,"key":"RECALL"}],"neow_cost":"NONE","seed_source_timestamp":2635701167133700,"circlet_count":0,"master_deck":["Strike_G","Strike_G","Defend_G","Defend_G","Defend_G","Defend_G","Defend_G","Survivor","Neutralize","Noxious Fumes","Deadly Poison","Noxious Fumes","Noxious Fumes","Deflect","Infinite Blades","Noxious Fumes","Venomology","Tools of the Trade","Skewer","Dagger Throw","Leg Sweep","Die Die Die","Calculated Gamble","Well Laid Plans","Dodge and Roll+1","A Thousand Cuts","Dagger Spray"],"relics":["Velvet Choker","FossilizedHelix","Vajra","Omamori","Empty Cage"],"potions_floor_usage":[6,6,13,16,16,18,18,23,23,23],"damage_taken":[{"damage":0,"enemies":"Cultist","floor":1,"turns":5},{"damage":3,"enemies":"2 Louse","floor":2,"turns":3},{"damage":0,"enemies":"Small Slimes","floor":3,"turns":4},{"damage":45,"enemies":"Gremlin Gang","floor":4,"turns":5},{"damage":7,"enemies":"2 Fungi Beasts","floor":5,"turns":4},{"damage":14,"enemies":"3 Sentries","floor":6,"turns":5},{"damage":0,"enemies":"Exordium Wildlife","floor":8,"turns":5},{"damage":0,"enemies":"Gremlin Nob","floor":11,"turns":4},{"damage":0,"enemies":"Looter","floor":13,"turns":3},{"damage":0,"enemies":"Blue Slaver","floor":14,"turns":4},{"damage":3,"enemies":"Hexaghost","floor":16,"turns":8},{"damage":6,"enemies":"3 Byrds","floor":18,"turns":3},{"damage":13,"enemies":"Spheric Guardian","floor":20,"turns":5},{"damage":19,"enemies":"Centurion and Healer","floor":22,"turns":7},{"damage":52,"enemies":"Slavers","floor":23,"turns":3}],"seed_played":"-8320777697077827704","potions_obtained":[{"floor":1,"key":"Poison Potion"},{"floor":2,"key":"Regen Potion"},{"floor":4,"key":"PowerPotion"},{"floor":8,"key":"PowerPotion"},{"floor":11,"key":"Explosive Potion"},{"floor":16,"key":"Explosive Potion"},{"floor":18,"key":"Fruit Juice"}],"is_trial":false,"path_per_floor":["M","M","M","M","M","E","R","M","T","R","E","?","M","M","R","B",null,"M","?","M","?","M","E"],"character_chosen":"THE_SILENT","items_purchased":[],"campfire_rested":2,"item_purchase_floors":[],"current_hp_per_floor":[70,67,67,22,15,16,37,37,37,58,58,58,58,58,58,55,70,69,69,56,56,37,0],"gold":467,"neow_bonus":"BOSS_RELIC","is_prod":false,"is_daily":false,"chose_seed":false,"campfire_upgraded":0,"win_rate":0,"timestamp":1568264933,"path_taken":["M","M","M","M","?","E","R","M","T","R","E","?","?","M","R","BOSS","M","?","M","?","M","E"],"build_version":"2019-07-17","purchased_purges":0,"victory":false,"max_hp_per_floor":[70,70,70,70,70,70,70,70,70,70,70,70,70,70,70,70,70,75,75,75,75,75,75],"card_choices":[{"not_picked":["Dodge and Roll","Poisoned Stab"],"picked":"Noxious Fumes","floor":1},{"not_picked":["Choke","Bane"],"picked":"Deadly Poison","floor":2},{"not_picked":["Deadly Poison","Dagger Spray"],"picked":"Noxious Fumes","floor":3},{"not_picked":["Accuracy","Distraction"],"picked":"Noxious Fumes","floor":4},{"not_picked":["Dagger Spray","Skewer"],"picked":"Deflect","floor":5},{"not_picked":["Cloak And Dagger","Accuracy"],"picked":"Infinite Blades","floor":6},{"not_picked":["Sucker Punch","Accuracy"],"picked":"Noxious Fumes","floor":8},{"not_picked":["Prepared","Escape Plan"],"picked":"Venomology","floor":11},{"not_picked":["Blade Dance","Slice"],"picked":"Dagger Throw","floor":13},{"not_picked":["Deflect","Cloak And Dagger"],"picked":"Leg Sweep","floor":14},{"not_picked":["Glass Knife","Storm of Steel"],"picked":"Die Die Die","floor":16},{"not_picked":["Underhanded Strike+1","Backflip+1"],"picked":"Calculated Gamble","floor":18},{"not_picked":["Deflect","Acrobatics"],"picked":"Dodge and Roll+1","floor":20},{"not_picked":["Quick Slash+1","Sucker Punch"],"picked":"Dagger Spray","floor":22}],"player_experience":142413,"relics_obtained":[{"floor":6,"key":"FossilizedHelix"},{"floor":9,"key":"Vajra"},{"floor":11,"key":"Omamori"}],"event_choices":[{"damage_healed":0,"gold_gain":0,"player_choice":"2 cards matched","damage_taken":0,"max_hp_gain":0,"max_hp_loss":0,"event_name":"Match and Keep!","floor":12,"gold_loss":0,"cards_obtained":["Tools of the Trade","Skewer"]},{"damage_healed":0,"gold_gain":0,"player_choice":"Read","damage_taken":0,"max_hp_gain":0,"max_hp_loss":0,"event_name":"The Library","floor":19,"gold_loss":0,"cards_obtained":["Well Laid Plans"]},{"damage_healed":0,"gold_gain":0,"cards_transformed":["Strike_G"],"player_choice":"Transformed","damage_taken":0,"max_hp_gain":0,"max_hp_loss":0,"event_name":"Transmorgrifier","floor":21,"gold_loss":0,"cards_obtained":["A Thousand Cuts"]}],"is_beta":false,"boss_relics":[{"not_picked":["HoveringKite","Runic Dome"],"picked":"Empty Cage"}],"items_purged_floors":[],"is_endless":false,"potions_floor_spawned":[1,2,4,8,11,16,18],"killed_by":"Slavers","ascension_level":2}