{"gold_per_floor":[15,15,40,53,76,114,127,160,185,185,185,198,198,231,231,357,357,373,373,396,421,91,131,131,131,131,174,28,28,67,100,100,100],"floor_reached":33,"playtime":1473,"items_purged":["Strike_R"],"score":497,"play_id":"edcca6eb-7149-4df7-87ba-b0027980167e","local_time":"20190922202605","is_ascension_mode":true,"campfire_choices":[{"data":"Immolate","floor":10.0,"key":"SMITH"},{"data":"Flex","floor":13.0,"key":"SMITH"},{"data":"Whirlwind","floor":15.0,"key":"SMITH"},{"data":"Seeing Red","floor":24.0,"key":"SMITH"},{"floor":32,"key":"REST"}],"neow_cost":"NO_GOLD","seed_source_timestamp":3547031644944200,"circlet_count":0,"master_deck":["Strike_R","Defend_R","Defend_R","Defend_R","Defend_R","Bash","Seeing Red+1","Flex+1","Iron Wave","Battle Trance","Headbutt","Immolate+1","Whirlwind+1","Headbutt","Double Tap","Ghostly Armor","Thunderclap","Havoc+1","Mayhem","Finesse","Metallicize","Thunderclap","HandOfGreed","Flex","Flex+1"],"special_seed":0,"relics":["Burning Blood","Thread and Needle","Bloody Idol","Letter Opener","Bottled Flame","Omamori","Oddly Smooth Stone","Empty Cage","Juzu Bracelet","WarpedTongs","The Courier","Self Forming Clay"],"potions_floor_usage":[33,33,33],"damage_taken":[{"damage":3.0,"enemies":"Small Slimes","floor":1.0,"turns":4.0},{"damage":3.0,"enemies":"2 Louse","floor":3.0,"turns":3.0},{"damage":0.0,"enemies":"Cultist","floor":4.0,"turns":4.0},{"damage":10.0,"enemies":"Red Slaver","floor":5.0,"turns":6.0},{"damage":20.0,"enemies":"3 Sentries","floor":6.0,"turns":10.0},{"damage":1.0,"enemies":"Gremlin Gang","floor":7.0,"turns":3.0},{"damage":24.0,"enemies":"Lagavulin","floor":8.0,"turns":7.0},{"damage":3.0,"enemies":"Exordium Wildlife","floor":12.0,"turns":2.0},{"damage":0.0,"enemies":"3 Sentries","floor":14.0,"turns":2.0},{"damage":0.0,"enemies":"Slime Boss","floor":16.0,"turns":7.0},{"damage":0.0,"enemies":"Spheric Guardian","floor":18.0,"turns":1.0},{"damage":0.0,"enemies":"3 Byrds","floor":20.0,"turns":3.0},{"damage":10.0,"enemies":"Centurion and Healer","floor":21.0,"turns":2.0},{"damage":23.0,"enemies":"Book of Stabbing","floor":23.0,"turns":4.0},{"damage":30.0,"enemies":"Slavers","floor":27.0,"turns":3.0},{"damage":22.0,"enemies":"Shelled Parasite and Fungi","floor":30.0,"turns":3.0},{"damage":14,"enemies":"Snake Plant","floor":31,"turns":3},{"damage":95,"enemies":"Champ","floor":33,"turns":8}],"seed_played":"-2777711348260095327","potions_obtained":[{"floor":3.0,"key":"Regen Potion"},{"floor":5.0,"key":"FearPotion"},{"floor":7.0,"key":"SpeedPotion"},{"floor":8.0,"key":"SteroidPotion"},{"floor":23.0,"key":"Regen Potion"},{"floor":27.0,"key":"GamblersBrew"},{"floor":31,"key":"PowerPotion"}],"is_trial":false,"path_per_floor":["M","?","M","M","M","E","M","E","T","R","?","M","R","E","R","B",null,"M","?","M","M","$","E","R","?","T","E","$","?","M","M","R","B"],"character_chosen":"IRONCLAD","items_purchased":["Mayhem","Finesse","HandOfGreed"],"campfire_rested":1,"item_purchase_floors":[22,22,28],"current_hp_per_floor":[75,55,58,64,60,61,66,48,48,48,48,51,51,57,57,63,76,80,80,80,76,76,59,59,59,59,35,35,35,29,31,55,0],"gold":100,"neow_bonus":"ONE_RARE_RELIC","is_prod":false,"is_daily":false,"chose_seed":false,"campfire_upgraded":4,"win_rate":0,"timestamp":1569176765,"path_taken":["M","?","M","M","M","E","M","E","T","R","?","M","R","E","R","BOSS","M","?","M","M","$","E","R","?","T","E","?","?","M","M","R","BOSS"],"build_version":"2019-07-17","purchased_purges":1,"victory":false,"max_hp_per_floor":[80,80,80,80,80,80,80,80,80,80,80,80,80,80,80,80,80,80,80,80,80,80,80,80,80,80,80,80,80,80,80,80,80],"card_choices":[{"not_picked":["Pommel Strike","Twin Strike"],"picked":"Seeing Red","floor":1.0},{"not_picked":["Clothesline","True Grit"],"picked":"Flex","floor":3.0},{"not_picked":["Body Slam","Flex"],"picked":"Iron Wave","floor":4.0},{"not_picked":["Wild Strike","Havoc"],"picked":"Battle Trance","floor":5.0},{"not_picked":["Feel No Pain","Rupture"],"picked":"Headbutt","floor":6.0},{"not_picked":["Clash","Twin Strike"],"picked":"Immolate","floor":7.0},{"not_picked":["Corruption","Rupture"],"picked":"Whirlwind","floor":8.0},{"not_picked":["Heavy Blade","Battle Trance"],"picked":"Headbutt","floor":12.0},{"not_picked":["Hemokinesis","True Grit","Dual Wield"],"picked":"SKIP","floor":14.0},{"not_picked":["Immolate","Brutality"],"picked":"Double Tap","floor":16.0},{"not_picked":["Spot Weakness","Headbutt"],"picked":"Ghostly Armor","floor":18.0},{"not_picked":["Clothesline+1","Clash"],"picked":"Thunderclap","floor":20.0},{"not_picked":["Iron Wave","Headbutt+1"],"picked":"Havoc+1","floor":21.0},{"not_picked":["Heavy Blade+1","Spot Weakness"],"picked":"Metallicize","floor":23.0},{"not_picked":["Intimidate","Brutality"],"picked":"Thunderclap","floor":27.0},{"not_picked":["Dropkick","Clash"],"picked":"Flex","floor":30.0},{"not_picked":["Whirlwind","Combust"],"picked":"Flex+1","floor":31}],"player_experience":308851,"relics_obtained":[{"floor":6.0,"key":"Letter Opener"},{"floor":8.0,"key":"Bottled Flame"},{"floor":9.0,"key":"Omamori"},{"floor":14.0,"key":"Oddly Smooth Stone"},{"floor":23.0,"key":"Juzu Bracelet"},{"floor":26.0,"key":"The Courier"},{"floor":27.0,"key":"Self Forming Clay"}],"event_choices":[{"damage_healed":0.0,"max_hp_gain":0.0,"max_hp_loss":0.0,"gold_gain":0.0,"event_name":"Golden Idol","player_choice":"Take Damage","floor":2.0,"gold_loss":0.0,"damage_taken":20.0,"relics_obtained":["Golden Idol"]},{"cards_removed":["Strike_R"],"damage_healed":0.0,"max_hp_gain":0.0,"max_hp_loss":0.0,"gold_gain":0.0,"event_name":"Bonfire Elementals","player_choice":"Offered Basic","floor":11.0,"gold_loss":0.0,"damage_taken":0.0},{"damage_healed":0.0,"max_hp_gain":0.0,"max_hp_loss":0.0,"gold_gain":0.0,"event_name":"Match and Keep!","player_choice":"0 cards matched","floor":19.0,"gold_loss":0.0,"damage_taken":0.0,"cards_obtained":[]},{"damage_healed":0.0,"max_hp_gain":0.0,"max_hp_loss":0.0,"gold_gain":0.0,"event_name":"Accursed Blacksmith","player_choice":"Rummage","floor":25.0,"gold_loss":0.0,"damage_taken":0.0,"relics_obtained":["WarpedTongs"],"cards_obtained":["Pain"]},{"damage_healed":0.0,"max_hp_gain":0.0,"max_hp_loss":0.0,"gold_gain":0.0,"event_name":"Forgotten Altar","player_choice":"Gave Idol","floor":29.0,"relics_lost":["Golden Idol"],"gold_loss":0.0,"damage_taken":0.0,"relics_obtained":["Bloody Idol"]}],"is_beta":false,"boss_relics":[{"not_picked":["Snecko Eye","Black Blood"],"picked":"Empty Cage"}],"items_purged_floors":[22],"is_endless":false,"potions_floor_spawned":[3,5,7,8,23,27,31],"killed_by":"Champ","ascension_level":6}