{"gold_per_floor":[115,115,126,136,136,136,165,180,203,203,232,232,261,279,279,379,379,396,38,38,38,63,63,96,96,96,160,14,14,44,62,62,165,165,183,201,216,228,243,275,291,291,316,316,316,316,348,358,358,358],"floor_reached":51,"playtime":2767,"items_purged":[],"score":1250,"play_id":"904db1bd-15cf-476a-a625-c2e69bf512f7","local_time":"20190925184403","is_ascension_mode":true,"campfire_choices":[{"data":"Crippling Poison","floor":6.0,"key":"SMITH"},{"floor":12.0,"key":"REST"},{"data":"Infinite Blades","floor":15.0,"key":"SMITH"},{"floor":23.0,"key":"REST"},{"data":"Corpse Explosion","floor":25.0,"key":"SMITH"},{"data":"Adrenaline","floor":29.0,"key":"SMITH"},{"floor":32.0,"key":"REST"},{"data":"After Image","floor":44,"key":"SMITH"},{"floor":46,"key":"REST"},{"floor":49,"key":"REST"}],"neow_cost":"CURSE","seed_source_timestamp":3798830398633100,"circlet_count":0,"master_deck":["AscendersBane","Survivor","Neutralize","Crippling Poison+1","Deadly Poison","Dagger Throw","Infinite Blades+1","Adrenaline+1","Dash","Bane","Corpse Explosion+1","Dagger Throw","Poisoned Stab","Slice","Bouncing Flask","Die Die Die","Quick Slash","Setup","Prepared","Slice","Poisoned Stab+1","Unload","Catalyst","Dagger Throw+1","Underhanded Strike+1","Escape Plan","Catalyst","Backstab+1","Venomology","After Image+1","Escape Plan+1","Dodge and Roll+1","PiercingWail","Deflect+1","Well Laid Plans+1","PiercingWail+1","Infinite Blades","Discovery","Chrysalis","Regret","Poisoned Stab+1","Heel Hook","Prepared+1","Tools of the Trade"],"special_seed":0,"relics":["Ring of the Snake","Bag of Preparation","Bag of Marbles","Happy Flower","Orichalcum","Pandora\u0027s Box","Vajra","Chemical X","Red Mask","Dream Catcher","Question Card","Tiny Chest","PreservedInsect","Smiling Mask","Cursed Key","Centennial Puzzle","Art of War","Dodecahedron"],"potions_floor_usage":[41,47,48,50,50],"damage_taken":[{"damage":2.0,"enemies":"Jaw Worm","floor":1.0,"turns":5.0},{"damage":0.0,"enemies":"Cultist","floor":3.0,"turns":4.0},{"damage":0.0,"enemies":"2 Louse","floor":4.0,"turns":3.0},{"damage":33.0,"enemies":"Lagavulin","floor":7.0,"turns":8.0},{"damage":4.0,"enemies":"Red Slaver","floor":8.0,"turns":5.0},{"damage":14.0,"enemies":"3 Sentries","floor":11.0,"turns":5.0},{"damage":5.0,"enemies":"Lagavulin","floor":13.0,"turns":4.0},{"damage":0.0,"enemies":"3 Louse","floor":14.0,"turns":2.0},{"damage":16.0,"enemies":"Hexaghost","floor":16.0,"turns":9.0},{"damage":7.0,"enemies":"Shell Parasite","floor":18.0,"turns":4.0},{"damage":0.0,"enemies":"Masked Bandits","floor":22.0,"turns":2.0},{"damage":20.0,"enemies":"Gremlin Leader","floor":24.0,"turns":4.0},{"damage":6.0,"enemies":"Slavers","floor":27.0,"turns":2.0},{"damage":14.0,"enemies":"Book of Stabbing","floor":30.0,"turns":3.0},{"damage":2.0,"enemies":"Chosen","floor":31.0,"turns":3.0},{"damage":26.0,"enemies":"Champ","floor":33.0,"turns":6.0},{"damage":0.0,"enemies":"3 Darklings","floor":35.0,"turns":2.0},{"damage":5.0,"enemies":"Orb Walker","floor":36.0,"turns":2.0},{"damage":0.0,"enemies":"Transient","floor":37.0,"turns":5.0},{"damage":0.0,"enemies":"3 Darklings","floor":38.0,"turns":1.0},{"damage":0.0,"enemies":"4 Shapes","floor":39.0,"turns":2.0},{"damage":20.0,"enemies":"Nemesis","floor":40.0,"turns":5.0},{"damage":0,"enemies":"Maw","floor":41,"turns":5},{"damage":26,"enemies":"Giant Head","floor":47,"turns":6},{"damage":0,"enemies":"Jaw Worm Horde","floor":48,"turns":3},{"damage":49,"enemies":"Donu and Deca","floor":50,"turns":5}],"seed_played":"-8415535765820186061","potions_obtained":[{"floor":3.0,"key":"Weak Potion"},{"floor":7.0,"key":"LiquidBronze"},{"floor":13.0,"key":"Weak Potion"},{"floor":18.0,"key":"SpeedPotion"},{"floor":22.0,"key":"Swift Potion"},{"floor":27.0,"key":"Energy Potion"},{"floor":35.0,"key":"LiquidBronze"},{"floor":36.0,"key":"Regen Potion"},{"floor":40.0,"key":"LiquidBronze"}],"is_trial":false,"path_per_floor":["M","?","M","M","$","R","E","M","T","?","E","R","E","M","R","B",null,"M","$","?","?","?","R","E","R","T","E","$","R","E","M","R","B",null,"M","M","M","M","M","E","M","?","T","R","?","R","E","M","R","B",null],"character_chosen":"THE_SILENT","items_purchased":["Vajra","Chemical X","PreservedInsect"],"campfire_rested":5,"item_purchase_floors":[19,19,28],"current_hp_per_floor":[75,75,75,75,75,75,42,38,38,38,24,49,44,44,44,28,70,63,63,47,47,47,73,53,53,53,47,47,47,33,31,57,31,75,75,70,85,85,85,65,65,60,60,60,60,86,60,60,86,37],"gold":358,"neow_bonus":"TWENTY_PERCENT_HP_BONUS","is_prod":false,"is_daily":false,"chose_seed":false,"campfire_upgraded":5,"win_rate":0,"timestamp":1569429843,"path_taken":["M","?","?","M","$","R","E","M","T","?","E","R","E","M","R","BOSS","M","$","?","?","?","R","E","R","T","E","?","R","E","M","R","BOSS","M","M","M","?","M","E","M","?","T","R","?","R","E","M","R","BOSS"],"build_version":"2019-07-17","purchased_purges":0,"victory":true,"max_hp_per_floor":[84,84,84,84,84,84,84,84,84,84,84,84,84,84,84,84,84,84,84,89,89,89,89,89,89,89,89,89,89,89,89,89,89,89,89,89,89,89,89,89,89,89,89,89,89,89,89,89,89,89],"card_choices":[{"not_picked":["Sucker Punch","Accuracy"],"picked":"Crippling Poison","floor":1.0},{"not_picked":["PiercingWail","Dodge and Roll"],"picked":"Deadly Poison","floor":3.0},{"not_picked":["Sucker Punch","Riddle With Holes"],"picked":"Dagger Throw","floor":4.0},{"not_picked":["Dagger Spray","Flechettes"],"picked":"Infinite Blades","floor":7.0},{"not_picked":["Slice","Well Laid Plans"],"picked":"Adrenaline","floor":8.0},{"not_picked":["Cloak And Dagger","Blade Dance"],"picked":"Bane","floor":11.0},{"not_picked":["Tactician","Prepared"],"picked":"Corpse Explosion","floor":13.0},{"not_picked":["Tactician","Skewer"],"picked":"Dagger Throw","floor":14.0},{"not_picked":["Wraith Form v2","Storm of Steel"],"picked":"Glass Knife","floor":16.0},{"not_picked":["Dagger Throw","Distraction"],"picked":"Poisoned Stab+1","floor":18.0},{"not_picked":["Prepared","Slice"],"picked":"Dagger Throw+1","floor":22.0},{"not_picked":["Endless Agony+1","Glass Knife"],"picked":"Underhanded Strike+1","floor":24.0},{"not_picked":["Choke+1","Caltrops","Backflip"],"picked":"Escape Plan","floor":27.0},{"not_picked":["Adrenaline","Eviscerate+1","Acrobatics+1"],"picked":"Catalyst","floor":30.0},{"not_picked":["Dodge and Roll+1","Reflex","Cloak And Dagger"],"picked":"Backstab+1","floor":31.0},{"not_picked":["Blade Dance","Flying Knee","Deflect"],"picked":"Venomology","floor":32.0},{"not_picked":["Doppelganger","Burst","Die Die Die"],"picked":"After Image","floor":33.0},{"not_picked":["Backflip","Cloak And Dagger","Deflect"],"picked":"Escape Plan+1","floor":35.0},{"not_picked":["All Out Attack","Reflex","Accuracy"],"picked":"Dodge and Roll+1","floor":36.0},{"not_picked":["Slice","Outmaneuver+1","Cloak And Dagger"],"picked":"PiercingWail","floor":37.0},{"not_picked":["Underhanded Strike+1","Concentrate+1","Calculated Gamble"],"picked":"Deflect+1","floor":38.0},{"not_picked":["Deadly Poison","Caltrops+1","Quick Slash"],"picked":"Well Laid Plans+1","floor":39.0},{"not_picked":["Blade Dance","Terror","Well Laid Plans+1"],"picked":"PiercingWail+1","floor":40.0},{"not_picked":["Unload","Dodge and Roll+1","Backflip"],"picked":"Infinite Blades","floor":41},{"not_picked":["Blind","The Bomb","Enlightenment"],"picked":"Discovery","floor":42},{"not_picked":["Purity","Bandage Up","Good Instincts"],"picked":"Chrysalis","floor":42},{"not_picked":["Tactician","Underhanded Strike","Backflip"],"picked":"Poisoned Stab+1","floor":46},{"not_picked":["Infinite Blades","Outmaneuver","Backflip"],"picked":"Heel Hook","floor":47},{"not_picked":["Underhanded Strike+1","Concentrate","Slice"],"picked":"Prepared+1","floor":48},{"not_picked":["Outmaneuver","Dodge and Roll+1","Backflip+1"],"picked":"Tools of the Trade","floor":49}],"player_experience":334331,"relics_obtained":[{"floor":7.0,"key":"Bag of Preparation"},{"floor":9.0,"key":"Bag of Marbles"},{"floor":11.0,"key":"Happy Flower"},{"floor":13.0,"key":"Orichalcum"},{"floor":22.0,"key":"Red Mask"},{"floor":24.0,"key":"Dream Catcher"},{"floor":26.0,"key":"Question Card"},{"floor":27.0,"key":"Tiny Chest"},{"floor":30.0,"key":"Smiling Mask"},{"floor":40.0,"key":"Centennial Puzzle"},{"floor":43,"key":"Art of War"},{"floor":47,"key":"Dodecahedron"}],"event_choices":[{"cards_removed":["Clumsy"],"damage_healed":0.0,"max_hp_gain":0.0,"max_hp_loss":0.0,"gold_gain":0.0,"event_name":"Fountain of Cleansing","player_choice":"Removed Curses","floor":2.0,"gold_loss":0.0,"damage_taken":0.0},{"damage_healed":0.0,"max_hp_gain":0.0,"max_hp_loss":0.0,"gold_gain":0.0,"cards_transformed":["Strike_G"],"event_name":"Transmorgrifier","player_choice":"Transformed","floor":10.0,"gold_loss":0.0,"damage_taken":0.0,"cards_obtained":["Dash"]},{"damage_healed":0.0,"max_hp_gain":5.0,"max_hp_loss":0.0,"gold_gain":0.0,"event_name":"Forgotten Altar","player_choice":"Shed Blood","floor":20.0,"gold_loss":0.0,"damage_taken":21.0},{"damage_healed":0.0,"max_hp_gain":0.0,"max_hp_loss":0.0,"gold_gain":0.0,"cards_transformed":["Reflex","Glass Knife"],"event_name":"Drug Dealer","player_choice":"Became Test Subject","floor":21.0,"gold_loss":0.0,"damage_taken":0.0,"cards_obtained":["Unload","Catalyst"]},{"damage_healed":0.0,"max_hp_gain":0.0,"max_hp_loss":0.0,"gold_gain":0.0,"event_name":"Masked Bandits","player_choice":"Fought Bandits","floor":22.0,"gold_loss":0.0,"damage_taken":0.0},{"damage_healed":0,"gold_gain":0,"player_choice":"Memory 2","damage_taken":5,"max_hp_gain":0,"max_hp_loss":0,"event_name":"SensoryStone","floor":42,"gold_loss":0},{"damage_healed":0,"gold_gain":0,"player_choice":"Ignored","damage_taken":0,"max_hp_gain":0,"max_hp_loss":0,"event_name":"Tomb of Lord Red Mask","floor":45,"gold_loss":0}],"is_beta":false,"boss_relics":[{"not_picked":["Snecko Eye","Coffee Dripper"],"picked":"Pandora\u0027s Box"},{"not_picked":["Velvet Choker","Orrery"],"picked":"Cursed Key"}],"items_purged_floors":[],"is_endless":false,"potions_floor_spawned":[3,7,13,18,22,27,35,36,40],"ascension_level":11}