{"gold_per_floor":[117,132,97,113,188,218,234,244,322,322,333,362,379,397,397,497,497,508,508,522,535,535,570,570,586,637,186,203,203,203,303,303,407,407,424,437,452,552,114,139,139,153,180,180,232,247,261,261,261,261],"floor_reached":51,"playtime":9869,"items_purged":["Strike_R","Sword Boomerang"],"score":843,"play_id":"1d0d3e82-2016-4745-91ed-d634666b933e","local_time":"20190709213758","is_ascension_mode":false,"campfire_choices":[{"data":"Armaments","floor":15.0,"key":"SMITH"},{"floor":24.0,"key":"REST"},{"floor":29.0,"key":"DIG"},{"floor":32.0,"key":"REST"},{"floor":41,"key":"DIG"},{"floor":44,"key":"DIG"},{"floor":49,"key":"DIG"}],"neow_cost":"PERCENT_DAMAGE","seed_source_timestamp":0,"circlet_count":0,"master_deck":["Strike_R+1","Strike_R+1","Strike_R+1","Defend_R+1","Defend_R+1","Defend_R+1","Bash","Feed","Whirlwind","Headbutt","Ghostly Armor","Anger","Barricade","Carnage","Juggernaut","Armaments+1","Bloodletting","Searing Blow","Offering","Cleave","Headbutt","Pommel Strike+1","Double Tap","Thunderclap+1","Trip","Seeing Red","Offering","Twin Strike+1","Cleave+1","Shrug It Off+1","Combust+1","Rage+1","Jack Of All Trades","Battle Trance","Metallicize+1","Double Tap","Clothesline+1","Armaments+1","Pommel Strike+1","Headbutt+1","Anger+1","Mayhem"],"special_seed":0,"relics":["Black Blood","Nunchaku","Dodecahedron","Ginger","Blood Vial","Oddly Smooth Stone","Shovel","Prayer Wheel","Philosopher\u0027s Stone","PreservedInsect","Bag of Marbles","Champion Belt","Potion Belt","Bag of Preparation","Mango","Vajra"],"potions_floor_usage":[35,50,50,50,50],"damage_taken":[{"damage":15.0,"enemies":"Small Slimes","floor":1.0,"turns":4.0},{"damage":0.0,"enemies":"2 Louse","floor":2.0,"turns":1.0},{"damage":1.0,"enemies":"Jaw Worm","floor":4.0,"turns":4.0},{"damage":15.0,"enemies":"Gremlin Nob","floor":6.0,"turns":4.0},{"damage":4.0,"enemies":"2 Fungi Beasts","floor":7.0,"turns":3.0},{"damage":17.0,"enemies":"Looter","floor":8.0,"turns":4.0},{"damage":0.0,"enemies":"Red Slaver","floor":11.0,"turns":3.0},{"damage":33.0,"enemies":"Lagavulin","floor":12.0,"turns":8.0},{"damage":8.0,"enemies":"3 Louse","floor":13.0,"turns":2.0},{"damage":0.0,"enemies":"Large Slime","floor":14.0,"turns":4.0},{"damage":44.0,"enemies":"The Guardian","floor":16.0,"turns":10.0},{"damage":23.0,"enemies":"Shell Parasite","floor":18.0,"turns":6.0},{"damage":26.0,"enemies":"3 Byrds","floor":20.0,"turns":4.0},{"damage":52.0,"enemies":"Centurion and Healer","floor":21.0,"turns":5.0},{"damage":76.0,"enemies":"Book of Stabbing","floor":23.0,"turns":7.0},{"damage":28.0,"enemies":"3 Cultists","floor":25.0,"turns":6.0},{"damage":21.0,"enemies":"Chosen and Byrds","floor":28.0,"turns":5.0},{"damage":77.0,"enemies":"Automaton","floor":33.0,"turns":7.0},{"damage":30,"enemies":"3 Shapes","floor":35,"turns":3},{"damage":24,"enemies":"3 Darklings","floor":36,"turns":4},{"damage":6,"enemies":"Maw","floor":37,"turns":8},{"damage":14,"enemies":"Reptomancer","floor":40,"turns":3},{"damage":9,"enemies":"Transient","floor":42,"turns":5},{"damage":12,"enemies":"Giant Head","floor":45,"turns":5},{"damage":12,"enemies":"Sphere and 2 Shapes","floor":46,"turns":2},{"damage":37,"enemies":"3 Darklings","floor":47,"turns":5},{"damage":72,"enemies":"Donu and Deca","floor":50,"turns":8}],"seed_played":"-2142899943900561196","potions_obtained":[{"floor":2.0,"key":"SkillPotion"},{"floor":8.0,"key":"Fruit Juice"},{"floor":12.0,"key":"FearPotion"},{"floor":13.0,"key":"FearPotion"},{"floor":14.0,"key":"AttackPotion"},{"floor":16.0,"key":"PowerPotion"},{"floor":18.0,"key":"SpeedPotion"},{"floor":21.0,"key":"Dexterity Potion"},{"floor":25.0,"key":"EntropicBrew"},{"floor":28.0,"key":"Block Potion"},{"floor":35,"key":"PowerPotion"},{"floor":42,"key":"EssenceOfSteel"},{"floor":47,"key":"SkillPotion"}],"is_trial":false,"path_per_floor":["M","M","?","M","?","E","M","M","T","?","M","E","M","M","R","B",null,"M","?","M","M","?","E","R","M","T","$","M","R","?","?","R","B",null,"M","M","M","?","$","E","R","M","T","R","E","M","M","?","R","B",null],"character_chosen":"IRONCLAD","items_purchased":["Trip","Shovel","PreservedInsect","Jack Of All Trades","BloodPotion","Battle Trance"],"campfire_rested":2,"item_purchase_floors":[27,27,39,39,39,39],"current_hp_per_floor":[50,56,76,84,73,64,69,66,66,71,77,53,51,60,60,22,108,95,95,82,44,115,49,83,71,71,71,65,65,65,65,101,36,122,105,96,102,102,102,103,103,106,106,106,120,123,98,98,98,75],"gold":261,"neow_bonus":"TRANSFORM_TWO_CARDS","is_prod":false,"is_daily":false,"chose_seed":false,"campfire_upgraded":1,"win_rate":0.0,"timestamp":1562701078,"path_taken":["M","M","?","M","?","E","M","M","T","?","?","E","M","M","R","BOSS","M","?","M","M","?","E","R","M","T","$","?","R","?","?","R","BOSS","M","M","?","?","$","E","R","M","T","R","E","M","?","?","R","BOSS"],"build_version":"2019-07-05","purchased_purges":2,"victory":true,"max_hp_per_floor":[83,83,83,86,86,86,89,97,97,102,102,105,105,108,108,108,108,108,108,111,115,115,115,115,119,119,119,122,122,122,122,122,122,122,125,128,128,128,128,131,131,131,131,131,145,148,148,148,148,148],"card_choices":[{"not_picked":["Flex","Armaments"],"picked":"Headbutt","floor":1.0},{"not_picked":["Inflame","Thunderclap"],"picked":"Ghostly Armor","floor":2.0},{"not_picked":["Rage","Thunderclap"],"picked":"Anger","floor":4.0},{"not_picked":["Twin Strike","Juggernaut"],"picked":"Barricade","floor":6.0},{"not_picked":["Inflame","Heavy Blade"],"picked":"Sword Boomerang","floor":7.0},{"not_picked":["Warcry","Headbutt"],"picked":"Carnage","floor":8.0},{"not_picked":["Perfected Strike","Iron Wave"],"picked":"Juggernaut","floor":11.0},{"not_picked":["Heavy Blade","Flex"],"picked":"Armaments","floor":12.0},{"not_picked":["Reckless Charge","Shockwave"],"picked":"Bloodletting","floor":13.0},{"not_picked":["Disarm","Thunderclap"],"picked":"Searing Blow","floor":14.0},{"not_picked":["Juggernaut","Dark Embrace"],"picked":"Offering","floor":16.0},{"not_picked":["Pummel","Feel No Pain"],"picked":"Cleave","floor":18.0},{"not_picked":["True Grit","Sword Boomerang"],"picked":"Headbutt","floor":20.0},{"not_picked":["Armaments","Flex+1"],"picked":"Pommel Strike+1","floor":21.0},{"not_picked":["Rupture+1","Intimidate+1"],"picked":"Double Tap","floor":23.0},{"not_picked":["Headbutt","Clash"],"picked":"Thunderclap+1","floor":25.0},{"not_picked":["Iron Wave+1","Shockwave+1"],"picked":"Seeing Red","floor":28.0},{"not_picked":["Berserk","Dark Embrace"],"picked":"Offering","floor":33.0},{"not_picked":["Armaments","Warcry"],"picked":"Twin Strike+1","floor":35},{"not_picked":["Perfected Strike","True Grit+1","Heavy Blade+1"],"picked":"SKIP","floor":35},{"not_picked":["Clothesline+1","Heavy Blade"],"picked":"Cleave+1","floor":36},{"not_picked":["Body Slam+1","Clothesline+1"],"picked":"Shrug It Off+1","floor":36},{"not_picked":["Flex","Entrench"],"picked":"Combust+1","floor":37},{"not_picked":["Feel No Pain+1","Whirlwind"],"picked":"Rage+1","floor":37},{"not_picked":["Entrench+1","Pommel Strike"],"picked":"Metallicize+1","floor":40},{"not_picked":["Reckless Charge+1","Clothesline+1"],"picked":"Double Tap","floor":42},{"not_picked":["Sword Boomerang+1","Flex","Perfected Strike"],"picked":"SKIP","floor":42},{"not_picked":["Flame Barrier","Flex"],"picked":"Clothesline+1","floor":45},{"not_picked":["Metallicize+1","Iron Wave+1"],"picked":"Armaments+1","floor":46},{"not_picked":["Whirlwind","Clash+1"],"picked":"Pommel Strike+1","floor":46},{"not_picked":["Flex","Searing Blow+1"],"picked":"Headbutt+1","floor":47},{"not_picked":["Armaments","Blood for Blood"],"picked":"Anger+1","floor":47},{"not_picked":["PanicButton","Jack Of All Trades"],"picked":"Mayhem","floor":48}],"player_experience":10659,"relics_obtained":[{"floor":6.0,"key":"Nunchaku"},{"floor":9.0,"key":"Dodecahedron"},{"floor":12.0,"key":"Ginger"},{"floor":23.0,"key":"Blood Vial"},{"floor":26.0,"key":"Oddly Smooth Stone"},{"floor":29.0,"key":"Prayer Wheel"},{"floor":40,"key":"Bag of Marbles"},{"floor":41,"key":"Champion Belt"},{"floor":43,"key":"Potion Belt"},{"floor":44,"key":"Bag of Preparation"},{"floor":45,"key":"Mango"},{"floor":49,"key":"Vajra"}],"event_choices":[{"damage_healed":20.0,"max_hp_gain":0.0,"max_hp_loss":0.0,"gold_gain":0.0,"event_name":"The Cleric","player_choice":"Healed","floor":3.0,"gold_loss":35.0,"damage_taken":0.0},{"damage_healed":0.0,"max_hp_gain":0.0,"max_hp_loss":0.0,"gold_gain":75.0,"event_name":"World of Goop","player_choice":"Gather Gold","floor":5.0,"gold_loss":0.0,"damage_taken":11.0},{"damage_healed":0.0,"max_hp_gain":5.0,"max_hp_loss":0.0,"gold_gain":0.0,"event_name":"Big Fish","player_choice":"Donut","floor":10.0,"gold_loss":0.0,"damage_taken":0.0},{"damage_healed":0.0,"max_hp_gain":0.0,"max_hp_loss":0.0,"gold_gain":0.0,"event_name":"Vampires","player_choice":"Ignored","floor":19.0,"gold_loss":0.0,"damage_taken":0.0},{"damage_healed":71.0,"max_hp_gain":0.0,"max_hp_loss":0.0,"gold_gain":0.0,"event_name":"Wheel of Change","player_choice":"Full Heal","floor":22.0,"gold_loss":0.0,"damage_taken":0.0},{"damage_healed":0.0,"max_hp_gain":0.0,"max_hp_loss":0.0,"gold_gain":0.0,"event_name":"Back to Basics","player_choice":"Simplicity","floor":30.0,"gold_loss":0.0,"damage_taken":0.0,"cards_upgraded":["Strike_R","Strike_R","Strike_R","Defend_R","Defend_R","Defend_R"]},{"damage_healed":0.0,"max_hp_gain":0.0,"max_hp_loss":0.0,"gold_gain":100.0,"event_name":"Golden Shrine","player_choice":"Pray","floor":31.0,"gold_loss":0.0,"damage_taken":0.0},{"damage_healed":0,"gold_gain":100,"player_choice":"Pray","damage_taken":0,"max_hp_gain":0,"max_hp_loss":0,"event_name":"Golden Shrine","floor":38,"gold_loss":0},{"damage_healed":0,"gold_gain":0,"player_choice":"Memory 1","damage_taken":0,"max_hp_gain":0,"max_hp_loss":0,"event_name":"SensoryStone","floor":48,"gold_loss":0}],"is_beta":false,"boss_relics":[{"not_picked":["Busted Crown","White Beast Statue"],"picked":"Black Blood"},{"not_picked":["Mark of Pain","Lizard Tail"],"picked":"Philosopher\u0027s Stone"}],"items_purged_floors":[27,39],"is_endless":false,"potions_floor_spawned":[2,8,12,13,14,16,18,21,25,28,35,42,47],"ascension_level":0}