{"gold_per_floor":[15,15,35,48,48,110,122,139,139,139,154,186,186,518,518,616,616,626,9,28,28,48,48,79,79,133,133],"floor_reached":27,"playtime":1604,"items_purged":["Strike_B"],"score":304,"play_id":"2e600050-ba4c-4a33-b062-dfac206d446b","local_time":"20190915121551","is_ascension_mode":true,"campfire_choices":[{"floor":10,"key":"REST"},{"floor":13,"key":"REST"},{"data":"Defragment","floor":15,"key":"SMITH"},{"floor":23,"key":"REST"},{"floor":25,"key":"REST"}],"neow_cost":"NO_GOLD","seed_source_timestamp":2912990035140000,"circlet_count":0,"master_deck":["Strike_B","Strike_B","Defend_B","Defend_B","Defend_B","Defend_B","Zap+1","Dualcast","Undo","BootSequence","Defragment+1","Static Discharge","Ball Lightning","Static Discharge","Double Energy","Stack","Turbo","Echo Form","Chaos","Hello World","Magnetism","Conserve Battery+1","Necronomicurse","Chill+1","Steam+1"],"relics":["Cracked Core","Peace Pipe","Tiny Chest","Incense Burner","Bottled Lightning","Old Coin","Sozu","Membership Card","Toxic Egg 2","Kunai","Necronomicon","Frozen Egg 2","Art of War"],"potions_floor_usage":[12,16,18],"damage_taken":[{"damage":18,"enemies":"Small Slimes","floor":1,"turns":3},{"damage":0,"enemies":"Jaw Worm","floor":3,"turns":3},{"damage":0,"enemies":"2 Louse","floor":4,"turns":2},{"damage":6,"enemies":"Lagavulin","floor":6,"turns":8},{"damage":3,"enemies":"Exordium Thugs","floor":7,"turns":4},{"damage":1,"enemies":"2 Fungi Beasts","floor":8,"turns":3},{"damage":3,"enemies":"Blue Slaver","floor":11,"turns":3},{"damage":18,"enemies":"3 Sentries","floor":12,"turns":6},{"damage":8,"enemies":"Gremlin Nob","floor":14,"turns":4},{"damage":33,"enemies":"Slime Boss","floor":16,"turns":8},{"damage":13,"enemies":"3 Byrds","floor":18,"turns":3},{"damage":4,"enemies":"Chosen","floor":20,"turns":4},{"damage":15,"enemies":"Sentry and Sphere","floor":22,"turns":5},{"damage":28,"enemies":"Book of Stabbing","floor":24,"turns":6},{"damage":49,"enemies":"Gremlin Leader","floor":27,"turns":4}],"seed_played":"3606605105392929851","potions_obtained":[{"floor":3,"key":"Energy Potion"},{"floor":4,"key":"SteroidPotion"},{"floor":14,"key":"SkillPotion"},{"floor":16,"key":"Energy Potion"}],"is_trial":false,"path_per_floor":["M","?","M","M","?","E","M","M","T","R","M","E","R","E","R","B",null,"M","$","M","?","M","R","E","R","T","E"],"character_chosen":"DEFECT","items_purchased":["Membership Card","Toxic Egg 2","Kunai","Hello World","Magnetism"],"campfire_rested":4,"item_purchase_floors":[19,19,19,19,19],"current_hp_per_floor":[57,57,57,57,50,44,41,40,40,62,59,41,63,55,55,22,75,62,62,58,42,27,49,21,43,43,0],"gold":133,"neow_bonus":"ONE_RARE_RELIC","is_prod":false,"is_daily":false,"chose_seed":false,"campfire_upgraded":1,"win_rate":0,"timestamp":1568542551,"path_taken":["M","?","M","M","?","E","M","M","T","R","M","E","R","E","R","BOSS","M","$","M","?","M","R","E","R","T","E"],"build_version":"2019-07-17","purchased_purges":1,"victory":false,"max_hp_per_floor":[75,75,75,75,75,75,75,75,75,75,75,75,75,75,75,75,75,75,75,75,75,75,75,75,75,75,75],"card_choices":[{"not_picked":["Streamline","Ball Lightning"],"picked":"Undo","floor":1},{"not_picked":["Barrage","Sweeping Beam"],"picked":"BootSequence","floor":3},{"not_picked":["FTL","Genetic Algorithm"],"picked":"Defragment","floor":4},{"not_picked":["Compile Driver","Melter"],"picked":"Static Discharge","floor":6},{"not_picked":["Coolheaded","Streamline"],"picked":"Ball Lightning","floor":7},{"not_picked":["Go for the Eyes","Redo"],"picked":"Static Discharge","floor":8},{"not_picked":["Ball Lightning","Turbo"],"picked":"Double Energy","floor":11},{"not_picked":["Genetic Algorithm","Cold Snap"],"picked":"Stack","floor":12},{"not_picked":["Ball Lightning","Skim"],"picked":"Turbo","floor":14},{"not_picked":["Seek","Thunder Strike"],"picked":"Echo Form","floor":16},{"not_picked":["Cold Snap","Steam"],"picked":"Chaos","floor":18},{"not_picked":["Glacier+1","Compile Driver+1"],"picked":"Conserve Battery+1","floor":20},{"not_picked":["Go for the Eyes","Redo+1"],"picked":"Chill+1","floor":22},{"not_picked":["Turbo+1","Reboot+1"],"picked":"Steam+1","floor":24}],"player_experience":209087,"relics_obtained":[{"floor":6,"key":"Tiny Chest"},{"floor":9,"key":"Incense Burner"},{"floor":12,"key":"Bottled Lightning"},{"floor":14,"key":"Old Coin"},{"floor":21,"key":"Necronomicon"},{"floor":24,"key":"Frozen Egg 2"},{"floor":26,"key":"Art of War"}],"event_choices":[{"damage_healed":0,"gold_gain":0,"player_choice":"Grow","damage_taken":0,"max_hp_gain":0,"max_hp_loss":0,"event_name":"Living Wall","floor":2,"gold_loss":0,"cards_upgraded":["Zap"]},{"cards_removed":["Strike_B"],"damage_healed":0,"gold_gain":0,"player_choice":"Card Removal","damage_taken":7,"max_hp_gain":0,"max_hp_loss":0,"event_name":"Golden Wing","floor":5,"gold_loss":0},{"damage_healed":0,"gold_gain":0,"player_choice":"Obtained Book","damage_taken":16,"max_hp_gain":0,"max_hp_loss":0,"event_name":"Cursed Tome","floor":21,"gold_loss":0}],"is_beta":false,"boss_relics":[{"not_picked":["Busted Crown","Runic Pyramid"],"picked":"Sozu"}],"items_purged_floors":[19],"is_endless":false,"potions_floor_spawned":[3,4,14,16,18,22],"killed_by":"Gremlin Leader","ascension_level":4}