{"gold_per_floor":[112,127,127,140,152,152,179,25,25,83,98,118,135,170,170,268,268,281,281,241,261,275,304,18,45,114,145,155,165,165,191,191,288,288,301,311,361,361,32,59,70,82,82,82,115,115,143,243,243,243],"floor_reached":51,"playtime":5070,"items_purged":[],"score":1043,"play_id":"9cb9a63e-1146-474d-9af2-3ad50aea4d26","local_time":"20190901202206","is_ascension_mode":true,"campfire_choices":[{"data":"Carnage","floor":6,"key":"SMITH"},{"data":"Shockwave","floor":15,"key":"SMITH"},{"data":"Demon Form","floor":32,"key":"SMITH"},{"floor":46,"key":"REST"},{"data":"Chrysalis","floor":49,"key":"SMITH"}],"neow_cost":"NONE","seed_source_timestamp":1729069426360200,"circlet_count":0,"master_deck":["Defend_R","Defend_R+1","Defend_R","Bash","Clothesline","Iron Wave+1","Carnage+1","Heavy Blade","Shockwave+1","Battle Trance","Headbutt","Iron Wave+1","Twin Strike","Demon Form+1","Armaments+1","Bite","Bite","Bite","Bite","Bite","Searing Blow","Thunderclap","Reaper","Iron Wave","Thunderclap+1","Whirlwind+1","Clothesline+1","Heavy Blade+1","Reaper+1","Thunderclap+1","Perfected Strike+1","Thunderclap+1","Thunderclap+1","Clothesline+1","Fire Breathing+1","Feed+1","Iron Wave+1","Flex","Combust+1","Flex","Disarm+1","Swift Strike+1","Chrysalis+1","Dramatic Entrance+1","Anger+1","Whirlwind+1","Flex+1","Cleave+1"],"relics":["Burning Blood","Shuriken","PreservedInsect","Meat on the Bone","Black Star","Mercury Hourglass","Matryoshka","Thread and Needle","Omamori","Boot","Molten Egg 2","Self Forming Clay","Strawberry","StoneCalendar","Frozen Egg 2","Lantern","Orrery","Calipers","Pear","Ice Cream","Regal Pillow","Pen Nib","Gremlin Horn","Happy Flower","Dream Catcher","Bag of Preparation","Sundial","Pocketwatch"],"potions_floor_usage":[13,27,27,33,33,33,37,40,42,50,50],"damage_taken":[{"damage":3,"enemies":"2 Louse","floor":1,"turns":3},{"damage":0,"enemies":"Cultist","floor":2,"turns":3},{"damage":0,"enemies":"Jaw Worm","floor":4,"turns":3},{"damage":14,"enemies":"Large Slime","floor":5,"turns":5},{"damage":29,"enemies":"Lagavulin","floor":7,"turns":5},{"damage":14,"enemies":"2 Fungi Beasts","floor":11,"turns":4},{"damage":19,"enemies":"Gremlin Gang","floor":12,"turns":6},{"damage":0,"enemies":"3 Louse","floor":13,"turns":4},{"damage":0,"enemies":"Gremlin Nob","floor":14,"turns":2},{"damage":32,"enemies":"Slime Boss","floor":16,"turns":9},{"damage":16,"enemies":"3 Byrds","floor":18,"turns":6},{"damage":52,"enemies":"Spheric Guardian","floor":21,"turns":6},{"damage":35,"enemies":"Snake Plant","floor":22,"turns":7},{"damage":58,"enemies":"Gremlin Leader","floor":23,"turns":7},{"damage":9,"enemies":"Book of Stabbing","floor":25,"turns":5},{"damage":20,"enemies":"Slavers","floor":27,"turns":3},{"damage":6,"enemies":"Snecko","floor":28,"turns":5},{"damage":6,"enemies":"Centurion and Healer","floor":29,"turns":7},{"damage":30,"enemies":"Book of Stabbing","floor":31,"turns":5},{"damage":72,"enemies":"Automaton","floor":33,"turns":9},{"damage":0,"enemies":"3 Shapes","floor":35,"turns":3},{"damage":3,"enemies":"Orb Walker","floor":36,"turns":3},{"damage":71,"enemies":"2 Orb Walkers","floor":37,"turns":6},{"damage":7,"enemies":"Nemesis","floor":40,"turns":3},{"damage":25,"enemies":"Maw","floor":41,"turns":6},{"damage":7,"enemies":"Spire Growth","floor":42,"turns":4},{"damage":44,"enemies":"Giant Head","floor":45,"turns":8},{"damage":0,"enemies":"Reptomancer","floor":47,"turns":3},{"damage":36,"enemies":"Mind Bloom Boss Battle","floor":48,"turns":6},{"damage":89,"enemies":"Time Eater","floor":50,"turns":10}],"seed_played":"4639902169062638841","potions_obtained":[{"floor":2,"key":"SteroidPotion"},{"floor":4,"key":"SkillPotion"},{"floor":11,"key":"AttackPotion"},{"floor":12,"key":"Regen Potion"},{"floor":18,"key":"SneckoOil"},{"floor":27,"key":"Fire Potion"},{"floor":29,"key":"SpeedPotion"},{"floor":33,"key":"SteroidPotion"},{"floor":35,"key":"SpeedPotion"},{"floor":45,"key":"Weak Potion"},{"floor":47,"key":"Energy Potion"}],"is_trial":false,"path_per_floor":["M","M","?","M","M","R","E","$","T","?","M","M","M","E","R","B",null,"M","?","?","M","M","E","$","E","T","E","M","M","?","E","R","B",null,"M","M","?","?","$","E","M","M","T","?","E","R","E","?","R","B",null],"character_chosen":"IRONCLAD","items_purchased":["PreservedInsect","Thread and Needle","Pear","Flex","Fire Potion"],"campfire_rested":1,"item_purchase_floors":[8,24,39,39,39],"current_hp_per_floor":[88,88,88,88,80,80,57,57,57,57,61,60,78,84,84,60,88,78,78,78,61,54,25,25,36,36,60,66,84,84,66,66,31,95,95,95,64,64,74,73,64,72,72,62,50,97,109,95,95,60],"gold":243,"neow_bonus":"TEN_PERCENT_HP_BONUS","is_prod":false,"is_daily":false,"chose_seed":false,"campfire_upgraded":4,"win_rate":0,"timestamp":1567362126,"path_taken":["M","M","?","M","M","R","E","?","T","?","?","M","M","E","R","BOSS","M","?","?","M","?","E","$","E","T","E","M","M","?","E","R","BOSS","M","M","?","?","?","E","M","M","T","?","E","R","E","?","R","BOSS"],"build_version":"2019-07-17","purchased_purges":0,"victory":true,"max_hp_per_floor":[88,88,88,88,88,88,88,88,88,88,88,88,88,88,88,88,88,88,88,88,88,88,88,88,88,88,95,95,95,95,95,95,95,95,95,95,95,95,105,105,109,109,109,109,109,109,109,109,109,109],"card_choices":[{"not_picked":["Hemokinesis","Ghostly Armor"],"picked":"Clothesline","floor":1},{"not_picked":["Sever Soul","Wild Strike"],"picked":"Iron Wave","floor":2},{"not_picked":["Seeing Red","Pommel Strike"],"picked":"Carnage","floor":4},{"not_picked":["Clothesline","Body Slam"],"picked":"Heavy Blade","floor":5},{"not_picked":["Wild Strike","Warcry"],"picked":"Shockwave","floor":7},{"not_picked":["Combust","Impervious"],"picked":"Battle Trance","floor":11},{"not_picked":["Bloodletting","Warcry"],"picked":"Headbutt","floor":12},{"not_picked":["Shrug It Off","Pommel Strike"],"picked":"Iron Wave","floor":13},{"not_picked":["Perfected Strike","Uppercut"],"picked":"Twin Strike","floor":14},{"not_picked":["Brutality","Impervious"],"picked":"Demon Form","floor":16},{"not_picked":["Cleave+1","Pummel"],"picked":"Armaments+1","floor":18},{"not_picked":["Bloodletting","Reckless Charge"],"picked":"Searing Blow","floor":21},{"not_picked":["Wild Strike+1","Armaments"],"picked":"Thunderclap","floor":22},{"not_picked":["Clothesline","True Grit"],"picked":"Reaper","floor":23},{"not_picked":["Combust","Armaments"],"picked":"Iron Wave","floor":25},{"not_picked":["Bloodletting","Iron Wave+1"],"picked":"Thunderclap+1","floor":27},{"not_picked":["True Grit","Intimidate"],"picked":"Whirlwind+1","floor":28},{"not_picked":["Warcry","Entrench+1"],"picked":"Clothesline+1","floor":29},{"not_picked":["Clash+1","Dual Wield"],"picked":"Heavy Blade+1","floor":31},{"not_picked":["Fiend Fire+1","Double Tap"],"picked":"Reaper+1","floor":33},{"not_picked":["Armaments","Wild Strike+1"],"picked":"Thunderclap+1","floor":34},{"not_picked":["Seeing Red","Armaments"],"picked":"Perfected Strike+1","floor":34},{"not_picked":["Clash+1","Flex"],"picked":"Thunderclap+1","floor":34},{"not_picked":["Bloodletting","Second Wind"],"picked":"Thunderclap+1","floor":34},{"not_picked":["Headbutt+1","Evolve+1"],"picked":"Clothesline+1","floor":34},{"not_picked":["Clash+1","Feel No Pain+1"],"picked":"Fire Breathing+1","floor":35},{"not_picked":["Shockwave","Battle Trance"],"picked":"Feed+1","floor":36},{"not_picked":["Perfected Strike+1","Thunderclap+1"],"picked":"Iron Wave+1","floor":37},{"not_picked":["Carnage+1","Seeing Red"],"picked":"Combust+1","floor":40},{"not_picked":["Armaments","Clash+1"],"picked":"Flex","floor":41},{"not_picked":["Reckless Charge+1","Clothesline+1"],"picked":"Disarm+1","floor":42},{"not_picked":["Purity","Impatience"],"picked":"Swift Strike+1","floor":44},{"not_picked":["Trip","Impatience"],"picked":"Chrysalis","floor":44},{"not_picked":["Master of Strategy","Jack Of All Trades"],"picked":"Dramatic Entrance+1","floor":44},{"not_picked":["True Grit","Burning Pact+1"],"picked":"Anger+1","floor":45},{"not_picked":["Iron Wave+1","Shrug It Off"],"picked":"Whirlwind+1","floor":46},{"not_picked":["Cleave+1","Headbutt+1"],"picked":"Flex+1","floor":47},{"not_picked":["Twin Strike+1","Feel No Pain+1"],"picked":"Cleave+1","floor":48}],"player_experience":24076,"relics_obtained":[{"floor":7,"key":"Shuriken"},{"floor":9,"key":"Meat on the Bone"},{"floor":14,"key":"Blood Vial"},{"floor":23,"key":"Mercury Hourglass"},{"floor":23,"key":"Matryoshka"},{"floor":25,"key":"Omamori"},{"floor":25,"key":"Boot"},{"floor":26,"key":"Molten Egg 2"},{"floor":26,"key":"Self Forming Clay"},{"floor":27,"key":"Strawberry"},{"floor":27,"key":"StoneCalendar"},{"floor":31,"key":"Frozen Egg 2"},{"floor":31,"key":"Lantern"},{"floor":37,"key":"Calipers"},{"floor":40,"key":"Ice Cream"},{"floor":40,"key":"Regal Pillow"},{"floor":43,"key":"Pen Nib"},{"floor":43,"key":"Gremlin Horn"},{"floor":45,"key":"Happy Flower"},{"floor":45,"key":"Dream Catcher"},{"floor":47,"key":"Bag of Preparation"},{"floor":47,"key":"Sundial"},{"floor":48,"key":"Pocketwatch"}],"event_choices":[{"damage_healed":0,"gold_gain":0,"player_choice":"Forge","damage_taken":0,"max_hp_gain":0,"max_hp_loss":0,"event_name":"Accursed Blacksmith","floor":3,"gold_loss":0,"cards_upgraded":["Iron Wave"]},{"damage_healed":0,"gold_gain":58,"player_choice":"Gained Gold","damage_taken":0,"max_hp_gain":0,"max_hp_loss":0,"event_name":"Golden Wing","floor":10,"gold_loss":0},{"damage_healed":0,"gold_gain":0,"player_choice":"Became a vampire (Vial)","damage_taken":0,"max_hp_gain":0,"max_hp_loss":0,"event_name":"Vampires","floor":19,"relics_lost":["Blood Vial"],"gold_loss":0,"cards_obtained":["Bite","Bite","Bite","Bite","Bite"]},{"damage_healed":0,"gold_gain":0,"player_choice":"Upgraded Two","damage_taken":0,"max_hp_gain":0,"max_hp_loss":0,"event_name":"Designer","floor":20,"gold_loss":40,"cards_upgraded":["Iron Wave","Defend_R"]},{"damage_healed":0,"gold_gain":0,"player_choice":"Ignored","damage_taken":0,"max_hp_gain":0,"max_hp_loss":0,"event_name":"Ghosts","floor":30,"gold_loss":0},{"damage_healed":0,"gold_gain":0,"player_choice":"Fight","damage_taken":0,"max_hp_gain":0,"max_hp_loss":0,"event_name":"Mysterious Sphere","floor":37,"gold_loss":0},{"cards_removed":["Defend_R"],"damage_healed":0,"gold_gain":0,"player_choice":"Removed Skill","damage_taken":0,"max_hp_gain":0,"max_hp_loss":0,"event_name":"Falling","floor":38,"gold_loss":0},{"damage_healed":0,"gold_gain":0,"player_choice":"Memory 3","damage_taken":10,"max_hp_gain":0,"max_hp_loss":0,"event_name":"SensoryStone","floor":44,"gold_loss":0},{"damage_healed":0,"gold_gain":0,"player_choice":"Fight","damage_taken":0,"max_hp_gain":0,"max_hp_loss":0,"event_name":"MindBloom","floor":48,"gold_loss":0}],"is_beta":false,"boss_relics":[{"not_picked":["Ectoplasm","Runic Cube"],"picked":"Black Star"},{"not_picked":["Black Blood","Calling Bell"],"picked":"Orrery"}],"items_purged_floors":[],"is_endless":false,"potions_floor_spawned":[2,4,11,12,18,25,27,29,33,35,45,47],"ascension_level":1}