{"gold_per_floor":[110,124,140,154,38,52,72,98,98,117,152,152,178,189,189,288,288,300,317,332,345,364,364],"floor_reached":23,"playtime":1455,"items_purged":[],"score":246,"play_id":"177603f7-97c4-4803-b441-426df96c5234","local_time":"20190728193124","is_ascension_mode":false,"campfire_choices":[{"data":"Discovery","floor":12,"key":"SMITH"},{"floor":15,"key":"RECALL"}],"neow_cost":"PERCENT_DAMAGE","seed_source_timestamp":1013013737093073,"circlet_count":0,"master_deck":["Strike_R","Strike_R","Strike_R","Strike_R","Strike_R","Defend_R","Defend_R","Defend_R","Defend_R","Bash","Cleave","Warcry","Wild Strike","Second Wind","Anger","Discovery+1","Berserk","Armaments","Evolve","Wild Strike","Sever Soul","Inflame","Reckless Charge","Reaper","Armaments","Whirlwind+1","Burning Pact+1","Shrug It Off","Impervious"],"relics":["Burning Blood","Dodecahedron","Happy Flower","Regal Pillow","Philosopher\u0027s Stone"],"potions_floor_usage":[8,11,11,14,16,23],"damage_taken":[{"damage":6,"enemies":"Cultist","floor":1,"turns":3},{"damage":2,"enemies":"2 Louse","floor":2,"turns":3},{"damage":10,"enemies":"Jaw Worm","floor":3,"turns":5},{"damage":9,"enemies":"2 Fungi Beasts","floor":4,"turns":3},{"damage":1,"enemies":"3 Louse","floor":6,"turns":3},{"damage":12,"enemies":"Gremlin Gang","floor":7,"turns":3},{"damage":31,"enemies":"3 Sentries","floor":8,"turns":8},{"damage":0,"enemies":"Exordium Wildlife","floor":10,"turns":1},{"damage":2,"enemies":"Gremlin Nob","floor":11,"turns":3},{"damage":30,"enemies":"Lagavulin","floor":13,"turns":5},{"damage":0,"enemies":"3 Louse","floor":14,"turns":2},{"damage":30,"enemies":"Slime Boss","floor":16,"turns":9},{"damage":11,"enemies":"2 Thieves","floor":18,"turns":2},{"damage":15,"enemies":"3 Byrds","floor":19,"turns":6},{"damage":15,"enemies":"Centurion and Healer","floor":20,"turns":5},{"damage":36,"enemies":"Cultist and Chosen","floor":21,"turns":6},{"damage":27,"enemies":"Sentry and Sphere","floor":22,"turns":5},{"damage":48,"enemies":"Slavers","floor":23,"turns":4}],"seed_played":"4299784248064125357","potions_obtained":[{"floor":3,"key":"Energy Potion"},{"floor":7,"key":"BloodPotion"},{"floor":8,"key":"GamblersBrew"},{"floor":10,"key":"Block Potion"},{"floor":13,"key":"Fire Potion"},{"floor":19,"key":"EssenceOfSteel"},{"floor":21,"key":"Dexterity Potion"}],"is_trial":false,"path_per_floor":["M","M","M","M","$","M","M","E","T","M","E","R","E","M","R","B",null,"M","M","M","M","M","E"],"character_chosen":"IRONCLAD","items_purchased":["Anger","Discovery"],"campfire_rested":0,"item_purchase_floors":[5,5],"current_hp_per_floor":[72,76,72,69,69,74,68,67,67,73,77,77,53,59,59,35,96,91,86,85,61,44,0],"gold":364,"neow_bonus":"TWENTY_PERCENT_HP_BONUS","is_prod":false,"is_daily":false,"chose_seed":false,"campfire_upgraded":1,"win_rate":0,"timestamp":1564335084,"path_taken":["M","M","M","M","$","M","M","E","T","M","E","R","E","M","R","BOSS","M","M","?","M","M","E"],"build_version":"2019-07-17","purchased_purges":0,"victory":false,"max_hp_per_floor":[96,96,96,96,96,96,96,96,96,96,96,96,96,96,96,96,96,96,96,96,96,96,96],"card_choices":[{"not_picked":["Havoc","Entrench"],"picked":"Cleave","floor":1},{"not_picked":["Spot Weakness","Perfected Strike"],"picked":"Warcry","floor":2},{"not_picked":["Sword Boomerang","Pommel Strike"],"picked":"Wild Strike","floor":3},{"not_picked":["Cleave","Shockwave"],"picked":"Second Wind","floor":4},{"not_picked":["True Grit","Infernal Blade"],"picked":"Berserk","floor":6},{"not_picked":["Rupture","Whirlwind"],"picked":"Armaments","floor":7},{"not_picked":["Carnage","Metallicize"],"picked":"Evolve","floor":8},{"not_picked":["Havoc","Seeing Red"],"picked":"Wild Strike","floor":10},{"not_picked":["Twin Strike","Flex"],"picked":"Sever Soul","floor":11},{"not_picked":["Limit Break","Perfected Strike"],"picked":"Inflame","floor":13},{"not_picked":["Infernal Blade","Clothesline"],"picked":"Reckless Charge","floor":14},{"not_picked":["Brutality","Limit Break"],"picked":"Reaper","floor":16},{"not_picked":["Sword Boomerang","Cleave"],"picked":"Armaments","floor":18},{"not_picked":["Rampage+1","Shockwave"],"picked":"Whirlwind+1","floor":19},{"not_picked":["Fire Breathing","Battle Trance+1"],"picked":"Burning Pact+1","floor":20},{"not_picked":["Armaments","Perfected Strike"],"picked":"Shrug It Off","floor":21},{"not_picked":["Havoc","Warcry"],"picked":"Impervious","floor":22}],"player_experience":116611,"relics_obtained":[{"floor":8,"key":"Dodecahedron"},{"floor":11,"key":"Happy Flower"},{"floor":13,"key":"Regal Pillow"}],"event_choices":[],"is_beta":false,"boss_relics":[{"not_picked":["Coffee Dripper","Runic Pyramid"],"picked":"Philosopher\u0027s Stone"}],"items_purged_floors":[],"is_endless":false,"potions_floor_spawned":[3,7,8,10,13,19,21],"killed_by":"Slavers","ascension_level":0}