{"gold_per_floor":[114,114,79,254,273,273,39,77,77,96,134,134,172,216,216,341,341,360,360,379,398,398,436,480,480],"floor_reached":25,"playtime":2050,"items_purged":[],"score":241,"play_id":"e82da793-0491-4675-ba0c-c20673fd9c4b","local_time":"20190910173216","daily_mods":["Allstar","ControlledChaos","Lethality"],"is_ascension_mode":false,"campfire_choices":[{"data":"Transmutation","floor":6,"key":"SMITH"},{"floor":12,"key":"REST"},{"floor":15,"key":"REST"}],"neow_cost":"","seed_source_timestamp":0,"circlet_count":0,"master_deck":["Zap","Dualcast","Dark Shackles+1","Chrysalis","Thinking Ahead","Transmutation+1","Compile Driver","Injury","Doubt","Cold Snap","Storm","Sunder","Sweeping Beam","Aggregate","Coolheaded","Double Energy","Blizzard","Multi-Cast","Steam","Sweeping Beam","Core Surge","Seek","FTL","Turbo","Gash","Heatsinks","Coolheaded","FTL+1","Gash+1"],"special_seed":18149,"relics":["Cracked Core","Frozen Eye","Golden Idol","Membership Card","Sundial","Ginger","War Paint","Omamori","Pandora\u0027s Box","Regal Pillow"],"potions_floor_usage":[11,16,21,23],"damage_taken":[{"damage":16,"enemies":"Cultist","floor":1,"turns":5},{"damage":0,"enemies":"Small Slimes","floor":5,"turns":2},{"damage":23,"enemies":"Lagavulin","floor":8,"turns":7},{"damage":0,"enemies":"2 Louse","floor":10,"turns":1},{"damage":24,"enemies":"3 Sentries","floor":11,"turns":4},{"damage":25,"enemies":"Gremlin Nob","floor":13,"turns":4},{"damage":0,"enemies":"Blue Slaver","floor":14,"turns":2},{"damage":49,"enemies":"Hexaghost","floor":16,"turns":8},{"damage":11,"enemies":"Spheric Guardian","floor":18,"turns":3},{"damage":29,"enemies":"2 Thieves","floor":20,"turns":4},{"damage":1,"enemies":"Snecko","floor":21,"turns":3},{"damage":41,"enemies":"Slavers","floor":23,"turns":3},{"damage":26,"enemies":"Snake Plant","floor":24,"turns":4},{"damage":6,"enemies":"Centurion and Healer","floor":25,"turns":2}],"seed_played":"-2019091919032284285","potions_obtained":[{"floor":8,"key":"Regen Potion"},{"floor":11,"key":"FocusPotion"},{"floor":16,"key":"FearPotion"},{"floor":18,"key":"LiquidBronze"}],"is_trial":false,"path_per_floor":["M","?","?","?","M","R","$","E","T","M","E","R","E","M","R","B",null,"M","?","M","M","?","E","M","M"],"character_chosen":"DEFECT","items_purchased":["Membership Card","Storm"],"campfire_rested":2,"item_purchase_floors":[7,7],"current_hp_per_floor":[59,59,75,75,75,75,75,52,52,52,40,62,37,37,59,10,75,64,75,46,45,70,29,3,0],"gold":480,"neow_bonus":"","is_prod":false,"is_daily":true,"chose_seed":false,"campfire_upgraded":1,"win_rate":0,"timestamp":1568129536,"path_taken":["M","?","?","?","M","R","?","E","T","M","E","R","E","?","R","BOSS","M","?","?","?","?","E","M","M"],"build_version":"2019-07-17","purchased_purges":0,"victory":false,"max_hp_per_floor":[75,75,75,75,75,75,75,75,75,75,75,75,75,75,75,75,75,75,75,75,75,75,75,75,75],"card_choices":[{"not_picked":["Leap","Turbo"],"picked":"Compile Driver","floor":1},{"not_picked":["Redo","FTL"],"picked":"Cold Snap","floor":5},{"not_picked":["Auto Shields","Steam"],"picked":"Sunder","floor":8},{"not_picked":["Conserve Battery","Go for the Eyes"],"picked":"Sweeping Beam","floor":10},{"not_picked":["Barrage","Ball Lightning"],"picked":"Aggregate","floor":11},{"not_picked":["Core Surge","Gash"],"picked":"Coolheaded","floor":13},{"not_picked":["Ball Lightning","Steam"],"picked":"Double Energy","floor":14},{"not_picked":["Steam Power","Go for the Eyes"],"picked":"Gash","floor":18},{"not_picked":["Conserve Battery","Barrage"],"picked":"Heatsinks","floor":20},{"not_picked":["Fusion","Heatsinks"],"picked":"Coolheaded","floor":21},{"not_picked":["Heatsinks","Rebound"],"picked":"FTL+1","floor":23},{"not_picked":["BootSequence","Compile Driver"],"picked":"Gash+1","floor":24}],"player_experience":116539,"relics_obtained":[{"floor":8,"key":"Sundial"},{"floor":9,"key":"Ginger"},{"floor":11,"key":"War Paint"},{"floor":13,"key":"Omamori"},{"floor":23,"key":"Regal Pillow"}],"event_choices":[{"damage_healed":0,"gold_gain":0,"player_choice":"Take Wound","damage_taken":0,"relics_obtained":["Golden Idol"],"max_hp_gain":0,"max_hp_loss":0,"event_name":"Golden Idol","floor":2,"gold_loss":0,"cards_obtained":["Injury"]},{"damage_healed":18,"gold_gain":0,"player_choice":"Healed","damage_taken":0,"max_hp_gain":0,"max_hp_loss":0,"event_name":"The Cleric","floor":3,"gold_loss":35},{"damage_healed":0,"gold_gain":175,"player_choice":"AGREE","damage_taken":0,"max_hp_gain":0,"max_hp_loss":0,"event_name":"Liars Game","floor":4,"gold_loss":0,"cards_obtained":["Doubt"]},{"cards_removed":["Purity"],"damage_healed":11,"gold_gain":0,"player_choice":"Offered Uncommon","damage_taken":0,"max_hp_gain":0,"max_hp_loss":0,"event_name":"Bonfire Elementals","floor":19,"gold_loss":0},{"damage_healed":25,"gold_gain":0,"player_choice":"Heal","damage_taken":0,"max_hp_gain":0,"max_hp_loss":0,"event_name":"The Library","floor":22,"gold_loss":0}],"is_beta":false,"boss_relics":[{"not_picked":["Cursed Key","Velvet Choker"],"picked":"Pandora\u0027s Box"}],"items_purged_floors":[],"is_endless":false,"potions_floor_spawned":[8,11,16,18],"killed_by":"Centurion and Healer","ascension_level":0}