{"gold_per_floor":[113,127,143,161,161,161,195,210,210,223,242,261,281,281,281,376,376,391,406,406,421,441,476,492,492],"floor_reached":25,"playtime":2512,"items_purged":[],"score":233,"play_id":"e05bdfc7-fee8-4f62-874d-5394aed085fd","local_time":"20190712212230","is_ascension_mode":false,"campfire_choices":[{"data":"Pommel Strike","floor":6,"key":"SMITH"},{"data":"Second Wind","floor":15,"key":"SMITH"}],"neow_cost":"NONE","seed_source_timestamp":115511989066264,"circlet_count":0,"master_deck":["Strike_R","Strike_R","Strike_R","Strike_R","Strike_R","Defend_R","Defend_R","Defend_R","Defend_R","Bash","Exhume","Anger","Shrug It Off","Pommel Strike+1","Headbutt","Shrug It Off","Headbutt","Second Wind+1","Warcry","Offering","Seeing Red+1","Demon Form","Inflame","Armaments","Headbutt","Anger","Armaments+1","Fire Breathing"],"relics":["Burning Blood","Strawberry","Letter Opener","Meat on the Bone","Runic Pyramid","Ornamental Fan"],"potions_floor_usage":[7,7,16,16,16,23,23,24,25],"damage_taken":[{"damage":10,"enemies":"2 Louse","floor":1,"turns":3},{"damage":1,"enemies":"Cultist","floor":2,"turns":3},{"damage":0,"enemies":"Small Slimes","floor":3,"turns":2},{"damage":14,"enemies":"Blue Slaver","floor":4,"turns":4},{"damage":32,"enemies":"3 Sentries","floor":7,"turns":9},{"damage":2,"enemies":"2 Fungi Beasts","floor":8,"turns":4},{"damage":8,"enemies":"Red Slaver","floor":10,"turns":2},{"damage":0,"enemies":"Exordium Wildlife","floor":11,"turns":3},{"damage":0,"enemies":"Blue Slaver","floor":12,"turns":4},{"damage":15,"enemies":"2 Fungi Beasts","floor":13,"turns":3},{"damage":48,"enemies":"The Guardian","floor":16,"turns":8},{"damage":8,"enemies":"Chosen","floor":18,"turns":4},{"damage":33,"enemies":"3 Byrds","floor":19,"turns":5},{"damage":24,"enemies":"Sentry and Sphere","floor":21,"turns":5},{"damage":35,"enemies":"3 Cultists","floor":22,"turns":6},{"damage":35,"enemies":"Slavers","floor":23,"turns":5},{"damage":32,"enemies":"Chosen and Byrds","floor":24,"turns":7},{"damage":72,"enemies":"Gremlin Leader","floor":25,"turns":7}],"seed_played":"-5439633343872855256","potions_obtained":[{"floor":2,"key":"GamblersBrew"},{"floor":4,"key":"Regen Potion"},{"floor":8,"key":"Block Potion"},{"floor":12,"key":"Dexterity Potion"},{"floor":13,"key":"Energy Potion"},{"floor":16,"key":"Energy Potion"},{"floor":21,"key":"BloodPotion"},{"floor":22,"key":"Weak Potion"},{"floor":24,"key":"BloodPotion"}],"is_trial":false,"path_per_floor":["M","M","M","M","?","R","E","M","T","M","M","M","M","?","R","B",null,"M","M","?","M","M","E","M","E"],"character_chosen":"IRONCLAD","items_purchased":[],"campfire_rested":0,"item_purchase_floors":[],"current_hp_per_floor":[76,80,80,72,61,61,50,54,54,52,58,64,55,55,55,25,87,85,58,87,69,52,35,42,0],"gold":492,"neow_bonus":"ONE_RANDOM_RARE_CARD","is_prod":false,"is_daily":false,"chose_seed":false,"campfire_upgraded":2,"win_rate":0,"timestamp":1562959350,"path_taken":["M","M","M","M","?","R","E","M","T","M","M","M","M","?","R","BOSS","M","M","?","M","M","E","M","E"],"build_version":"2019-07-05","purchased_purges":0,"victory":false,"max_hp_per_floor":[80,80,80,80,87,87,87,87,87,87,87,87,87,87,87,87,87,87,87,87,87,87,87,87,87],"card_choices":[{"not_picked":["Perfected Strike","Shrug It Off"],"picked":"Anger","floor":1},{"not_picked":["Thunderclap","Cleave"],"picked":"Shrug It Off","floor":2},{"not_picked":["Body Slam","Cleave"],"picked":"Pommel Strike","floor":3},{"not_picked":["Warcry","Shrug It Off"],"picked":"Headbutt","floor":4},{"not_picked":["Iron Wave","Havoc"],"picked":"Shrug It Off","floor":7},{"not_picked":["Clothesline","Ghostly Armor"],"picked":"Headbutt","floor":8},{"not_picked":["Flex","Cleave"],"picked":"Second Wind","floor":10},{"not_picked":["Flex","Clash"],"picked":"Warcry","floor":11},{"not_picked":["Searing Blow","Whirlwind"],"picked":"Offering","floor":12},{"not_picked":["Intimidate","Warcry"],"picked":"Seeing Red","floor":13},{"not_picked":["Impervious","Exhume"],"picked":"Demon Form","floor":16},{"not_picked":["Rupture+1","Cleave+1"],"picked":"Inflame","floor":18},{"not_picked":["Whirlwind+1","Ghostly Armor"],"picked":"Armaments","floor":19},{"not_picked":["Warcry","Hemokinesis"],"picked":"Headbutt","floor":21},{"not_picked":["Twin Strike+1","Iron Wave"],"picked":"Anger","floor":22},{"not_picked":["Iron Wave+1","Flex"],"picked":"Armaments+1","floor":23},{"not_picked":["Pommel Strike+1","Dropkick"],"picked":"Fire Breathing","floor":24}],"player_experience":38246,"relics_obtained":[{"floor":7,"key":"Letter Opener"},{"floor":9,"key":"Meat on the Bone"},{"floor":23,"key":"Ornamental Fan"}],"event_choices":[{"damage_healed":0,"gold_gain":0,"player_choice":"Success","damage_taken":18,"relics_obtained":["Strawberry"],"max_hp_gain":0,"max_hp_loss":0,"event_name":"Scrap Ooze","floor":5,"gold_loss":0},{"damage_healed":0,"gold_gain":0,"player_choice":"Forge","damage_taken":0,"max_hp_gain":0,"max_hp_loss":0,"event_name":"Accursed Blacksmith","floor":14,"gold_loss":0,"cards_upgraded":["Seeing Red"]},{"damage_healed":29,"gold_gain":0,"player_choice":"Heal","damage_taken":0,"max_hp_gain":0,"max_hp_loss":0,"event_name":"The Library","floor":20,"gold_loss":0}],"is_beta":false,"boss_relics":[{"not_picked":["Runic Dome","Ectoplasm"],"picked":"Runic Pyramid"}],"items_purged_floors":[],"is_endless":false,"potions_floor_spawned":[2,4,8,12,13,16,21,22,24],"killed_by":"Gremlin Leader","ascension_level":0}