{"gold_per_floor":[119,137,312,323,336,369,369,403,430,443,443,443,443,151,151,255,255,266,266,283,283],"floor_reached":21,"playtime":1023,"items_purged":["Doubt"],"score":229,"play_id":"83425351-2c3e-4884-92c8-c81bc07625db","local_time":"20190915111137","is_ascension_mode":true,"campfire_choices":[{"floor":7,"key":"REST"},{"floor":11,"key":"REST"},{"floor":13,"key":"REST"},{"floor":15,"key":"REST"}],"neow_cost":"NONE","seed_source_timestamp":2909717878439100,"circlet_count":0,"master_deck":["Strike_B","Strike_B","Strike_B","Strike_B","Defend_B","Defend_B","Defend_B","Defend_B","Zap","Dualcast","BootSequence","Go for the Eyes","Capacitor","Conserve Battery","Rainbow","Loop","Tempest","Loop","Stack","Amplify","Defragment","Ball Lightning","Leap","Creative AI","Static Discharge","Necronomicurse","Conserve Battery"],"relics":["Cracked Core","Emotion Chip","DataDisk","Dream Catcher","Tiny Chest","Black Star","Necronomicon"],"potions_floor_usage":[6,18,18,21],"damage_taken":[{"damage":0,"enemies":"Small Slimes","floor":1,"turns":2},{"damage":0,"enemies":"2 Louse","floor":2,"turns":2},{"damage":0,"enemies":"Jaw Worm","floor":4,"turns":2},{"damage":12,"enemies":"2 Fungi Beasts","floor":5,"turns":4},{"damage":52,"enemies":"3 Sentries","floor":6,"turns":13},{"damage":19,"enemies":"Gremlin Nob","floor":8,"turns":4},{"damage":8,"enemies":"Large Slime","floor":10,"turns":5},{"damage":9,"enemies":"Blue Slaver","floor":12,"turns":3},{"damage":6,"enemies":"The Guardian","floor":16,"turns":8},{"damage":45,"enemies":"Spheric Guardian","floor":18,"turns":7},{"damage":26,"enemies":"2 Thieves","floor":20,"turns":4},{"damage":15,"enemies":"3 Cultists","floor":21,"turns":3}],"seed_played":"1951642396278255826","potions_obtained":[{"floor":2,"key":"Weak Potion"},{"floor":4,"key":"SmokeBomb"},{"floor":8,"key":"SpeedPotion"},{"floor":10,"key":"Block Potion"},{"floor":16,"key":"FairyPotion"},{"floor":18,"key":"SteroidPotion"},{"floor":20,"key":"Swift Potion"}],"is_trial":false,"path_per_floor":["M","M","?","M","M","E","R","E","T","M","R","M","R","$","R","B",null,"M","?","M","M"],"character_chosen":"DEFECT","items_purchased":["Tiny Chest","Defragment","Ball Lightning"],"campfire_rested":4,"item_purchase_floors":[14,14,14],"current_hp_per_floor":[82,82,82,82,70,18,42,23,23,15,39,30,54,54,78,72,82,37,21,8,0],"gold":283,"neow_bonus":"TEN_PERCENT_HP_BONUS","is_prod":false,"is_daily":false,"chose_seed":false,"campfire_upgraded":0,"win_rate":0,"timestamp":1568538697,"path_taken":["M","M","?","M","M","E","R","E","T","M","R","M","R","$","R","BOSS","M","?","M","M"],"build_version":"2019-07-17","purchased_purges":1,"victory":false,"max_hp_per_floor":[82,82,82,82,82,82,82,82,82,82,82,82,82,82,82,82,82,82,82,82,82],"card_choices":[{"not_picked":["Streamline","Redo"],"picked":"BootSequence","floor":1},{"not_picked":["Rebound","Rip and Tear"],"picked":"Go for the Eyes","floor":2},{"not_picked":["Turbo","Rebound"],"picked":"Capacitor","floor":4},{"not_picked":["Gash","Streamline"],"picked":"Conserve Battery","floor":5},{"not_picked":["FTL","Rip and Tear"],"picked":"Rainbow","floor":6},{"not_picked":["Conserve Battery","Reprogram"],"picked":"Loop","floor":8},{"not_picked":["Redo","Barrage"],"picked":"Tempest","floor":10},{"not_picked":["Steam","Hologram"],"picked":"Loop","floor":11},{"not_picked":["Sunder","Barrage"],"picked":"Stack","floor":12},{"not_picked":["Conserve Battery","Go for the Eyes"],"picked":"Amplify","floor":13},{"not_picked":["Scrape","Reboot"],"picked":"Leap","floor":15},{"not_picked":["Buffer","Multi-Cast"],"picked":"Creative AI","floor":16},{"not_picked":["Cold Snap","Fusion+1"],"picked":"Static Discharge","floor":18},{"not_picked":["Barrage+1","Leap"],"picked":"Conserve Battery","floor":20}],"player_experience":206499,"relics_obtained":[{"floor":6,"key":"Emotion Chip"},{"floor":8,"key":"DataDisk"},{"floor":9,"key":"Dream Catcher"},{"floor":19,"key":"Necronomicon"}],"event_choices":[{"damage_healed":0,"gold_gain":175,"player_choice":"AGREE","damage_taken":0,"max_hp_gain":0,"max_hp_loss":0,"event_name":"Liars Game","floor":3,"gold_loss":0,"cards_obtained":["Doubt"]},{"damage_healed":0,"gold_gain":0,"player_choice":"Obtained Book","damage_taken":16,"max_hp_gain":0,"max_hp_loss":0,"event_name":"Cursed Tome","floor":19,"gold_loss":0}],"is_beta":false,"boss_relics":[{"not_picked":["Lizard Tail","Busted Crown"],"picked":"Black Star"}],"items_purged_floors":[14],"is_endless":false,"potions_floor_spawned":[2,4,8,10,16,18,20],"killed_by":"3 Cultists","ascension_level":4}