{"gold_per_floor":[115,115,131,149,159,159,159,159,159,177,177],"floor_reached":11,"playtime":240,"items_purged":[],"score":90,"play_id":"e5327d88-b3a8-4bfd-8238-ff9c4a53d9de","local_time":"20191003001658","is_ascension_mode":false,"campfire_choices":[{"data":"Bash","floor":6,"key":"SMITH"},{"data":"Bash","floor":8,"key":"SMITH"}],"neow_cost":"CURSE","seed_source_timestamp":218330283313900,"circlet_count":0,"master_deck":["Strike_R","Strike_R","Strike_R","Strike_R","Strike_R","Defend_R","Defend_R","Defend_R","Defend_R","Bash+1","Injury","Rage","Shrug It Off","Shrug It Off","Bash+1","True Grit"],"relics":["Burning Blood"],"potions_floor_usage":[3],"damage_taken":[{"damage":6,"enemies":"2 Louse","floor":1,"turns":3},{"damage":6,"enemies":"Cultist","floor":3,"turns":3},{"damage":3,"enemies":"Small Slimes","floor":4,"turns":3},{"damage":12,"enemies":"Looter","floor":5,"turns":3},{"damage":10,"enemies":"2 Fungi Beasts","floor":10,"turns":4},{"damage":36,"enemies":"The Mushroom Lair","floor":11,"turns":5}],"seed_played":"8874835540526765319","potions_obtained":[{"floor":2,"key":"FairyPotion"},{"floor":2,"key":"EssenceOfSteel"},{"floor":2,"key":"Fire Potion"},{"floor":10,"key":"Poison Potion"}],"is_trial":false,"path_per_floor":["M","?","M","M","M","R","?","R","T","M","?"],"character_chosen":"IRONCLAD","items_purchased":[],"campfire_rested":0,"item_purchase_floors":[],"current_hp_per_floor":[96,96,96,96,90,90,90,90,90,86,50],"gold":177,"neow_bonus":"TWENTY_PERCENT_HP_BONUS","is_prod":false,"is_daily":false,"chose_seed":false,"campfire_upgraded":2,"win_rate":0,"timestamp":1570054618,"path_taken":["M","?","?","M","M","R","?","R","T","?","?"],"build_version":"2019-07-17","purchased_purges":0,"victory":false,"max_hp_per_floor":[96,96,96,96,96,96,96,96,96,96,96],"card_choices":[{"not_picked":["Pommel Strike","Wild Strike"],"picked":"Rage","floor":1},{"not_picked":["Perfected Strike","Armaments"],"picked":"Shrug It Off","floor":3},{"not_picked":["Body Slam","Sword Boomerang","Bludgeon"],"picked":"SKIP","floor":4},{"not_picked":["Feel No Pain","Burning Pact"],"picked":"Shrug It Off","floor":5},{"not_picked":["Hemokinesis","Sword Boomerang"],"picked":"True Grit","floor":10}],"player_experience":256377,"relics_obtained":[],"event_choices":[{"damage_healed":0,"gold_gain":0,"player_choice":"Got Potions","damage_taken":0,"max_hp_gain":0,"max_hp_loss":0,"event_name":"Lab","floor":2,"gold_loss":0},{"damage_healed":0,"gold_gain":0,"player_choice":"1 cards matched","damage_taken":0,"max_hp_gain":0,"max_hp_loss":0,"event_name":"Match and Keep!","floor":7,"gold_loss":0,"cards_obtained":["Bash"]},{"damage_healed":0,"gold_gain":0,"player_choice":"Fought Mushrooms","damage_taken":0,"max_hp_gain":0,"max_hp_loss":0,"event_name":"Mushrooms","floor":11,"gold_loss":0}],"is_beta":false,"boss_relics":[],"items_purged_floors":[],"is_endless":false,"potions_floor_spawned":[10],"killed_by":"The Mushroom Lair","ascension_level":0}