{"gold_per_floor":[112,112,122,141,155,183,203,203,203,203,203,203,50,66,66,164,164,176,190,200,214,226,226],"floor_reached":23,"playtime":2358,"items_purged":[],"score":197,"play_id":"d681057f-98f9-431d-97cb-79a63fc9b43b","local_time":"20190917164729","is_ascension_mode":false,"campfire_choices":[{"floor":8.0,"key":"REST"},{"floor":11.0,"key":"REST"},{"data":"Collect","floor":15.0,"key":"SMITH"}],"neow_cost":"NONE","seed_source_timestamp":0,"circlet_count":0,"master_deck":["Strike_P","Strike_P","Strike_P","Strike_P","Defend_P","Defend_P","Defend_P","Defend_P+1","Eruption+1","Vigilance","Evaluate","Consecrate","SignatureMove","Weave","Collect+1","Halt","Fasting","MasterReality","Prostrate","Fasting+1","ThirdEye+1","Sanctity","DeusExMachina"],"special_seed":0,"relics":["PureWater","NeowsBlessing","CultistMask","Smiling Mask","Letter Opener","Lee\u0027s Waffle","Black Star"],"potions_floor_usage":[23],"damage_taken":[{"damage":0.0,"enemies":"2 Louse","floor":1.0,"turns":1.0},{"damage":0.0,"enemies":"Cultist","floor":3.0,"turns":1.0},{"damage":0.0,"enemies":"Small Slimes","floor":4.0,"turns":2.0},{"damage":0.0,"enemies":"Exordium Wildlife","floor":5.0,"turns":2.0},{"damage":27.0,"enemies":"Lagavulin","floor":6.0,"turns":7.0},{"damage":5.0,"enemies":"Lots of Slimes","floor":7.0,"turns":2.0},{"damage":9.0,"enemies":"2 Fungi Beasts","floor":14.0,"turns":3.0},{"damage":54.0,"enemies":"The Guardian","floor":16.0,"turns":7.0},{"damage":4.0,"enemies":"3 Byrds","floor":18.0,"turns":3.0},{"damage":10.0,"enemies":"Chosen","floor":19.0,"turns":6.0},{"damage":22.0,"enemies":"Snake Plant","floor":20.0,"turns":4.0},{"damage":0.0,"enemies":"Sentry and Sphere","floor":21.0,"turns":2.0},{"damage":12.0,"enemies":"Centurion and Healer","floor":22.0,"turns":5.0},{"damage":65,"enemies":"Slavers","floor":23,"turns":6}],"seed_played":"249666021668323517","potions_obtained":[{"floor":1.0,"key":"FairyPotion"},{"floor":3.0,"key":"Strength Potion"},{"floor":6.0,"key":"FearPotion"},{"floor":7.0,"key":"Fire Potion"},{"floor":16.0,"key":"FearPotion"},{"floor":18.0,"key":"LiquidBronze"},{"floor":22.0,"key":"Weak Potion"}],"is_trial":false,"path_per_floor":["M","?","M","M","M","E","M","R","T","?","R","?","$","M","R","B",null,"M","M","M","M","M","E"],"character_chosen":"WATCHER","items_purchased":["Lee\u0027s Waffle"],"campfire_rested":2,"item_purchase_floors":[13],"current_hp_per_floor":[65,65,65,65,65,38,33,52,52,39,58,63,77,68,68,14,77,73,63,41,41,29,0],"gold":226,"neow_bonus":"THREE_ENEMY_KILL","is_prod":false,"is_daily":false,"chose_seed":false,"campfire_upgraded":1,"win_rate":0.0,"timestamp":1568764049,"path_taken":["M","?","M","?","?","E","M","R","T","?","R","?","?","M","R","BOSS","M","?","M","M","M","E"],"build_version":"2019-09-17","purchased_purges":0,"victory":false,"max_hp_per_floor":[65,65,65,65,65,65,65,65,65,65,65,70,77,77,77,77,77,77,77,77,77,77,77],"card_choices":[{"not_picked":["DeceiveReality","CutThroughFate"],"picked":"Evaluate","floor":1.0},{"not_picked":["BowlingBash","CutThroughFate"],"picked":"Consecrate","floor":3.0},{"not_picked":["ThirdEye","Tantrum"],"picked":"SignatureMove","floor":4.0},{"not_picked":["PathToVictory","Crescendo"],"picked":"Weave","floor":5.0},{"not_picked":["FlyingSleeves","Conclude"],"picked":"Collect","floor":6.0},{"not_picked":["FollowUp","Sanctity"],"picked":"Halt","floor":7.0},{"not_picked":["SandsOfTime","WreathOfFlame"],"picked":"Fasting","floor":14.0},{"not_picked":["Vault","Brilliance"],"picked":"MasterReality","floor":16.0},{"not_picked":["Consecrate","CutThroughFate"],"picked":"Prostrate","floor":18.0},{"not_picked":["Halt","Scrawl+1"],"picked":"Fasting+1","floor":19.0},{"not_picked":["SashWhip","DeceiveReality"],"picked":"ThirdEye+1","floor":20.0},{"not_picked":["Conclude+1","Establishment"],"picked":"Sanctity","floor":21.0},{"not_picked":["EmptyBody","Worship"],"picked":"DeusExMachina","floor":22.0}],"player_experience":241846,"relics_obtained":[{"floor":6.0,"key":"Smiling Mask"},{"floor":9.0,"key":"Letter Opener"}],"event_choices":[{"damage_healed":0.0,"max_hp_gain":0.0,"max_hp_loss":0.0,"gold_gain":0.0,"event_name":"FaceTrader","player_choice":"Trade","floor":2.0,"gold_loss":0.0,"damage_taken":0.0,"relics_obtained":["CultistMask"]},{"damage_healed":0.0,"max_hp_gain":0.0,"max_hp_loss":0.0,"gold_gain":0.0,"event_name":"Shining Light","player_choice":"Entered Light","floor":10.0,"gold_loss":0.0,"damage_taken":13.0,"cards_upgraded":["Defend_P","Eruption"]},{"damage_healed":0.0,"max_hp_gain":5.0,"max_hp_loss":0.0,"gold_gain":0.0,"event_name":"Big Fish","player_choice":"Donut","floor":12.0,"gold_loss":0.0,"damage_taken":0.0}],"is_beta":true,"boss_relics":[{"not_picked":["Pandora\u0027s Box","Snecko Eye"],"picked":"Black Star"}],"items_purged_floors":[],"is_endless":false,"potions_floor_spawned":[1,3,6,7,16,18,22],"killed_by":"Slavers","ascension_level":0}