{"gold_per_floor":[114,114,114,127,140,155,193,217,217],"floor_reached":9,"playtime":588,"items_purged":[],"score":65,"play_id":"becb1b53-a5ca-4e3c-a5c3-4458c2ce06a4","local_time":"20190901172451","is_ascension_mode":false,"campfire_choices":[],"neow_cost":"NONE","seed_source_timestamp":1722947366960600,"circlet_count":0,"master_deck":["Strike_R","Strike_R","Strike_R+1","Strike_R","Strike_R","Defend_R","Defend_R","Defend_R","Defend_R+1","Bash","Whirlwind","Iron Wave","Bludgeon","Headbutt","Armaments","Dual Wield"],"relics":["Burning Blood","Golden Idol","Ice Cream"],"potions_floor_usage":[7,7],"damage_taken":[{"damage":0,"enemies":"Small Slimes","floor":1,"turns":3},{"damage":0,"enemies":"2 Louse","floor":4,"turns":2},{"damage":0,"enemies":"Jaw Worm","floor":5,"turns":5},{"damage":11,"enemies":"Large Slime","floor":6,"turns":5},{"damage":10,"enemies":"3 Sentries","floor":7,"turns":4},{"damage":4,"enemies":"Blue Slaver","floor":8,"turns":4}],"seed_played":"-6362868280071361133","potions_obtained":[{"floor":1,"key":"Strength Potion"},{"floor":4,"key":"Strength Potion"},{"floor":5,"key":"Fire Potion"}],"is_trial":false,"path_per_floor":["M","?","?","M","M","M","E","M","T"],"character_chosen":"IRONCLAD","items_purchased":[],"campfire_rested":0,"item_purchase_floors":[],"current_hp_per_floor":[88,66,48,54,60,55,51,53,53],"gold":217,"neow_bonus":"TEN_PERCENT_HP_BONUS","is_prod":false,"is_daily":false,"chose_seed":false,"campfire_upgraded":0,"win_rate":0.0,"timestamp":1567351491,"path_taken":["M","?","?","M","M","M","E","M","T"],"build_version":"2019-07-17","purchased_purges":0,"victory":false,"max_hp_per_floor":[88,88,88,88,88,88,88,88,88],"card_choices":[{"not_picked":["Rupture","Thunderclap"],"picked":"Whirlwind","floor":1},{"not_picked":["Body Slam","Rampage"],"picked":"Iron Wave","floor":4},{"not_picked":["Feel No Pain","Rage"],"picked":"Bludgeon","floor":5},{"not_picked":["Pommel Strike","Entrench"],"picked":"Headbutt","floor":6},{"not_picked":["Anger","Cleave"],"picked":"Armaments","floor":7},{"not_picked":["Burning Pact","Bludgeon"],"picked":"Dual Wield","floor":8}],"player_experience":18095,"relics_obtained":[{"floor":7,"key":"Ice Cream"}],"event_choices":[{"damage_healed":0,"gold_gain":0,"player_choice":"Take Damage","damage_taken":22,"relics_obtained":["Golden Idol"],"max_hp_gain":0,"max_hp_loss":0,"event_name":"Golden Idol","floor":2,"gold_loss":0},{"damage_healed":0,"gold_gain":0,"player_choice":"Entered Light","damage_taken":18,"max_hp_gain":0,"max_hp_loss":0,"event_name":"Shining Light","floor":3,"gold_loss":0,"cards_upgraded":["Strike_R","Defend_R"]}],"is_beta":false,"boss_relics":[],"items_purged_floors":[],"is_endless":false,"potions_floor_spawned":[1,4,5],"ascension_level":0}