{"gold_per_floor":[119,133,144,161,175,175,203,221,292,292,303,303,336,286,286,381,381,394,413,428,15,15,44,44,64,94,124,141,141,141,174,174,174],"floor_reached":33,"playtime":5327,"items_purged":["Strike_G"],"score":349,"play_id":"edc30ae6-2a3a-4e15-9831-5d6bfd1f471f","local_time":"20191009023854","is_ascension_mode":false,"campfire_choices":[{"data":"Sucker Punch","floor":6.0,"key":"SMITH"},{"data":"Cloak And Dagger","floor":10.0,"key":"SMITH"},{"data":"Skewer","floor":12.0,"key":"SMITH"},{"data":"Neutralize","floor":15.0,"key":"SMITH"},{"data":"Die Die Die","floor":24.0,"key":"SMITH"},{"data":"Terror","floor":29.0,"key":"SMITH"},{"floor":32.0,"key":"REST"}],"neow_cost":"NONE","seed_source_timestamp":0,"circlet_count":0,"master_deck":["Strike_G+1","Strike_G+1","Strike_G","Defend_G","Defend_G","Defend_G","Defend_G","Defend_G","Survivor","Neutralize+1","Footwork","Predator","Sucker Punch+1","Cloak And Dagger+1","Skewer+1","Terror+1","Die Die Die+1","Backflip","Sucker Punch+1","RitualDagger","Deadly Poison","Panacea"],"special_seed":0,"relics":["Ring of the Snake","Singing Bowl","Kunai","Whetstone","WristBlade","TwistedFunnel","Snake Skull","Bird Faced Urn","Tiny Chest","Red Mask","Potion Belt"],"potions_floor_usage":[33],"damage_taken":[{"damage":0.0,"enemies":"Small Slimes","floor":1.0,"turns":6.0},{"damage":0.0,"enemies":"2 Louse","floor":2.0,"turns":3.0},{"damage":0.0,"enemies":"Cultist","floor":3.0,"turns":4.0},{"damage":0.0,"enemies":"Red Slaver","floor":4.0,"turns":5.0},{"damage":0.0,"enemies":"Exordium Wildlife","floor":5.0,"turns":4.0},{"damage":10.0,"enemies":"Gremlin Nob","floor":7.0,"turns":5.0},{"damage":0.0,"enemies":"Large Slime","floor":8.0,"turns":7.0},{"damage":0.0,"enemies":"3 Louse","floor":11.0,"turns":3.0},{"damage":7.0,"enemies":"Lagavulin","floor":13.0,"turns":10.0},{"damage":2.0,"enemies":"Hexaghost","floor":16.0,"turns":10.0},{"damage":0.0,"enemies":"3 Byrds","floor":18.0,"turns":5.0},{"damage":8.0,"enemies":"Shell Parasite","floor":19.0,"turns":6.0},{"damage":3.0,"enemies":"Snake Plant","floor":20.0,"turns":4.0},{"damage":0.0,"enemies":"Gremlin Leader","floor":23.0,"turns":8.0},{"damage":1.0,"enemies":"Cultist and Chosen","floor":25.0,"turns":4.0},{"damage":0.0,"enemies":"Masked Bandits","floor":27.0,"turns":2.0},{"damage":6.0,"enemies":"Centurion and Healer","floor":28.0,"turns":6.0},{"damage":40.0,"enemies":"Slavers","floor":31.0,"turns":6.0},{"damage":44,"enemies":"Automaton","floor":33,"turns":6}],"seed_played":"-4860601962648043381","potions_obtained":[{"floor":1.0,"key":"Energy Potion"},{"floor":2.0,"key":"SkillPotion"},{"floor":7.0,"key":"SpeedPotion"},{"floor":11.0,"key":"Ancient Potion"},{"floor":13.0,"key":"EssenceOfSteel"},{"floor":16.0,"key":"Energy Potion"},{"floor":18.0,"key":"LiquidBronze"},{"floor":20.0,"key":"Swift Potion"}],"is_trial":false,"path_per_floor":["M","M","M","M","M","R","E","M","T","R","M","R","E","?","R","B",null,"M","M","M","$","?","E","R","M","T","?","M","R","?","E","R","B"],"character_chosen":"THE_SILENT","items_purchased":["TwistedFunnel","Snake Skull"],"campfire_rested":1,"item_purchase_floors":[21,21],"current_hp_per_floor":[77,77,77,77,77,77,69,71,71,71,73,73,66,66,66,64,83,83,77,74,74,68,70,70,73,73,73,71,71,53,17,44,0],"gold":174,"neow_bonus":"TEN_PERCENT_HP_BONUS","is_prod":false,"is_daily":false,"chose_seed":false,"campfire_upgraded":6,"win_rate":0,"timestamp":1570581534,"path_taken":["M","M","M","M","M","R","E","M","T","R","M","R","E","?","R","BOSS","M","M","M","$","?","E","R","M","T","?","M","R","?","E","R","BOSS"],"build_version":"2019-07-17","purchased_purges":1,"victory":false,"max_hp_per_floor":[77,77,77,77,77,77,79,81,81,81,83,83,83,83,83,83,83,83,85,85,85,85,87,87,89,89,89,91,91,91,93,93,93],"card_choices":[{"not_picked":["Accuracy","Blade Dance"],"picked":"Footwork","floor":1.0},{"not_picked":["Heel Hook","Eviscerate"],"picked":"Predator","floor":2.0},{"not_picked":["Dagger Throw","Noxious Fumes"],"picked":"Sucker Punch","floor":3.0},{"not_picked":["Deflect","Poisoned Stab"],"picked":"Cloak And Dagger","floor":4.0},{"not_picked":["Escape Plan","Prepared"],"picked":"Skewer","floor":5.0},{"not_picked":["Predator","Slice","Bane"],"picked":"Singing Bowl","floor":7.0},{"not_picked":["Acrobatics","Finisher","Riddle With Holes"],"picked":"Singing Bowl","floor":8.0},{"not_picked":["Riddle With Holes","Underhanded Strike","Predator"],"picked":"Singing Bowl","floor":11.0},{"not_picked":["All Out Attack","Sucker Punch"],"picked":"Terror","floor":13.0},{"not_picked":["Adrenaline","Phantasmal Killer"],"picked":"Die Die Die","floor":16.0},{"not_picked":["Bane","Deflect"],"picked":"Backflip","floor":18.0},{"not_picked":["Escape Plan","Choke","Acrobatics"],"picked":"Singing Bowl","floor":19.0},{"not_picked":["PiercingWail","Dagger Throw"],"picked":"Sucker Punch+1","floor":20.0},{"not_picked":["PiercingWail","Choke","Flying Knee"],"picked":"Singing Bowl","floor":23.0},{"not_picked":["Slice","All Out Attack","Skewer+1"],"picked":"Singing Bowl","floor":25.0},{"not_picked":["Flying Knee","Slice+1"],"picked":"Deadly Poison","floor":27.0},{"not_picked":["Venomology","Deadly Poison","Skewer"],"picked":"Singing Bowl","floor":28.0},{"not_picked":["Sucker Punch","Poisoned Stab","Dagger Spray"],"picked":"Singing Bowl","floor":31.0}],"player_experience":359332,"relics_obtained":[{"floor":7.0,"key":"Singing Bowl"},{"floor":9.0,"key":"Kunai"},{"floor":13.0,"key":"Whetstone"},{"floor":23.0,"key":"Bird Faced Urn"},{"floor":26.0,"key":"Tiny Chest"},{"floor":27.0,"key":"Red Mask"},{"floor":31.0,"key":"Potion Belt"}],"event_choices":[{"cards_removed":["Strike_G"],"damage_healed":0.0,"max_hp_gain":0.0,"max_hp_loss":0.0,"gold_gain":0.0,"event_name":"The Cleric","player_choice":"Card Removal","floor":14.0,"gold_loss":50.0,"damage_taken":0.0},{"damage_healed":0.0,"max_hp_gain":0.0,"max_hp_loss":0.0,"gold_gain":0.0,"event_name":"Nest","player_choice":"Joined the Cult","floor":22.0,"gold_loss":0.0,"damage_taken":6.0,"cards_obtained":["RitualDagger"]},{"damage_healed":0.0,"max_hp_gain":0.0,"max_hp_loss":0.0,"gold_gain":0.0,"event_name":"Masked Bandits","player_choice":"Fought Bandits","floor":27.0,"gold_loss":0.0,"damage_taken":0.0},{"damage_healed":0.0,"max_hp_gain":0.0,"max_hp_loss":0.0,"gold_gain":0.0,"event_name":"Knowing Skull","player_choice":"CARD ","floor":30.0,"potions_obtained":[],"gold_loss":0.0,"damage_taken":18.0,"cards_obtained":["Panacea"]}],"is_beta":false,"boss_relics":[{"not_picked":["Empty Cage","Tiny House"],"picked":"WristBlade"}],"items_purged_floors":[21],"is_endless":false,"potions_floor_spawned":[1,2,7,11,13,16,18,20,28],"killed_by":"Automaton","ascension_level":0}