{"gold_per_floor":[112,62,62,75,95,126,139,159,159,194,194,214,233,260,260,355,355,367,367,379,294,313,313,346,346,346,371,371,389,214,231,231,329,329,340,440,459,14,29,29,39,39,39,39,139,172,192,209,209,209],"floor_reached":51,"playtime":7778,"items_purged":["Strike_R","Berserk"],"score":777,"play_id":"1fab2a72-51c7-4abb-96a7-73d775779553","local_time":"20191002190824","is_ascension_mode":true,"campfire_choices":[{"floor":15,"key":"REST"},{"floor":23,"key":"REST"},{"floor":25,"key":"REST"},{"floor":32,"key":"REST"},{"data":"Inflame","floor":42,"key":"SMITH"},{"floor":44,"key":"REST"},{"floor":49,"key":"REST"}],"neow_cost":"NONE","seed_source_timestamp":169589261195200,"circlet_count":0,"master_deck":["Strike_R","Strike_R","Strike_R","Defend_R","Defend_R","Defend_R","Defend_R","Bash+1","Dropkick","Headbutt","Iron Wave+1","Cleave","Shrug It Off","Dual Wield","Power Through","Reaper","Heavy Blade+1","Inflame+1","Demon Form","Battle Trance+1","Clothesline","Flame Barrier","Flame Barrier+1"],"relics":["Burning Blood","PreservedInsect","Letter Opener","Regal Pillow","Meat on the Bone","Odd Mushroom","Orrery","Nilry\u0027s Codex","Bronze Scales","Matryoshka","Pear","Mercury Hourglass","Vajra","Snecko Eye","PrismaticShard","Omamori","Dream Catcher","Gremlin Horn","Peace Pipe","Whetstone"],"potions_floor_usage":[10,16,16,27,29,33,33,33,41,48,48],"damage_taken":[{"damage":6,"enemies":"Cultist","floor":1,"turns":3},{"damage":0,"enemies":"2 Louse","floor":4,"turns":2},{"damage":7,"enemies":"Jaw Worm","floor":5,"turns":2},{"damage":36,"enemies":"Lagavulin","floor":6,"turns":8},{"damage":10,"enemies":"Looter","floor":7,"turns":4},{"damage":9,"enemies":"2 Fungi Beasts","floor":8,"turns":3},{"damage":13,"enemies":"3 Sentries","floor":10,"turns":6},{"damage":11,"enemies":"Lots of Slimes","floor":12,"turns":3},{"damage":19,"enemies":"3 Louse","floor":13,"turns":2},{"damage":20,"enemies":"The Mushroom Lair","floor":14,"turns":4},{"damage":71,"enemies":"Hexaghost","floor":16,"turns":10},{"damage":40,"enemies":"Chosen","floor":18,"turns":7},{"damage":38,"enemies":"Spheric Guardian","floor":20,"turns":6},{"damage":24,"enemies":"Snecko","floor":22,"turns":6},{"damage":61,"enemies":"Slavers","floor":24,"turns":7},{"damage":18,"enemies":"Book of Stabbing","floor":27,"turns":5},{"damage":28,"enemies":"Shelled Parasite and Fungi","floor":29,"turns":5},{"damage":38,"enemies":"Sentry and Sphere","floor":31,"turns":6},{"damage":93,"enemies":"Automaton","floor":33,"turns":9},{"damage":29,"enemies":"3 Darklings","floor":35,"turns":7},{"damage":14,"enemies":"Orb Walker","floor":37,"turns":4},{"damage":19,"enemies":"4 Shapes","floor":39,"turns":3},{"damage":5,"enemies":"Maw","floor":41,"turns":5},{"damage":18,"enemies":"Mind Bloom Boss Battle","floor":45,"turns":6},{"damage":30,"enemies":"Reptomancer","floor":46,"turns":4},{"damage":32,"enemies":"Writhing Mass","floor":47,"turns":4},{"damage":17,"enemies":"Transient","floor":48,"turns":5},{"damage":69,"enemies":"Awakened One","floor":50,"turns":8}],"seed_played":"2778186722773313220","potions_obtained":[{"floor":4,"key":"Regen Potion"},{"floor":8,"key":"SkillPotion"},{"floor":12,"key":"Strength Potion"},{"floor":13,"key":"FairyPotion"},{"floor":16,"key":"Dexterity Potion"},{"floor":24,"key":"Strength Potion"},{"floor":27,"key":"Regen Potion"},{"floor":31,"key":"Weak Potion"},{"floor":33,"key":"BloodPotion"},{"floor":37,"key":"SkillPotion"},{"floor":45,"key":"Fire Potion"},{"floor":47,"key":"Fire Potion"}],"is_trial":false,"path_per_floor":["M","?","$","M","M","E","M","M","T","E","?","M","M","?","R","B",null,"M","?","M","?","M","R","E","R","T","E","?","M","$","M","R","B",null,"M","?","M","$","M","?","M","R","T","R","?","E","M","M","R","B",null],"character_chosen":"IRONCLAD","items_purchased":["FearPotion","Energy Potion","PrismaticShard","Omamori"],"campfire_rested":6,"item_purchase_floors":[30,30,38,38],"current_hp_per_floor":[80,80,80,80,79,49,45,42,42,35,23,30,29,27,66,28,80,58,42,22,22,24,63,32,71,81,75,75,65,65,45,87,27,90,90,90,82,82,69,59,74,74,74,90,83,66,52,53,90,55],"gold":209,"neow_bonus":"THREE_CARDS","is_prod":false,"is_daily":false,"chose_seed":false,"campfire_upgraded":1,"win_rate":1,"timestamp":1570061304,"path_taken":["M","?","$","M","M","E","M","M","T","E","?","M","M","?","R","BOSS","M","?","M","?","M","R","E","R","T","E","?","M","$","M","R","BOSS","M","?","?","$","?","?","M","R","T","R","?","E","M","M","R","BOSS"],"build_version":"2019-07-17","purchased_purges":2,"victory":true,"max_hp_per_floor":[80,80,80,80,80,80,80,80,80,80,80,80,80,80,80,80,80,80,80,80,80,80,80,80,80,90,90,90,90,90,90,90,90,90,90,90,90,90,90,90,90,90,90,90,90,90,90,90,90,90],"card_choices":[{"not_picked":["Clash","Heavy Blade"],"picked":"Dropkick","floor":0},{"not_picked":["Warcry","Perfected Strike","Heavy Blade"],"picked":"SKIP","floor":1},{"not_picked":["Warcry","Thunderclap"],"picked":"Headbutt","floor":4},{"not_picked":["Dropkick","Rage"],"picked":"Iron Wave","floor":5},{"not_picked":["Searing Blow","Uppercut"],"picked":"Cleave","floor":6},{"not_picked":["Perfected Strike","Armaments","True Grit"],"picked":"SKIP","floor":7},{"not_picked":["Cleave","Pommel Strike","Warcry"],"picked":"SKIP","floor":8},{"not_picked":["Clothesline","Anger","Sword Boomerang"],"picked":"SKIP","floor":10},{"not_picked":["Flex","Dark Embrace","Thunderclap"],"picked":"SKIP","floor":12},{"not_picked":["Armaments","Anger","Cleave"],"picked":"SKIP","floor":13},{"not_picked":["Seeing Red","Second Wind"],"picked":"Shrug It Off","floor":14},{"not_picked":["Double Tap","Dark Embrace"],"picked":"Berserk","floor":16},{"not_picked":["Flex","Perfected Strike"],"picked":"Dual Wield","floor":17},{"not_picked":["Thunderclap","Rage"],"picked":"Power Through","floor":17},{"not_picked":["Armaments+1","Shrug It Off","Cleave+1"],"picked":"SKIP","floor":18},{"not_picked":["Headbutt","Carnage","Thunderclap"],"picked":"SKIP","floor":20},{"not_picked":["Pommel Strike","Clothesline+1"],"picked":"Reaper","floor":22},{"not_picked":["Warcry","Metallicize","Perfected Strike"],"picked":"SKIP","floor":24},{"not_picked":["Pummel","Body Slam"],"picked":"Heavy Blade+1","floor":27},{"not_picked":["Berserk","Clothesline","Shrug It Off"],"picked":"SKIP","floor":29},{"not_picked":["Iron Wave","Warcry","Thunderclap"],"picked":"SKIP","floor":31},{"not_picked":["Dark Embrace","Brutality"],"picked":"Demon Form","floor":33},{"not_picked":["Anger+1","Twin Strike","Flex"],"picked":"SKIP","floor":35},{"not_picked":["Anger","Pommel Strike"],"picked":"Battle Trance+1","floor":37},{"not_picked":["PiercingWail","Anger","Genetic Algorithm+1"],"picked":"SKIP","floor":39},{"not_picked":["Hologram+1","Beam Cell+1"],"picked":"Clothesline","floor":41},{"not_picked":["Thunderclap","Clothesline"],"picked":"Flame Barrier","floor":44},{"not_picked":["Poisoned Stab","Prepared"],"picked":"Flame Barrier+1","floor":46},{"not_picked":["Glass Knife","Ghostly Armor+1","Dodge and Roll"],"picked":"SKIP","floor":47},{"not_picked":["Fusion","Infernal Blade","Anger"],"picked":"SKIP","floor":48}],"player_experience":123745,"relics_obtained":[{"floor":6,"key":"PreservedInsect"},{"floor":9,"key":"Letter Opener"},{"floor":10,"key":"Regal Pillow"},{"floor":14,"key":"Odd Mushroom"},{"floor":19,"key":"Nilry\u0027s Codex"},{"floor":24,"key":"Matryoshka"},{"floor":26,"key":"Pear"},{"floor":26,"key":"Mercury Hourglass"},{"floor":27,"key":"Vajra"},{"floor":43,"key":"Dream Catcher"},{"floor":43,"key":"Gremlin Horn"},{"floor":45,"key":"Peace Pipe"},{"floor":46,"key":"Whetstone"}],"event_choices":[{"cards_removed":["Strike_R"],"damage_healed":0,"gold_gain":0,"player_choice":"Card Removal","damage_taken":0,"max_hp_gain":0,"max_hp_loss":0,"event_name":"The Cleric","floor":2,"gold_loss":50},{"damage_healed":0,"gold_gain":0,"player_choice":"Success","damage_taken":12,"relics_obtained":["Meat on the Bone"],"max_hp_gain":0,"max_hp_loss":0,"event_name":"Scrap Ooze","floor":11,"gold_loss":0},{"damage_healed":0,"gold_gain":0,"player_choice":"Fought Mushrooms","damage_taken":0,"max_hp_gain":0,"max_hp_loss":0,"event_name":"Mushrooms","floor":14,"gold_loss":0},{"damage_healed":0,"gold_gain":0,"player_choice":"Obtained Book","damage_taken":16,"max_hp_gain":0,"max_hp_loss":0,"event_name":"Cursed Tome","floor":19,"gold_loss":0},{"damage_healed":0,"gold_gain":0,"player_choice":"Obtained Relic","damage_taken":0,"relics_obtained":["Bronze Scales"],"max_hp_gain":0,"max_hp_loss":0,"event_name":"Addict","floor":21,"gold_loss":85},{"damage_healed":0,"gold_gain":0,"player_choice":"Read","damage_taken":0,"max_hp_gain":0,"max_hp_loss":0,"event_name":"The Library","floor":28,"gold_loss":0,"cards_obtained":["Inflame"]},{"damage_healed":0,"gold_gain":100,"player_choice":"Pray","damage_taken":0,"max_hp_gain":0,"max_hp_loss":0,"event_name":"Golden Shrine","floor":36,"gold_loss":0},{"damage_healed":0,"gold_gain":0,"player_choice":"Memory 3","damage_taken":10,"max_hp_gain":0,"max_hp_loss":0,"event_name":"SensoryStone","floor":40,"gold_loss":0},{"damage_healed":0,"gold_gain":0,"player_choice":"Fight","damage_taken":0,"max_hp_gain":0,"max_hp_loss":0,"event_name":"MindBloom","floor":45,"gold_loss":0}],"is_beta":false,"boss_relics":[{"not_picked":["Empty Cage","Calling Bell"],"picked":"Orrery"},{"not_picked":["Fusion Hammer","Pandora\u0027s Box"],"picked":"Snecko Eye"}],"items_purged_floors":[30,38],"is_endless":false,"potions_floor_spawned":[4,8,12,13,16,24,27,31,33,37,45,47],"ascension_level":2}