{"gold_per_floor":[18,18,30,44,60,94,94,129,129,129,143,160,170,200,200,297,297,278,48,63,79,97,97,122,122,168,194,224,237,237,272,272,272],"floor_reached":33,"playtime":1907,"items_purged":[],"score":560,"play_id":"a928253b-e138-45be-8ffa-58f61f28ed88","local_time":"20190925070029","is_ascension_mode":true,"campfire_choices":[{"floor":7.0,"key":"REST"},{"data":"Tactician","floor":10.0,"key":"SMITH"},{"floor":15.0,"key":"REST"},{"floor":23.0,"key":"REST"},{"floor":25,"key":"REST"},{"floor":30,"key":"REST"},{"floor":32,"key":"REST"}],"neow_cost":"NO_GOLD","seed_source_timestamp":3757439786228400,"circlet_count":0,"master_deck":["AscendersBane","Strike_G","Strike_G","Strike_G","Strike_G","Strike_G","Defend_G","Defend_G","Defend_G","Defend_G","Defend_G","Survivor","Neutralize+1","Flying Knee","Doppelganger+1","Blade Dance","Flying Knee","Tactician+1","Escape Plan+1","Poisoned Stab","Deadly Poison","Infinite Blades","Dagger Throw","Adrenaline","Endless Agony+1","Noxious Fumes","Poisoned Stab","Deflect","Infinite Blades","All Out Attack","Writhe","Infinite Blades","Writhe","Flying Knee+1","Cloak And Dagger"],"special_seed":0,"relics":["Ring of the Snake","Torii","Happy Flower","Orichalcum","Bottled Lightning","Pear","Cursed Key","Vajra","War Paint","Potion Belt","Strawberry","Tiny Chest","Regal Pillow"],"potions_floor_usage":[24],"damage_taken":[{"damage":0.0,"enemies":"Small Slimes","floor":1.0,"turns":3.0},{"damage":0.0,"enemies":"Cultist","floor":3.0,"turns":4.0},{"damage":0.0,"enemies":"2 Louse","floor":4.0,"turns":5.0},{"damage":0.0,"enemies":"2 Fungi Beasts","floor":5.0,"turns":4.0},{"damage":21.0,"enemies":"Gremlin Nob","floor":6.0,"turns":4.0},{"damage":5.0,"enemies":"3 Sentries","floor":8.0,"turns":10.0},{"damage":8.0,"enemies":"Blue Slaver","floor":11.0,"turns":5.0},{"damage":9.0,"enemies":"Exordium Thugs","floor":12.0,"turns":6.0},{"damage":0.0,"enemies":"2 Fungi Beasts","floor":13.0,"turns":3.0},{"damage":17.0,"enemies":"Lagavulin","floor":14.0,"turns":5.0},{"damage":11.0,"enemies":"Hexaghost","floor":16.0,"turns":9.0},{"damage":17.0,"enemies":"2 Thieves","floor":18.0,"turns":4.0},{"damage":1.0,"enemies":"Shell Parasite","floor":20.0,"turns":4.0},{"damage":21.0,"enemies":"Centurion and Healer","floor":21.0,"turns":5.0},{"damage":9.0,"enemies":"Cultist and Chosen","floor":22.0,"turns":6.0},{"damage":15,"enemies":"Gremlin Leader","floor":24,"turns":5},{"damage":44,"enemies":"Slavers","floor":27,"turns":6},{"damage":16,"enemies":"Snecko","floor":29,"turns":5},{"damage":29,"enemies":"Gremlin Leader","floor":31,"turns":7},{"damage":44,"enemies":"Champ","floor":33,"turns":6}],"seed_played":"657810537243196087","potions_obtained":[{"floor":4.0,"key":"SkillPotion"},{"floor":5.0,"key":"Weak Potion"},{"floor":6.0,"key":"Dexterity Potion"},{"floor":8.0,"key":"AttackPotion"},{"floor":14.0,"key":"Strength Potion"},{"floor":18.0,"key":"FearPotion"},{"floor":21.0,"key":"Swift Potion"}],"is_trial":false,"path_per_floor":["M","?","M","M","M","E","R","E","T","R","M","M","M","E","R","B",null,"M","$","M","M","M","R","E","R","T","E","?","M","R","E","R","B"],"character_chosen":"THE_SILENT","items_purchased":["Vajra","Noxious Fumes"],"campfire_rested":6,"item_purchase_floors":[19,19],"current_hp_per_floor":[63,63,63,63,63,42,63,58,58,58,50,41,41,34,58,47,72,55,55,54,33,24,48,33,57,57,20,20,4,30,1,42,0],"gold":272,"neow_bonus":"ONE_RARE_RELIC","is_prod":false,"is_daily":false,"chose_seed":false,"campfire_upgraded":1,"win_rate":0,"timestamp":1569387629,"path_taken":["M","?","M","M","M","E","R","E","T","R","M","?","M","E","R","BOSS","M","$","M","M","M","R","E","R","T","E","?","M","R","E","R","BOSS"],"build_version":"2019-07-17","purchased_purges":0,"victory":false,"max_hp_per_floor":[70,70,70,70,70,70,70,70,70,70,70,70,70,80,80,80,80,80,80,80,80,80,80,80,80,80,87,87,87,87,87,87,87],"card_choices":[{"not_picked":["Sucker Punch","Accuracy"],"picked":"Flying Knee","floor":1.0},{"not_picked":["Sucker Punch","Backflip"],"picked":"Doppelganger","floor":3.0},{"not_picked":["Acrobatics","Calculated Gamble"],"picked":"Blade Dance","floor":4.0},{"not_picked":["Blade Dance","Acrobatics"],"picked":"Flying Knee","floor":5.0},{"not_picked":["Slice","Acrobatics"],"picked":"Tactician","floor":6.0},{"not_picked":["Blade Dance","Storm of Steel"],"picked":"Escape Plan","floor":8.0},{"not_picked":["Backflip","Outmaneuver"],"picked":"Poisoned Stab","floor":11.0},{"not_picked":["Calculated Gamble","Quick Slash"],"picked":"Deadly Poison","floor":12.0},{"not_picked":["Blade Dance","Outmaneuver"],"picked":"Infinite Blades","floor":13.0},{"not_picked":["Burst","Poisoned Stab"],"picked":"Dagger Throw","floor":14.0},{"not_picked":["Phantasmal Killer","Bullet Time"],"picked":"Adrenaline","floor":16.0},{"not_picked":["Outmaneuver","Backflip"],"picked":"Endless Agony+1","floor":18.0},{"not_picked":["Endless Agony","Setup"],"picked":"Poisoned Stab","floor":20.0},{"not_picked":["Quick Slash","Bouncing Flask+1"],"picked":"Deflect","floor":21.0},{"not_picked":["Quick Slash","Catalyst"],"picked":"Infinite Blades","floor":22.0},{"not_picked":["Riddle With Holes+1","Glass Knife"],"picked":"All Out Attack","floor":24},{"not_picked":["Expertise","Dagger Throw"],"picked":"Infinite Blades","floor":27},{"not_picked":["Slice+1","Dagger Spray"],"picked":"Flying Knee+1","floor":29},{"not_picked":["Prepared","Distraction"],"picked":"Cloak And Dagger","floor":31}],"player_experience":329301,"relics_obtained":[{"floor":6.0,"key":"Happy Flower"},{"floor":8.0,"key":"Orichalcum"},{"floor":9.0,"key":"Bottled Lightning"},{"floor":14.0,"key":"Pear"},{"floor":24,"key":"War Paint"},{"floor":26,"key":"Potion Belt"},{"floor":27,"key":"Strawberry"},{"floor":31,"key":"Regal Pillow"}],"event_choices":[{"damage_healed":0.0,"max_hp_gain":0.0,"max_hp_loss":0.0,"gold_gain":0.0,"event_name":"Upgrade Shrine","player_choice":"Upgraded","floor":2.0,"gold_loss":0.0,"damage_taken":0.0,"cards_upgraded":["Neutralize"]},{"damage_healed":0,"gold_gain":0,"player_choice":"Opened","damage_taken":0,"relics_obtained":["Tiny Chest"],"max_hp_gain":0,"max_hp_loss":0,"event_name":"The Mausoleum","floor":28,"gold_loss":0,"cards_obtained":["Writhe"]}],"is_beta":false,"boss_relics":[{"not_picked":["Runic Pyramid","Eternal Feather"],"picked":"Cursed Key"}],"items_purged_floors":[],"is_endless":false,"potions_floor_spawned":[4,5,6,8,14,18,21],"killed_by":"Champ","ascension_level":11}