{"gold_per_floor":[11,22,22,41,58,58,87,87,87,97,113,146,14,45,45,149,149,164,178,178,196,214,214],"floor_reached":23,"playtime":1227,"items_purged":[],"score":247,"play_id":"245922c9-915b-4d5b-82e3-8aa32738c7d3","local_time":"20190914231548","is_ascension_mode":true,"campfire_choices":[{"data":"Barricade","floor":6,"key":"SMITH"},{"floor":8,"key":"RECALL"},{"data":"Bandage Up","floor":15,"key":"SMITH"}],"neow_cost":"NO_GOLD","seed_source_timestamp":210715982993500,"circlet_count":0,"master_deck":["Strike_R","Strike_R","Defend_R","Defend_R","Defend_R","Defend_R","Bash","Flex","Reckless Charge","Power Through","Barricade+1","Metallicize+1","Pommel Strike","Feel No Pain+1","Shrug It Off","Bandage Up+1","Body Slam","Cleave","Impervious","Thunderclap+1","Seeing Red+1","Demon Form+1","Wild Strike","Sever Soul","Parasite","Ghostly Armor+1","Ghostly Armor+1"],"relics":["Burning Blood","Du-Vu Doll","Frozen Egg 2","Champion Belt","Pocketwatch","Strawberry","Astrolabe"],"potions_floor_usage":[3,5,5,7,7,12,12,14,16,16,22,23],"damage_taken":[{"damage":11,"enemies":"2 Louse","floor":1,"turns":2},{"damage":6,"enemies":"Cultist","floor":2,"turns":3},{"damage":0,"enemies":"Small Slimes","floor":4,"turns":2},{"damage":9,"enemies":"Blue Slaver","floor":5,"turns":3},{"damage":35,"enemies":"Lagavulin","floor":7,"turns":5},{"damage":29,"enemies":"Exordium Thugs","floor":10,"turns":6},{"damage":6,"enemies":"Exordium Wildlife","floor":11,"turns":6},{"damage":12,"enemies":"3 Sentries","floor":12,"turns":6},{"damage":13,"enemies":"Gremlin Nob","floor":14,"turns":4},{"damage":9,"enemies":"Hexaghost","floor":16,"turns":12},{"damage":17,"enemies":"Spheric Guardian","floor":18,"turns":8},{"damage":0,"enemies":"Chosen","floor":19,"turns":6},{"damage":54,"enemies":"Centurion and Healer","floor":21,"turns":7},{"damage":2,"enemies":"Shelled Parasite and Fungi","floor":22,"turns":7},{"damage":70,"enemies":"Gremlin Leader","floor":23,"turns":4}],"seed_played":"4241975319004311133","potions_obtained":[{"floor":3,"key":"EntropicBrew"},{"floor":3,"key":"Weak Potion"},{"floor":3,"key":"Fruit Juice"},{"floor":10,"key":"Energy Potion"},{"floor":11,"key":"Strength Potion"},{"floor":12,"key":"LiquidBronze"},{"floor":14,"key":"Regen Potion"},{"floor":16,"key":"Block Potion"},{"floor":18,"key":"GamblersBrew"},{"floor":21,"key":"Ancient Potion"},{"floor":22,"key":"Poison Potion"}],"is_trial":false,"path_per_floor":["M","M","?","M","M","R","E","R","T","M","M","E","$","E","R","B",null,"M","M","?","M","M","E"],"character_chosen":"IRONCLAD","items_purchased":["Bandage Up","Body Slam"],"campfire_rested":0,"item_purchase_floors":[13,13],"current_hp_per_floor":[75,75,80,85,82,82,62,62,62,39,39,33,33,37,37,55,92,87,92,92,50,60,0],"gold":214,"neow_bonus":"ONE_RARE_RELIC","is_prod":false,"is_daily":false,"chose_seed":false,"campfire_upgraded":2,"win_rate":0,"timestamp":1568495748,"path_taken":["M","M","?","M","M","R","E","R","T","?","M","E","?","E","R","BOSS","M","M","?","?","?","E"],"build_version":"2019-07-17","purchased_purges":0,"victory":false,"max_hp_per_floor":[80,80,85,85,85,85,85,85,85,85,85,85,85,92,92,92,92,92,92,92,92,92,92],"card_choices":[{"not_picked":["Thunderclap","Anger"],"picked":"Flex","floor":1},{"not_picked":["True Grit","Iron Wave"],"picked":"Reckless Charge","floor":2},{"not_picked":["Anger","Clash"],"picked":"Power Through","floor":4},{"not_picked":["Shrug It Off","Whirlwind"],"picked":"Barricade","floor":5},{"not_picked":["Dual Wield","Sword Boomerang"],"picked":"Metallicize","floor":7},{"not_picked":["Clothesline","Intimidate"],"picked":"Pommel Strike","floor":10},{"not_picked":["Rupture+1","Cleave"],"picked":"Feel No Pain+1","floor":11},{"not_picked":["Feed","Shockwave"],"picked":"Shrug It Off","floor":12},{"not_picked":["Carnage","Uppercut"],"picked":"Cleave","floor":14},{"not_picked":["Bludgeon","Immolate"],"picked":"Impervious","floor":16},{"not_picked":["Twin Strike","Clothesline"],"picked":"Wild Strike","floor":18},{"not_picked":["Blood for Blood","Anger+1"],"picked":"Sever Soul","floor":19},{"not_picked":["Searing Blow","Flame Barrier"],"picked":"Ghostly Armor+1","floor":21},{"not_picked":["Pummel","Burning Pact"],"picked":"Ghostly Armor+1","floor":22}],"player_experience":250892,"relics_obtained":[{"floor":7,"key":"Frozen Egg 2"},{"floor":9,"key":"Champion Belt"},{"floor":12,"key":"Pocketwatch"},{"floor":14,"key":"Strawberry"}],"event_choices":[{"damage_healed":0,"gold_gain":0,"player_choice":"Got Potions","damage_taken":0,"max_hp_gain":0,"max_hp_loss":0,"event_name":"Lab","floor":3,"gold_loss":0},{"damage_healed":0,"gold_gain":0,"player_choice":"1 cards matched","damage_taken":0,"max_hp_gain":0,"max_hp_loss":0,"event_name":"Match and Keep!","floor":20,"gold_loss":0,"cards_obtained":["Parasite"]}],"is_beta":false,"boss_relics":[{"not_picked":["Runic Pyramid","Black Blood"],"picked":"Astrolabe"}],"items_purged_floors":[],"is_endless":false,"potions_floor_spawned":[10,11,12,14,16,18,21,22],"killed_by":"Gremlin Leader","ascension_level":3}