{"gold_per_floor":[119,119,149,162,212,212,232,265,265,285,91,91,125,142,142,218,218,231,250,265,283,295,324,340,340,410,9,36,36,36,36,36,36],"floor_reached":33,"playtime":2052,"items_purged":[],"score":535,"play_id":"f65fdc59-a04b-44a6-952a-075c6dedac32","local_time":"20190929211146","is_ascension_mode":true,"campfire_choices":[{"data":"Deep Breath","floor":6.0,"key":"SMITH"},{"floor":12.0,"key":"REST"},{"data":"Streamline","floor":15.0,"key":"SMITH"},{"floor":25,"key":"REST"},{"floor":29,"key":"REST"},{"data":"Go for the Eyes","floor":32,"key":"SMITH"}],"neow_cost":"TEN_PERCENT_HP_LOSS","seed_source_timestamp":82258646507100,"circlet_count":0,"master_deck":["AscendersBane","Strike_B","Strike_B+1","Strike_B","Strike_B+1","Defend_B","Defend_B","Defend_B","Defend_B","Zap","Dualcast","Good Instincts","Deep Breath+1","Leap","Streamline+1","Leap","Coolheaded","Cold Snap","Go for the Eyes+1","Cold Snap","White Noise","Buffer+1","Streamline+1","Coolheaded","Chill","Thunder Strike","Double Energy","Auto Shields","Sweeping Beam","Gash","Stack"],"special_seed":0,"relics":["Cracked Core","Tiny Chest","Symbiotic Virus","Kunai","DataDisk","Thread and Needle","Lizard Tail","Matryoshka","Meat on the Bone","Dodecahedron","Mango","Dream Catcher"],"potions_floor_usage":[23,23,33],"damage_taken":[{"damage":0.0,"enemies":"2 Louse","floor":1.0,"turns":1.0},{"damage":2.0,"enemies":"Jaw Worm","floor":4.0,"turns":4.0},{"damage":0.0,"enemies":"Small Slimes","floor":7.0,"turns":2.0},{"damage":19.0,"enemies":"Lagavulin","floor":8.0,"turns":8.0},{"damage":13.0,"enemies":"Gremlin Gang","floor":10.0,"turns":5.0},{"damage":3.0,"enemies":"Gremlin Nob","floor":13.0,"turns":4.0},{"damage":0.0,"enemies":"Red Slaver","floor":14.0,"turns":3.0},{"damage":1.0,"enemies":"Hexaghost","floor":16.0,"turns":12.0},{"damage":0.0,"enemies":"Chosen","floor":18.0,"turns":4.0},{"damage":5.0,"enemies":"3 Byrds","floor":19.0,"turns":4.0},{"damage":0.0,"enemies":"Snecko","floor":20.0,"turns":6.0},{"damage":0.0,"enemies":"Shelled Parasite and Fungi","floor":21.0,"turns":9.0},{"damage":14.0,"enemies":"Centurion and Healer","floor":22.0,"turns":11.0},{"damage":70,"enemies":"Gremlin Leader","floor":23,"turns":10},{"damage":3,"enemies":"Snecko","floor":24,"turns":5},{"damage":36,"enemies":"Book of Stabbing","floor":28,"turns":10},{"damage":43,"enemies":"Champ","floor":33,"turns":18}],"seed_played":"5251849803839254296","potions_obtained":[{"floor":7.0,"key":"SpeedPotion"},{"floor":14.0,"key":"Energy Potion"},{"floor":16.0,"key":"EssenceOfSteel"},{"floor":22.0,"key":"Poison Potion"}],"is_trial":false,"path_per_floor":["M","?","?","M","?","R","M","E","T","M","$","R","E","M","R","B",null,"M","M","M","M","M","E","M","R","T","$","E","R","$","?","R","B"],"character_chosen":"DEFECT","items_purchased":["DataDisk","Go for the Eyes","Mango","PowerPotion"],"campfire_rested":3,"item_purchase_floors":[11,11,27,27],"current_hp_per_floor":[64,45,40,38,38,38,38,19,19,6,6,25,22,22,22,21,53,53,48,48,48,34,8,5,24,24,38,14,37,37,37,37,0],"gold":36,"neow_bonus":"RANDOM_COLORLESS_2","is_prod":false,"is_daily":false,"chose_seed":false,"campfire_upgraded":3,"win_rate":0,"timestamp":1569784306,"path_taken":["M","?","?","M","?","R","M","E","T","?","?","R","E","M","R","BOSS","M","M","M","M","M","E","M","R","T","$","E","R","?","?","R","BOSS"],"build_version":"2019-07-17","purchased_purges":0,"victory":false,"max_hp_per_floor":[64,64,64,64,64,64,64,64,64,64,64,64,64,64,64,64,64,64,64,64,64,64,64,64,64,64,78,78,78,78,78,78,78],"card_choices":[{"not_picked":["Compile Driver","Beam Cell"],"picked":"Leap","floor":1.0},{"not_picked":["Undo","Recycle"],"picked":"Streamline","floor":4.0},{"not_picked":["Steam","Sweeping Beam"],"picked":"Leap","floor":7.0},{"not_picked":["Sweeping Beam","Storm"],"picked":"Coolheaded","floor":8.0},{"not_picked":["Gash","Ball Lightning"],"picked":"Cold Snap","floor":10.0},{"not_picked":["Double Energy","Streamline"],"picked":"Cold Snap","floor":13.0},{"not_picked":["Stack","Meteor Strike"],"picked":"White Noise","floor":14.0},{"not_picked":["Biased Cognition","Rainbow"],"picked":"Buffer","floor":16.0},{"not_picked":["Force Field","Beam Cell"],"picked":"Streamline+1","floor":18.0},{"not_picked":["Turbo","Beam Cell"],"picked":"Coolheaded","floor":19.0},{"not_picked":["Coolheaded","Storm"],"picked":"Chill","floor":20.0},{"not_picked":["Go for the Eyes","FTL+1"],"picked":"Thunder Strike","floor":21.0},{"not_picked":["Turbo+1","Streamline"],"picked":"Double Energy","floor":22.0},{"not_picked":["Steam Power","Redo"],"picked":"Auto Shields","floor":23},{"not_picked":["Steam","Turbo"],"picked":"Sweeping Beam","floor":24},{"not_picked":["Sunder","Recycle"],"picked":"Gash","floor":28},{"not_picked":["Rebound+1","Leap"],"picked":"Stack","floor":29}],"player_experience":386997,"relics_obtained":[{"floor":8.0,"key":"Symbiotic Virus"},{"floor":9.0,"key":"Kunai"},{"floor":13.0,"key":"Thread and Needle"},{"floor":23,"key":"Matryoshka"},{"floor":26,"key":"Meat on the Bone"},{"floor":26,"key":"Dodecahedron"},{"floor":28,"key":"Dream Catcher"}],"event_choices":[{"damage_healed":0.0,"max_hp_gain":0.0,"max_hp_loss":0.0,"gold_gain":0.0,"event_name":"Shining Light","player_choice":"Entered Light","floor":2.0,"gold_loss":0.0,"damage_taken":19.0,"cards_upgraded":["Strike_B","Strike_B"]},{"damage_healed":0.0,"max_hp_gain":0.0,"max_hp_loss":0.0,"gold_gain":0.0,"event_name":"Scrap Ooze","player_choice":"Success","floor":3.0,"gold_loss":0.0,"damage_taken":5.0,"relics_obtained":["Tiny Chest"]},{"damage_healed":0.0,"max_hp_gain":0.0,"max_hp_loss":0.0,"gold_gain":50.0,"event_name":"Golden Shrine","player_choice":"Pray","floor":5.0,"gold_loss":0.0,"damage_taken":0.0},{"damage_healed":0,"gold_gain":0,"player_choice":"Upgraded","damage_taken":0,"max_hp_gain":0,"max_hp_loss":0,"event_name":"Upgrade Shrine","floor":31,"gold_loss":0,"cards_upgraded":["Buffer"]}],"is_beta":false,"boss_relics":[{"not_picked":["White Beast Statue","Tiny House"],"picked":"Lizard Tail"}],"items_purged_floors":[],"is_endless":false,"potions_floor_spawned":[7,14,16,18,22],"killed_by":"Champ","ascension_level":16}