{"gold_per_floor":[117,135,85,100,115,115,149,161,173,196,208],"floor_reached":11,"playtime":633,"items_purged":[],"score":109,"play_id":"1f13300a-a536-425e-960e-2cea40d5837e","local_time":"20190922195220","is_ascension_mode":true,"campfire_choices":[{"floor":6.0,"key":"REST"}],"neow_cost":"PERCENT_DAMAGE","seed_source_timestamp":3546008487400300,"circlet_count":0,"master_deck":["Strike_G","Strike_G","Strike_G","Strike_G","Defend_G","Defend_G","Defend_G","Defend_G","Defend_G","Survivor","Neutralize","Finesse","Deep Breath","Deadly Poison","Outmaneuver","Bouncing Flask","Backflip","Deflect"],"special_seed":0,"relics":["Ring of the Snake","MawBank","Boot"],"potions_floor_usage":[7],"damage_taken":[{"damage":0.0,"enemies":"2 Louse","floor":1.0,"turns":3.0},{"damage":0.0,"enemies":"Small Slimes","floor":2.0,"turns":5.0},{"damage":0.0,"enemies":"Cultist","floor":4.0,"turns":4.0},{"damage":19.0,"enemies":"Lots of Slimes","floor":5.0,"turns":8.0},{"damage":23,"enemies":"Lagavulin","floor":7,"turns":6},{"damage":8,"enemies":"3 Louse","floor":10,"turns":5},{"damage":3,"enemies":"3 Sentries","floor":11,"turns":4}],"seed_played":"-813218574081045996","potions_obtained":[{"floor":1.0,"key":"Weak Potion"},{"floor":5.0,"key":"AttackPotion"}],"is_trial":false,"path_per_floor":["M","M","?","M","M","R","E","?","T","M","E"],"character_chosen":"THE_SILENT","items_purchased":[],"campfire_rested":1,"item_purchase_floors":[],"current_hp_per_floor":[45,45,45,45,26,47,24,24,24,16,13],"gold":208,"neow_bonus":"RANDOM_COLORLESS_2","is_prod":false,"is_daily":false,"chose_seed":false,"campfire_upgraded":0,"win_rate":0,"timestamp":1569174740,"path_taken":["M","M","?","M","M","R","E","?","T","M","E"],"build_version":"2019-07-17","purchased_purges":0,"victory":false,"max_hp_per_floor":[70,70,70,70,70,70,70,70,70,70,70],"card_choices":[{"not_picked":["PiercingWail","Prepared"],"picked":"Deadly Poison","floor":1.0},{"not_picked":["Skewer","Prepared"],"picked":"Outmaneuver","floor":2.0},{"not_picked":["Leg Sweep","Underhanded Strike"],"picked":"Bouncing Flask","floor":4.0},{"not_picked":["Blade Dance","Masterful Stab","Outmaneuver"],"picked":"SKIP","floor":5.0},{"not_picked":["Sucker Punch","Outmaneuver"],"picked":"Backflip","floor":7},{"not_picked":["Finisher","Sucker Punch"],"picked":"Deflect","floor":10}],"player_experience":308020,"relics_obtained":[{"floor":7,"key":"MawBank"},{"floor":9,"key":"Boot"}],"event_choices":[{"cards_removed":["Strike_G"],"damage_healed":0.0,"max_hp_gain":0.0,"max_hp_loss":0.0,"gold_gain":0.0,"event_name":"The Cleric","player_choice":"Card Removal","floor":3.0,"gold_loss":50.0,"damage_taken":0.0},{"damage_healed":0,"gold_gain":0,"player_choice":"Ignored","damage_taken":0,"max_hp_gain":0,"max_hp_loss":0,"event_name":"Golden Wing","floor":8,"gold_loss":0}],"is_beta":false,"boss_relics":[],"items_purged_floors":[],"is_endless":false,"potions_floor_spawned":[1,5],"killed_by":"3 Sentries","ascension_level":9}