{"gold_per_floor":[363,375,108,121,121,153,172,201,228,228,228,228,243,282,282,401,401,420,441,464,72,72,72,112,146,146,171,205,205,205,219,219,340,340,353,234,234,54,54,397,397,430,430,430,464,15,15,39,39,39],"floor_reached":51,"playtime":3173,"items_purged":["Strike_G","Strike_G"],"score":1234,"play_id":"f0bd5627-c87d-4dd9-8b25-2fc6176574ec","local_time":"20190924165336","is_ascension_mode":true,"campfire_choices":[{"data":"Neutralize","floor":11.0,"key":"SMITH"},{"data":"Footwork","floor":15.0,"key":"SMITH"},{"floor":23.0,"key":"REST"},{"floor":30.0,"key":"REST"},{"floor":32.0,"key":"REST"},{"data":"1","floor":44,"key":"LIFT"},{"data":"2","floor":47,"key":"LIFT"},{"floor":49,"key":"REST"}],"neow_cost":"TEN_PERCENT_HP_LOSS","seed_source_timestamp":0,"circlet_count":0,"master_deck":["AscendersBane","Strike_G","Strike_G","Strike_G","Defend_G","Defend_G","Defend_G","Defend_G","Defend_G","Survivor","Neutralize+1","Poisoned Stab","Backstab","All Out Attack","Bouncing Flask","Neutralize","Terror","Bouncing Flask","Die Die Die","Footwork+1","Quick Slash","Venomology","Deflect","PiercingWail","Crippling Poison+1","Bandage Up","Necronomicurse","Dash","PiercingWail+1","Deflect","Predator","Noxious Fumes+1","Noxious Fumes+1","Outmaneuver","Poisoned Stab","Distraction+1","Corpse Explosion","Dagger Spray+1","Dramatic Entrance","Jack Of All Trades","Well Laid Plans+1","Poisoned Stab+1","Predator","Flying Knee+1","Outmaneuver"],"special_seed":0,"relics":["Ring of the Snake","TwistedFunnel","Ginger","Ancient Tea Set","Strawberry","Orichalcum","Golden Idol","The Courier","Velvet Choker","Frozen Egg 2","Dream Catcher","Necronomicon","Girya","Red Mask","Paper Crane","Art of War","Black Star","Vajra","Oddly Smooth Stone","Old Coin","Omamori","Prayer Wheel","Blood Vial","PreservedInsect","Pen Nib","Letter Opener","The Specimen","Regal Pillow"],"potions_floor_usage":[40,40,45,50,50,50,50],"damage_taken":[{"damage":0.0,"enemies":"Jaw Worm","floor":1.0,"turns":5.0},{"damage":4.0,"enemies":"Cultist","floor":2.0,"turns":5.0},{"damage":0.0,"enemies":"2 Louse","floor":4.0,"turns":2.0},{"damage":1.0,"enemies":"3 Sentries","floor":6.0,"turns":7.0},{"damage":0.0,"enemies":"Blue Slaver","floor":7.0,"turns":2.0},{"damage":4.0,"enemies":"Gremlin Nob","floor":8.0,"turns":3.0},{"damage":3.0,"enemies":"Large Slime","floor":13.0,"turns":3.0},{"damage":6.0,"enemies":"3 Sentries","floor":14.0,"turns":4.0},{"damage":26.0,"enemies":"Slime Boss","floor":16.0,"turns":10.0},{"damage":12.0,"enemies":"2 Thieves","floor":18.0,"turns":4.0},{"damage":0.0,"enemies":"3 Byrds","floor":19.0,"turns":3.0},{"damage":14.0,"enemies":"3 Cultists","floor":20.0,"turns":5.0},{"damage":10.0,"enemies":"Book of Stabbing","floor":24.0,"turns":4.0},{"damage":3.0,"enemies":"Masked Bandits","floor":25.0,"turns":3.0},{"damage":0.0,"enemies":"Cultist and Chosen","floor":27.0,"turns":4.0},{"damage":15.0,"enemies":"Gremlin Leader","floor":28.0,"turns":7.0},{"damage":21.0,"enemies":"Centurion and Healer","floor":31.0,"turns":5.0},{"damage":37.0,"enemies":"Collector","floor":33.0,"turns":9.0},{"damage":0.0,"enemies":"3 Shapes","floor":35.0,"turns":3.0},{"damage":39,"enemies":"Giant Head","floor":40,"turns":9},{"damage":14,"enemies":"Reptomancer","floor":42,"turns":7},{"damage":17,"enemies":"Nemesis","floor":45,"turns":5},{"damage":0,"enemies":"Orb Walker","floor":48,"turns":2},{"damage":37,"enemies":"Awakened One","floor":50,"turns":12}],"seed_played":"7648610087235039505","potions_obtained":[{"floor":4.0,"key":"EssenceOfSteel"},{"floor":6.0,"key":"Swift Potion"},{"floor":7.0,"key":"Block Potion"},{"floor":13.0,"key":"Weak Potion"},{"floor":24.0,"key":"Weak Potion"},{"floor":25.0,"key":"AttackPotion"},{"floor":27.0,"key":"SpeedPotion"},{"floor":31.0,"key":"Swift Potion"},{"floor":33.0,"key":"EssenceOfSteel"}],"is_trial":false,"path_per_floor":["M","M","$","M","?","E","M","E","T","?","R","?","M","E","R","B",null,"M","M","M","$","?","R","E","?","T","M","E","?","R","M","R","B",null,"M","$","?","$","?","E","?","E","T","R","E","$","R","M","R","B",null],"character_chosen":"THE_SILENT","items_purchased":["TwistedFunnel","Frozen Egg 2","Dream Catcher","Bandage Up","Vajra","Oddly Smooth Stone","Well Laid Plans+1","The Specimen","Regal Pillow"],"campfire_rested":4,"item_purchase_floors":[3,21,21,21,36,38,38,46,46],"current_hp_per_floor":[63,59,59,59,59,58,58,54,61,54,54,37,34,28,28,2,53,41,41,27,27,11,32,26,27,27,31,20,20,41,20,41,8,55,55,55,50,50,50,15,66,56,56,56,41,41,41,43,66,33],"gold":39,"neow_bonus":"TWO_FIFTY_GOLD","is_prod":false,"is_daily":false,"chose_seed":false,"campfire_upgraded":2,"win_rate":0,"timestamp":1569336816,"path_taken":["M","M","$","M","?","E","?","E","T","?","R","?","M","E","R","BOSS","M","M","M","$","?","R","E","?","T","M","E","?","R","M","R","BOSS","M","$","?","$","?","E","?","E","T","R","E","?","R","M","R","BOSS"],"build_version":"2019-07-17","purchased_purges":2,"victory":true,"max_hp_per_floor":[63,63,63,63,63,63,63,63,70,70,70,70,70,70,70,70,70,70,70,70,70,70,70,70,70,70,70,70,70,70,70,70,70,70,70,70,70,70,66,66,66,66,66,66,66,66,66,66,66,66],"card_choices":[{"not_picked":["Deflect","Blur"],"picked":"Poisoned Stab","floor":1.0},{"not_picked":["PiercingWail","Bane"],"picked":"Backstab","floor":2.0},{"not_picked":["Caltrops","Slice"],"picked":"All Out Attack","floor":4.0},{"not_picked":["Setup","Slice"],"picked":"Terror","floor":6.0},{"not_picked":["Prepared","Blur"],"picked":"Bouncing Flask","floor":7.0},{"not_picked":["Expertise","Accuracy"],"picked":"Die Die Die","floor":8.0},{"not_picked":["Poisoned Stab","Cloak And Dagger"],"picked":"Footwork","floor":13.0},{"not_picked":["Setup","Acrobatics"],"picked":"Quick Slash","floor":14.0},{"not_picked":["Tools of the Trade","Wraith Form v2"],"picked":"Venomology","floor":16.0},{"not_picked":["Underhanded Strike","Expertise"],"picked":"Deflect","floor":18.0},{"not_picked":["Dagger Throw","Catalyst"],"picked":"PiercingWail","floor":19.0},{"not_picked":["Underhanded Strike","Backstab"],"picked":"Crippling Poison+1","floor":20.0},{"not_picked":["Quick Slash","Poisoned Stab"],"picked":"Dash","floor":23.0},{"not_picked":["Heel Hook","Reflex"],"picked":"PiercingWail+1","floor":24.0},{"not_picked":["Terror","Grand Finale"],"picked":"Deflect","floor":25.0},{"not_picked":["All Out Attack","Blade Dance"],"picked":"Predator","floor":27.0},{"not_picked":["Tactician","Burst"],"picked":"Noxious Fumes+1","floor":28.0},{"not_picked":["Accuracy+1","Cloak And Dagger+1"],"picked":"Outmaneuver","floor":30.0},{"not_picked":["Prepared","Reflex+1"],"picked":"Poisoned Stab","floor":31.0},{"not_picked":["Dash","Riddle With Holes"],"picked":"Distraction+1","floor":32.0},{"not_picked":["Envenom+1","Doppelganger"],"picked":"Corpse Explosion","floor":33.0},{"not_picked":["Endless Agony","Acrobatics+1"],"picked":"Dagger Spray+1","floor":35.0},{"not_picked":["Jack Of All Trades","Enlightenment"],"picked":"Dramatic Entrance","floor":37.0},{"not_picked":["Forethought","Swift Strike"],"picked":"Jack Of All Trades","floor":37.0},{"not_picked":["Backflip+1","Burst"],"picked":"Poisoned Stab+1","floor":40},{"not_picked":["Slice","Flechettes+1"],"picked":"Predator","floor":42},{"not_picked":["Blade Dance+1","Endless Agony","Escape Plan+1"],"picked":"SKIP","floor":45},{"not_picked":["Well Laid Plans+1","Underhanded Strike"],"picked":"Flying Knee+1","floor":48},{"not_picked":["Acrobatics+1","Blade Dance","Flechettes+1"],"picked":"SKIP","floor":48},{"not_picked":["Concentrate+1","Distraction"],"picked":"Outmaneuver","floor":49}],"player_experience":324443,"relics_obtained":[{"floor":6.0,"key":"Ginger"},{"floor":8.0,"key":"Ancient Tea Set"},{"floor":9.0,"key":"Strawberry"},{"floor":14.0,"key":"The Courier"},{"floor":22.0,"key":"Necronomicon"},{"floor":24.0,"key":"Girya"},{"floor":25.0,"key":"Red Mask"},{"floor":26.0,"key":"Paper Crane"},{"floor":28.0,"key":"Art of War"},{"floor":40,"key":"Old Coin"},{"floor":40,"key":"Omamori"},{"floor":42,"key":"Prayer Wheel"},{"floor":42,"key":"Blood Vial"},{"floor":43,"key":"PreservedInsect"},{"floor":45,"key":"Pen Nib"},{"floor":45,"key":"Letter Opener"}],"event_choices":[{"damage_healed":0.0,"max_hp_gain":0.0,"max_hp_loss":0.0,"gold_gain":0.0,"event_name":"Match and Keep!","player_choice":"2 cards matched","floor":5.0,"gold_loss":0.0,"damage_taken":0.0,"cards_obtained":["Bouncing Flask","Neutralize"]},{"damage_healed":0.0,"max_hp_gain":0.0,"max_hp_loss":0.0,"gold_gain":0.0,"event_name":"Scrap Ooze","player_choice":"Success","floor":10.0,"gold_loss":0.0,"damage_taken":7.0,"relics_obtained":["Orichalcum"]},{"damage_healed":0.0,"max_hp_gain":0.0,"max_hp_loss":0.0,"gold_gain":0.0,"event_name":"Golden Idol","player_choice":"Take Damage","floor":12.0,"gold_loss":0.0,"damage_taken":17.0,"relics_obtained":["Golden Idol"]},{"damage_healed":0.0,"max_hp_gain":0.0,"max_hp_loss":0.0,"gold_gain":0.0,"event_name":"Cursed Tome","player_choice":"Obtained Book","floor":22.0,"gold_loss":0.0,"damage_taken":16.0},{"damage_healed":0.0,"max_hp_gain":0.0,"max_hp_loss":0.0,"gold_gain":0.0,"event_name":"Masked Bandits","player_choice":"Fought Bandits","floor":25.0,"gold_loss":0.0,"damage_taken":0.0},{"damage_healed":0.0,"max_hp_gain":0.0,"max_hp_loss":0.0,"gold_gain":0.0,"event_name":"The Library","player_choice":"Read","floor":29.0,"gold_loss":0.0,"damage_taken":0.0,"cards_obtained":["Noxious Fumes"]},{"damage_healed":0.0,"max_hp_gain":0.0,"max_hp_loss":0.0,"gold_gain":0.0,"event_name":"SensoryStone","player_choice":"Memory 2","floor":37.0,"gold_loss":0.0,"damage_taken":5.0},{"damage_healed":0.0,"max_hp_gain":0.0,"max_hp_loss":4.0,"gold_gain":0.0,"event_name":"Winding Halls","player_choice":"Max HP","floor":39.0,"gold_loss":0.0,"damage_taken":0.0},{"damage_healed":51,"gold_gain":0,"player_choice":"Heal","damage_taken":0,"max_hp_gain":0,"max_hp_loss":0,"event_name":"MindBloom","floor":41,"gold_loss":0,"cards_obtained":["Doubt"]}],"is_beta":false,"boss_relics":[{"not_picked":["Tiny House","Orrery"],"picked":"Velvet Choker"},{"not_picked":["Coffee Dripper","WristBlade"],"picked":"Black Star"}],"items_purged_floors":[3,46],"is_endless":false,"potions_floor_spawned":[4,6,7,13,24,25,27,31,33,35],"ascension_level":10}