{"gold_per_floor":[111,124,124,199,222,256,256,276,276,276,310,330,368,30,30,159,159,180,105,55,55],"floor_reached":21,"playtime":1556,"items_purged":["Injury","Regret"],"score":246,"play_id":"637fa861-8797-4860-9154-ef961059ce7f","local_time":"20190911072506","is_ascension_mode":true,"campfire_choices":[{"floor":7,"key":"REST"},{"data":"Flame Barrier","floor":10,"key":"SMITH"},{"floor":15,"key":"REST"}],"neow_cost":"NONE","seed_source_timestamp":2549992280302500,"circlet_count":0,"master_deck":["Strike_R","Strike_R","Strike_R","Strike_R","Strike_R","Defend_R","Defend_R","Defend_R+1","Defend_R","Bash","Impatience+1","Flame Barrier+1","Iron Wave","Seeing Red","Shockwave","Intimidate+1","Dual Wield+1","Metallicize","Magnetism","Shrug It Off+1","Double Tap+1","Clumsy","Parasite","Fire Breathing","Thunderclap+1"],"relics":["Burning Blood","Golden Idol","War Paint","Orichalcum","Toxic Egg 2","Red Skull","Membership Card","Calling Bell","Bag of Marbles","Question Card","WingedGreaves"],"potions_floor_usage":[13,13,16,16],"damage_taken":[{"damage":11,"enemies":"Jaw Worm","floor":1,"turns":4},{"damage":2,"enemies":"2 Louse","floor":2,"turns":4},{"damage":6,"enemies":"Cultist","floor":5,"turns":4},{"damage":40,"enemies":"3 Sentries","floor":6,"turns":13},{"damage":5,"enemies":"Red Slaver","floor":8,"turns":4},{"damage":20,"enemies":"Gremlin Nob","floor":11,"turns":6},{"damage":0,"enemies":"Lots of Slimes","floor":12,"turns":4},{"damage":26,"enemies":"Lagavulin","floor":13,"turns":11},{"damage":29,"enemies":"Hexaghost","floor":16,"turns":13},{"damage":9,"enemies":"3 Byrds","floor":18,"turns":8},{"damage":23,"enemies":"2 Thieves","floor":19,"turns":5},{"damage":66,"enemies":"Chosen and Byrds","floor":21,"turns":8}],"seed_played":"-2344326676859592389","potions_obtained":[{"floor":1,"key":"Ancient Potion"},{"floor":6,"key":"Dexterity Potion"},{"floor":11,"key":"Strength Potion"},{"floor":13,"key":"Weak Potion"},{"floor":18,"key":"Strength Potion"}],"is_trial":false,"path_per_floor":["M","M","?","?","M","E","R","M","T","R","E","M","E","$","R","B",null,"M","M","$","M"],"character_chosen":"IRONCLAD","items_purchased":["Membership Card","Magnetism","Shrug It Off+1"],"campfire_rested":2,"item_purchase_floors":[14,14,14],"current_hp_per_floor":[75,79,79,68,68,34,58,59,59,59,45,51,31,31,55,32,68,65,48,48,0],"gold":55,"neow_bonus":"RANDOM_COLORLESS","is_prod":false,"is_daily":false,"chose_seed":false,"campfire_upgraded":1,"win_rate":0,"timestamp":1568179506,"path_taken":["M","M","?","?","M","E","R","M","T","R","E","M","E","$","R","BOSS","M","M","$","M"],"build_version":"2019-07-17","purchased_purges":2,"victory":false,"max_hp_per_floor":[80,80,80,80,80,80,80,80,80,80,80,80,80,80,80,80,80,80,80,80,80],"card_choices":[{"not_picked":["Armaments","Shrug It Off"],"picked":"Flame Barrier","floor":1},{"not_picked":["Clash","Spot Weakness"],"picked":"Iron Wave","floor":2},{"not_picked":["Headbutt","Sword Boomerang","Body Slam"],"picked":"SKIP","floor":5},{"not_picked":["Headbutt","Brutality"],"picked":"Seeing Red","floor":6},{"not_picked":["Disarm","Perfected Strike"],"picked":"Shockwave","floor":8},{"not_picked":["Flame Barrier","Burning Pact"],"picked":"Intimidate","floor":11},{"not_picked":["Combust","Whirlwind"],"picked":"Dual Wield+1","floor":12},{"not_picked":["Juggernaut","Dropkick"],"picked":"Metallicize","floor":13},{"not_picked":["Offering+1","Feed"],"picked":"Double Tap+1","floor":16},{"not_picked":["Twin Strike","Iron Wave","Anger"],"picked":"Fire Breathing","floor":18},{"not_picked":["Pummel","Entrench+1","Wild Strike"],"picked":"Thunderclap+1","floor":19}],"player_experience":127386,"relics_obtained":[{"floor":6,"key":"War Paint"},{"floor":9,"key":"Orichalcum"},{"floor":11,"key":"Toxic Egg 2"},{"floor":13,"key":"Red Skull"},{"floor":17,"key":"Bag of Marbles"},{"floor":17,"key":"Question Card"},{"floor":17,"key":"WingedGreaves"}],"event_choices":[{"damage_healed":0,"gold_gain":0,"player_choice":"Take Wound","damage_taken":0,"relics_obtained":["Golden Idol"],"max_hp_gain":0,"max_hp_loss":0,"event_name":"Golden Idol","floor":3,"gold_loss":0,"cards_obtained":["Injury"]},{"damage_healed":0,"gold_gain":75,"player_choice":"Gather Gold","damage_taken":11,"max_hp_gain":0,"max_hp_loss":0,"event_name":"World of Goop","floor":4,"gold_loss":0}],"is_beta":false,"boss_relics":[{"not_picked":["White Beast Statue","Empty Cage"],"picked":"Calling Bell"}],"items_purged_floors":[14,20],"is_endless":false,"potions_floor_spawned":[1,6,11,13,18],"killed_by":"Chosen and Byrds","ascension_level":5}