{"gold_per_floor":[114,131,81,94,94,94,138,38,38,73,73,73,93,93,93,212,212,228,251,251,166,186,186,219,252,252,61,61,102,227,241,241,360,360,399,369,392,118,118,157,157,181,181,241,241,294,19,35,35,35],"floor_reached":50,"playtime":3504,"items_purged":["Injury"],"score":779,"play_id":"ca3969ee-90e4-42e9-a582-312770449d9b","local_time":"20190915163505","is_ascension_mode":true,"campfire_choices":[{"floor":6,"key":"REST"},{"floor":15,"key":"REST"},{"floor":23,"key":"REST"},{"data":"Chill","floor":32,"key":"SMITH"},{"floor":45,"key":"REST"},{"floor":49,"key":"REST"}],"neow_cost":"PERCENT_DAMAGE","seed_source_timestamp":2926643687720700,"circlet_count":0,"master_deck":["Defend_B","Zap","Dualcast","Leap","Recycle","Auto Shields","Static Discharge","Ball Lightning","Defragment+1","Stack","Chill+1","Conserve Battery","Electrodynamics","Conserve Battery","Storm","BootSequence+1","Coolheaded","Heatsinks","HandOfGreed","Fusion+1","Gash","Undo+1","Recycle+1","Chaos+1","Reboot+1","Turbo+1","Defragment+1","Loop","Reinforced Body+1","Thunder Strike","Gash"],"relics":["Cracked Core","Golden Idol","WingedGreaves","Question Card","Mango","Regal Pillow","Black Star","Centennial Puzzle","Dodecahedron","PreservedInsect","Lantern","Toxic Egg 2","Mummified Hand","Anchor","Happy Flower","Ginger","Mercury Hourglass","Busted Crown","DollysMirror","Frozen Egg 2","Singing Bowl","Boot","The Courier","Cables","Thread and Needle"],"potions_floor_usage":[18,29,30,33,33,33,40,42,44,46,50,50,50],"damage_taken":[{"damage":4,"enemies":"Small Slimes","floor":1,"turns":4},{"damage":0,"enemies":"2 Louse","floor":2,"turns":4},{"damage":0,"enemies":"Jaw Worm","floor":4,"turns":5},{"damage":19,"enemies":"Gremlin Nob","floor":7,"turns":5},{"damage":14,"enemies":"3 Sentries","floor":10,"turns":8},{"damage":9,"enemies":"Looter","floor":13,"turns":3},{"damage":55,"enemies":"Hexaghost","floor":16,"turns":9},{"damage":7,"enemies":"2 Thieves","floor":18,"turns":3},{"damage":14,"enemies":"Chosen","floor":19,"turns":5},{"damage":21,"enemies":"Snecko","floor":22,"turns":6},{"damage":3,"enemies":"Gremlin Leader","floor":24,"turns":7},{"damage":7,"enemies":"Slavers","floor":25,"turns":4},{"damage":4,"enemies":"Book of Stabbing","floor":29,"turns":3},{"damage":6,"enemies":"Colosseum Slavers","floor":30,"turns":4},{"damage":0,"enemies":"Colosseum Nobs","floor":30,"turns":3},{"damage":13,"enemies":"Snake Plant","floor":31,"turns":4},{"damage":49,"enemies":"Champ","floor":33,"turns":14},{"damage":0,"enemies":"3 Shapes","floor":35,"turns":4},{"damage":1,"enemies":"Orb Walker","floor":37,"turns":4},{"damage":35,"enemies":"Nemesis","floor":40,"turns":7},{"damage":29,"enemies":"Transient","floor":42,"turns":5},{"damage":6,"enemies":"Reptomancer","floor":44,"turns":5},{"damage":0,"enemies":"Jaw Worm Horde","floor":46,"turns":5},{"damage":8,"enemies":"Maw","floor":48,"turns":6},{"damage":99,"enemies":"Awakened One","floor":50,"turns":9}],"seed_played":"-1495009686114699767","potions_obtained":[{"floor":1,"key":"Ancient Potion"},{"floor":13,"key":"Dexterity Potion"},{"floor":16,"key":"EssenceOfSteel"},{"floor":22,"key":"Weak Potion"},{"floor":25,"key":"Swift Potion"},{"floor":30,"key":"Poison Potion"},{"floor":31,"key":"LiquidBronze"},{"floor":33,"key":"Explosive Potion"},{"floor":36,"key":"Weak Potion"},{"floor":36,"key":"Fire Potion"},{"floor":40,"key":"SteroidPotion"},{"floor":41,"key":"FocusPotion"},{"floor":41,"key":"SkillPotion"},{"floor":42,"key":"AttackPotion"},{"floor":44,"key":"AttackPotion"},{"floor":46,"key":"LiquidBronze"}],"is_trial":false,"path_per_floor":["M","M","?","M","?","R","E","$","T","E","T","?","M","?","R","B",null,"M","M","?","?","M","R","E","E","T","$","?","E","?","M","R","B",null,"M","?","M","$","?","E","?","M","T","E","R","M","$","M","R","B"],"character_chosen":"DEFECT","items_purchased":["Stack","HandOfGreed","DollysMirror","Loop","Thread and Needle","Gash"],"campfire_rested":5,"item_purchase_floors":[8,27,38,38,47,47],"current_hp_per_floor":[50,50,50,50,50,72,53,53,53,53,53,53,44,44,85,30,89,82,68,68,68,47,88,85,78,78,78,78,74,68,55,55,6,89,89,89,88,88,88,55,55,28,28,22,64,64,64,58,95,0],"gold":35,"neow_bonus":"TRANSFORM_TWO_CARDS","is_prod":false,"is_daily":false,"chose_seed":false,"campfire_upgraded":1,"win_rate":0,"timestamp":1568558105,"path_taken":["M","M","?","M","?","R","E","$","T","E","?","?","M","?","R","BOSS","M","M","?","?","M","R","E","E","T","$","?","E","?","M","R","BOSS","M","?","M","?","?","E","?","M","T","E","R","M","$","M","R","BOSS"],"build_version":"2019-07-17","purchased_purges":1,"victory":false,"max_hp_per_floor":[75,75,75,75,75,75,75,75,75,89,89,89,89,89,89,89,89,89,89,89,89,89,89,89,89,89,89,89,89,89,89,89,89,89,89,89,89,89,89,91,91,93,93,93,93,93,93,95,95,95],"card_choices":[{"not_picked":["Capacitor","Barrage"],"picked":"Auto Shields","floor":1},{"not_picked":["Stack","Hologram"],"picked":"Static Discharge","floor":2},{"not_picked":["Beam Cell","Turbo"],"picked":"Ball Lightning","floor":4},{"not_picked":["Leap","Darkness"],"picked":"Defragment","floor":7},{"not_picked":["Consume","Undo","Scrape"],"picked":"Chill","floor":10},{"not_picked":["Rip and Tear","Steam","Reboot"],"picked":"Conserve Battery","floor":13},{"not_picked":["Creative AI","Thunder Strike","Echo Form"],"picked":"Electrodynamics","floor":16},{"not_picked":["Beam Cell","Gash","Streamline"],"picked":"Conserve Battery","floor":18},{"not_picked":["Gash","Scrape+1","Streamline"],"picked":"Storm","floor":19},{"not_picked":["Sweeping Beam","Hologram+1","Tempest+1"],"picked":"BootSequence+1","floor":22},{"not_picked":["Multi-Cast","Rebound+1","Sweeping Beam"],"picked":"Coolheaded","floor":24},{"not_picked":["Darkness","Cold Snap","Stack"],"picked":"Heatsinks","floor":25},{"not_picked":["Auto Shields+1","Chaos+1","Reprogram+1"],"picked":"Undo+1","floor":29},{"not_picked":["Sweeping Beam","Steam+1","Rebound"],"picked":"Recycle+1","floor":30},{"not_picked":["Beam Cell","Melter","Streamline"],"picked":"Chaos+1","floor":31},{"not_picked":["All For One","Biased Cognition","Electrodynamics"],"picked":"Reboot+1","floor":33},{"not_picked":["Compile Driver"],"picked":"Turbo+1","floor":35},{"not_picked":["Steam Power+1","Compile Driver+1"],"picked":"SKIP","floor":37},{"not_picked":["BootSequence+1","Reprogram+1"],"picked":"Singing Bowl","floor":40},{"not_picked":["Reinforced Body+1","Cold Snap+1"],"picked":"Singing Bowl","floor":42},{"not_picked":["Streamline+1"],"picked":"Reinforced Body+1","floor":44},{"not_picked":["Cold Snap+1"],"picked":"Thunder Strike","floor":46},{"not_picked":["Rebound","Sunder"],"picked":"Singing Bowl","floor":48}],"player_experience":212548,"relics_obtained":[{"floor":7,"key":"WingedGreaves"},{"floor":9,"key":"Question Card"},{"floor":10,"key":"Mango"},{"floor":11,"key":"Regal Pillow"},{"floor":24,"key":"Dodecahedron"},{"floor":24,"key":"PreservedInsect"},{"floor":25,"key":"Lantern"},{"floor":25,"key":"Toxic Egg 2"},{"floor":26,"key":"Mummified Hand"},{"floor":29,"key":"Anchor"},{"floor":29,"key":"Happy Flower"},{"floor":30,"key":"Ginger"},{"floor":30,"key":"Mercury Hourglass"},{"floor":40,"key":"Frozen Egg 2"},{"floor":40,"key":"Singing Bowl"},{"floor":43,"key":"Boot"},{"floor":44,"key":"The Courier"},{"floor":44,"key":"Cables"}],"event_choices":[{"cards_removed":["Strike_B"],"damage_healed":0,"gold_gain":0,"player_choice":"Card Removal","damage_taken":0,"max_hp_gain":0,"max_hp_loss":0,"event_name":"The Cleric","floor":3,"gold_loss":50},{"damage_healed":0,"gold_gain":0,"player_choice":"Take Wound","damage_taken":0,"relics_obtained":["Golden Idol"],"max_hp_gain":0,"max_hp_loss":0,"event_name":"Golden Idol","floor":5,"gold_loss":0,"cards_obtained":["Injury"]},{"damage_healed":0,"gold_gain":0,"player_choice":"Grow","damage_taken":0,"max_hp_gain":0,"max_hp_loss":0,"event_name":"Living Wall","floor":12,"gold_loss":0,"cards_upgraded":["Defragment"]},{"cards_removed":["Defend_B"],"damage_healed":0,"gold_gain":0,"player_choice":"Purged","damage_taken":0,"max_hp_gain":0,"max_hp_loss":0,"event_name":"Purifier","floor":14,"gold_loss":0},{"damage_healed":0,"gold_gain":0,"player_choice":"Ignored","damage_taken":0,"max_hp_gain":0,"max_hp_loss":0,"event_name":"Vampires","floor":20,"gold_loss":0},{"damage_healed":0,"gold_gain":0,"player_choice":"Obtained Relic","damage_taken":0,"relics_obtained":["Centennial Puzzle"],"max_hp_gain":0,"max_hp_loss":0,"event_name":"Addict","floor":21,"gold_loss":85},{"damage_healed":0,"gold_gain":0,"cards_transformed":["Defend_B","Defend_B"],"player_choice":"Became Test Subject","damage_taken":0,"max_hp_gain":0,"max_hp_loss":0,"event_name":"Drug Dealer","floor":28,"gold_loss":0,"cards_obtained":["Fusion","Gash"]},{"damage_healed":0,"gold_gain":0,"player_choice":"Fight","damage_taken":0,"max_hp_gain":0,"max_hp_loss":0,"event_name":"Colosseum","floor":30,"gold_loss":0},{"damage_healed":0,"gold_gain":0,"player_choice":"Fought Nobs","damage_taken":0,"max_hp_gain":0,"max_hp_loss":0,"event_name":"Colosseum","floor":30,"gold_loss":0},{"damage_healed":0,"gold_gain":0,"player_choice":"Bought 2 Potions","damage_taken":0,"max_hp_gain":0,"max_hp_loss":0,"event_name":"The Woman in Blue","floor":36,"gold_loss":0},{"cards_removed":["Strike_B"],"damage_healed":0,"gold_gain":0,"player_choice":"Removed Attack","damage_taken":0,"max_hp_gain":0,"max_hp_loss":0,"event_name":"Falling","floor":39,"gold_loss":0},{"damage_healed":0,"gold_gain":0,"player_choice":"Got Potions","damage_taken":0,"max_hp_gain":0,"max_hp_loss":0,"event_name":"Lab","floor":41,"gold_loss":0}],"is_beta":false,"boss_relics":[{"not_picked":["Astrolabe","Nuclear Battery"],"picked":"Black Star"},{"not_picked":["Tiny House","Velvet Choker"],"picked":"Busted Crown"}],"items_purged_floors":[8],"is_endless":false,"potions_floor_spawned":[1,13,16,22,25,30,31,33,40,42,44,46],"killed_by":"Awakened One","ascension_level":4}