{"gold_per_floor":[110,110,125,145,145,145,163,220,288,288,288,316,39,39],"floor_reached":14,"playtime":832,"items_purged":["Regret"],"score":92,"play_id":"ae8d97b7-0a29-4e05-b393-b07492d374c0","local_time":"20180706222822","is_ascension_mode":true,"campfire_choices":[{"data":"Coolheaded","floor":6.0,"key":"SMITH"},{"floor":11,"key":"REST"}],"neow_cost":"","seed_source_timestamp":0,"circlet_count":0,"master_deck":["Strike_B","Strike_B","Strike_B","Strike_B","Defend_B","Defend_B","Defend_B","Defend_B","Zap","Dualcast","Coolheaded+1","Blizzard","Hello World","Conserve Battery+1","Electrodynamics","Apotheosis+1","Hologram+1"],"special_seed":0,"relics":["Cracked Core","Boot","Toxic Egg 2","Darkstone Periapt","Smiling Mask","Incense Burner","Art of War"],"potions_floor_usage":[12,12,14],"damage_taken":[{"damage":2.0,"enemies":"2 Louse","floor":1.0,"turns":2.0},{"damage":6.0,"enemies":"Small Slimes","floor":3.0,"turns":3.0},{"damage":6.0,"enemies":"Cultist","floor":4.0,"turns":3.0},{"damage":22.0,"enemies":"Looter","floor":7.0,"turns":4.0},{"damage":19,"enemies":"3 Sentries","floor":8,"turns":6},{"damage":29,"enemies":"Lagavulin","floor":12,"turns":8},{"damage":3,"enemies":"Gremlin Gang","floor":14,"turns":1}],"seed_played":"8611732547418309386","potions_obtained":[{"floor":3.0,"key":"SpeedPotion"},{"floor":8,"key":"Fire Potion"},{"floor":8,"key":"Energy Potion"}],"is_trial":false,"path_per_floor":["M","?","M","M","?","R","M","?","T","?","R","E","$"],"character_chosen":"DEFECT","items_purchased":["Apotheosis+1","Hologram+1"],"campfire_rested":1,"item_purchase_floors":[13,13],"current_hp_per_floor":[73,73,67,61,61,61,39,20,20,8,30,1,1,0],"gold":39,"neow_bonus":"","is_prod":false,"is_daily":false,"chose_seed":false,"campfire_upgraded":1,"win_rate":0,"timestamp":1530908902,"path_taken":["M","?","M","M","?","R","?","?","T","?","R","E","$","M"],"build_version":"2018-07-05","purchased_purges":1,"victory":false,"max_hp_per_floor":[75,75,75,75,75,75,75,75,75,75,75,75,75,75],"card_choices":[{"not_picked":["Stack","Go for the Eyes"],"picked":"Coolheaded","floor":1.0},{"not_picked":["Stack","Hello World"],"picked":"Blizzard","floor":3.0},{"not_picked":["Self Repair","Force Field","Turbo"],"picked":"SKIP","floor":4.0},{"not_picked":["Undo+1","Heatsinks"],"picked":"Hello World","floor":7.0},{"not_picked":["Barrage","Compile Driver"],"picked":"Conserve Battery+1","floor":8},{"not_picked":["Defragment","Gash"],"picked":"Electrodynamics","floor":12}],"player_experience":52179,"relics_obtained":[{"floor":8,"key":"Darkstone Periapt"},{"floor":9,"key":"Smiling Mask"},{"floor":12,"key":"Art of War"}],"event_choices":[{"event_name":"Big Fish","player_choice":"Box","floor":2.0,"damage_taken":0.0},{"event_name":"Accursed Blacksmith","player_choice":"Rummage","floor":5.0,"damage_taken":0.0},{"event_name":"Dead Adventurer","player_choice":"Searched \u00271\u0027 times","floor":8,"damage_taken":0},{"event_name":"Scrap Ooze","player_choice":"success","floor":10,"damage_taken":12}],"boss_relics":[],"items_purged_floors":[13],"is_endless":false,"potions_floor_spawned":[3,8,8],"killed_by":"Gremlin Gang","ascension_level":1}