{"gold_per_floor":[363,73,148,162,67,81,111,126,126,126,126,143,8,20,20,117,117,131,145,70,20,34,34,34,52,52,52,52,71,90,106,106,204,204,223,223,241,261,261,261],"floor_reached":40,"playtime":1068,"items_purged":[],"score":392,"play_id":"462f4dd1-c46f-4ce1-93fb-6e02de5acf4a","local_time":"20190907225116","is_ascension_mode":false,"campfire_choices":[{"data":"Double Tap","floor":15,"key":"SMITH"},{"floor":23,"key":"REST"},{"data":"Rage","floor":27,"key":"SMITH"},{"floor":32,"key":"REST"}],"neow_cost":"TEN_PERCENT_HP_LOSS","seed_source_timestamp":695339933429700,"circlet_count":0,"master_deck":["Strike_R","Strike_R","Strike_R","Strike_R","Strike_R","Defend_R","Defend_R","Defend_R","Bash","Flex","Anger","Iron Wave","Inflame","Anger","Flex","Iron Wave","Flex","Inflame+1","Swift Strike","Double Tap+1","Feed","Headbutt+1","Rage+1","Shrug It Off+1","Anger","Inflame+1","Cleave","Barricade+1","Perfected Strike+1","Iron Wave","Cleave"],"relics":["Burning Blood","Shuriken","Kunai","Paper Frog","Frozen Egg 2","Lizard Tail","Pantograph","Philosopher\u0027s Stone","GremlinMask"],"potions_floor_usage":[16,16,25,25,33,40,40],"damage_taken":[{"damage":11,"enemies":"2 Louse","floor":1,"turns":3},{"damage":8,"enemies":"Small Slimes","floor":4,"turns":3},{"damage":6,"enemies":"Cultist","floor":6,"turns":3},{"damage":14,"enemies":"Gremlin Nob","floor":7,"turns":3},{"damage":4,"enemies":"Red Slaver","floor":8,"turns":4},{"damage":5,"enemies":"Exordium Wildlife","floor":12,"turns":4},{"damage":12,"enemies":"Blue Slaver","floor":14,"turns":2},{"damage":31,"enemies":"Hexaghost","floor":16,"turns":6},{"damage":10,"enemies":"Shell Parasite","floor":18,"turns":2},{"damage":32,"enemies":"3 Byrds","floor":19,"turns":5},{"damage":31,"enemies":"Snake Plant","floor":22,"turns":3},{"damage":20,"enemies":"Centurion and Healer","floor":25,"turns":4},{"damage":50,"enemies":"3 Cultists","floor":29,"turns":6},{"damage":20,"enemies":"Snake Plant","floor":30,"turns":4},{"damage":16,"enemies":"Cultist and Chosen","floor":31,"turns":6},{"damage":50,"enemies":"Champ","floor":33,"turns":7},{"damage":32,"enemies":"3 Shapes","floor":35,"turns":2},{"damage":29,"enemies":"Orb Walker","floor":37,"turns":4},{"damage":9,"enemies":"Transient","floor":38,"turns":5},{"damage":37,"enemies":"Nemesis","floor":40,"turns":5}],"seed_played":"6067618074260512691","potions_obtained":[{"floor":6,"key":"Swift Potion"},{"floor":8,"key":"FearPotion"},{"floor":14,"key":"AttackPotion"},{"floor":16,"key":"Dexterity Potion"},{"floor":19,"key":"Dexterity Potion"},{"floor":22,"key":"FearPotion"},{"floor":31,"key":"FearPotion"},{"floor":37,"key":"Fire Potion"},{"floor":38,"key":"Poison Potion"}],"is_trial":false,"path_per_floor":["M","$","?","M","$","M","E","M","T","?","?","M","$","M","R","B",null,"M","M","?","?","M","R","$","M","T","R","$","M","M","M","R","B",null,"M","?","M","M","?","E"],"character_chosen":"IRONCLAD","items_purchased":["Shuriken","Anger","Inflame","Anger","Inflame+1","Swift Strike"],"campfire_rested":2,"item_purchase_floors":[2,2,5,5,13,13],"current_hp_per_floor":[67,67,56,54,54,54,46,48,48,53,53,54,54,48,48,23,77,73,50,50,50,25,49,49,35,35,35,35,34,20,10,34,15,83,57,57,34,31,31,0],"gold":261,"neow_bonus":"TWO_FIFTY_GOLD","is_prod":false,"is_daily":false,"chose_seed":false,"campfire_upgraded":2,"win_rate":0,"timestamp":1567889476,"path_taken":["M","$","?","M","$","M","E","M","T","?","?","?","?","M","R","BOSS","M","M","?","?","M","R","$","M","T","R","$","M","?","M","R","BOSS","M","?","?","M","?","E"],"build_version":"2019-07-17","purchased_purges":0,"victory":false,"max_hp_per_floor":[72,72,72,72,72,72,72,72,72,77,77,77,77,77,77,77,77,77,80,80,80,80,80,80,80,80,80,80,83,83,83,83,83,83,83,83,83,83,79,79],"card_choices":[{"not_picked":["Thunderclap","Anger"],"picked":"Flex","floor":1},{"not_picked":["Twin Strike","Havoc"],"picked":"Iron Wave","floor":4},{"not_picked":["Combust","Dual Wield","Clothesline"],"picked":"SKIP","floor":6},{"not_picked":["Hemokinesis","Uppercut"],"picked":"Flex","floor":7},{"not_picked":["Shockwave","Berserk"],"picked":"Iron Wave","floor":8},{"not_picked":["Dual Wield","Shrug It Off"],"picked":"Flex","floor":12},{"not_picked":["Havoc","Headbutt"],"picked":"Double Tap","floor":14},{"not_picked":["Reaper","Impervious"],"picked":"Feed","floor":16},{"not_picked":["Body Slam","Wild Strike"],"picked":"Headbutt+1","floor":18},{"not_picked":["Clothesline","Juggernaut+1"],"picked":"Rage","floor":19},{"not_picked":["Pommel Strike","Perfected Strike"],"picked":"Shrug It Off+1","floor":22},{"not_picked":["Battle Trance","Fire Breathing+1","Wild Strike"],"picked":"SKIP","floor":25},{"not_picked":["Twin Strike","Pommel Strike"],"picked":"Anger","floor":29},{"not_picked":["Limit Break","Iron Wave"],"picked":"Inflame+1","floor":30},{"not_picked":["Warcry","Headbutt"],"picked":"Cleave","floor":31},{"not_picked":["Fiend Fire","Offering"],"picked":"Barricade+1","floor":33},{"not_picked":["Warcry","Armaments"],"picked":"Perfected Strike+1","floor":35},{"not_picked":["Sentinel+1","Sword Boomerang"],"picked":"Iron Wave","floor":37},{"not_picked":["Warcry","Clash"],"picked":"Cleave","floor":38}],"player_experience":219000,"relics_obtained":[{"floor":7,"key":"Kunai"},{"floor":9,"key":"Paper Frog"},{"floor":11,"key":"Frozen Egg 2"},{"floor":26,"key":"Pantograph"}],"event_choices":[{"damage_healed":0,"gold_gain":75,"player_choice":"Gather Gold","damage_taken":11,"max_hp_gain":0,"max_hp_loss":0,"event_name":"World of Goop","floor":3,"gold_loss":0},{"damage_healed":0,"gold_gain":0,"player_choice":"Donut","damage_taken":0,"max_hp_gain":5,"max_hp_loss":0,"event_name":"Big Fish","floor":10,"gold_loss":0},{"damage_healed":0,"gold_gain":0,"player_choice":"Relic","damage_taken":0,"max_hp_gain":0,"max_hp_loss":0,"event_name":"Wheel of Change","floor":11,"gold_loss":0},{"cards_removed":["Defend_R"],"damage_healed":0,"gold_gain":0,"player_choice":"Gave Gold","damage_taken":0,"max_hp_gain":0,"max_hp_loss":0,"event_name":"Beggar","floor":20,"gold_loss":75},{"damage_healed":0,"gold_gain":0,"player_choice":"Bet on Murderer","damage_taken":0,"max_hp_gain":0,"max_hp_loss":0,"event_name":"The Joust","floor":21,"gold_loss":50},{"damage_healed":0,"gold_gain":0,"player_choice":"Trade","damage_taken":0,"relics_obtained":["GremlinMask"],"max_hp_gain":0,"max_hp_loss":0,"event_name":"FaceTrader","floor":36,"gold_loss":0},{"damage_healed":0,"gold_gain":0,"player_choice":"Max HP","damage_taken":0,"max_hp_gain":0,"max_hp_loss":4,"event_name":"Winding Halls","floor":39,"gold_loss":0}],"is_beta":false,"boss_relics":[{"not_picked":["Pandora\u0027s Box","Astrolabe"],"picked":"Lizard Tail"},{"not_picked":["Cursed Key","White Beast Statue"],"picked":"Philosopher\u0027s Stone"}],"items_purged_floors":[],"is_endless":false,"potions_floor_spawned":[6,8,14,16,19,22,31,37,38],"killed_by":"Nemesis","ascension_level":0}