{"gold_per_floor":[111,128,303,303,316,316,316,342,378,417,440,18,44,61,61,157,157,167,179,94,94,107,137,137,155,155,188,203,228,228],"floor_reached":30,"playtime":1839,"items_purged":["Strike_G"],"score":421,"play_id":"4c4612cf-0f72-450d-b688-8341cc4d103b","local_time":"20190922161814","is_ascension_mode":true,"campfire_choices":[{"data":"Footwork","floor":6.0,"key":"SMITH"},{"floor":15.0,"key":"REST"},{"floor":24.0,"key":"REST"}],"neow_cost":"NONE","seed_source_timestamp":3531757043350500,"circlet_count":0,"master_deck":["Strike_G","Strike_G","Strike_G","Defend_G","Defend_G","Defend_G","Defend_G","Defend_G","Survivor","Neutralize","Deadly Poison","Footwork+1","Footwork","Catalyst","Bane","Endless Agony","Flying Knee","Crippling Poison","Dash","Dagger Throw","Cloak And Dagger","A Thousand Cuts","Dagger Throw+1","Bane+1","Deadly Poison","Distraction","Dodge and Roll+1","Caltrops","Leg Sweep+1"],"special_seed":0,"relics":["Ring of the Snake","MawBank","Pen Nib","Sundial","Membership Card","Art of War","Happy Flower","Paper Crane","Black Star","Ancient Tea Set","Omamori","Oddly Smooth Stone","Torii","Question Card","Potion Belt","Bird Faced Urn","Snake Skull"],"potions_floor_usage":[30],"damage_taken":[{"damage":6.0,"enemies":"2 Louse","floor":1.0,"turns":4.0},{"damage":0.0,"enemies":"Jaw Worm","floor":2.0,"turns":4.0},{"damage":0.0,"enemies":"Cultist","floor":5.0,"turns":4.0},{"damage":5.0,"enemies":"Lagavulin","floor":8.0,"turns":7.0},{"damage":20.0,"enemies":"3 Sentries","floor":10.0,"turns":11.0},{"damage":3.0,"enemies":"Large Slime","floor":11.0,"turns":6.0},{"damage":3.0,"enemies":"Gremlin Nob","floor":13.0,"turns":4.0},{"damage":2.0,"enemies":"Exordium Thugs","floor":14.0,"turns":5.0},{"damage":39.0,"enemies":"The Guardian","floor":16.0,"turns":12.0},{"damage":4.0,"enemies":"Shell Parasite","floor":18.0,"turns":9.0},{"damage":11.0,"enemies":"2 Thieves","floor":19.0,"turns":4.0},{"damage":7.0,"enemies":"Centurion and Healer","floor":22.0,"turns":7.0},{"damage":5.0,"enemies":"Book of Stabbing","floor":23.0,"turns":6.0},{"damage":0.0,"enemies":"Chosen and Byrds","floor":25.0,"turns":4.0},{"damage":55.0,"enemies":"Gremlin Leader","floor":27.0,"turns":9.0},{"damage":35.0,"enemies":"Cultist and Chosen","floor":28.0,"turns":11.0},{"damage":13,"enemies":"Shelled Parasite and Fungi","floor":30,"turns":4}],"seed_played":"6698366985852371442","potions_obtained":[{"floor":1.0,"key":"FearPotion"},{"floor":8.0,"key":"LiquidBronze"},{"floor":11.0,"key":"SneckoOil"},{"floor":16.0,"key":"LiquidBronze"},{"floor":22.0,"key":"Weak Potion"},{"floor":23.0,"key":"Fire Potion"},{"floor":25.0,"key":"Regen Potion"},{"floor":27.0,"key":"Regen Potion"},{"floor":28.0,"key":"Fire Potion"}],"is_trial":false,"path_per_floor":["M","M","?","?","M","R","?","E","T","E","M","$","E","M","R","B",null,"M","M","?","?","M","E","R","M","T","E","M","T","M"],"character_chosen":"THE_SILENT","items_purchased":["Membership Card","Art of War","Happy Flower","Crippling Poison","Dash"],"campfire_rested":2,"item_purchase_floors":[12,12,12,12,12],"current_hp_per_floor":[64,64,64,57,57,57,57,52,52,32,29,29,26,24,47,8,60,56,45,45,45,38,33,56,56,56,16,2,2,0],"gold":228,"neow_bonus":"TEN_PERCENT_HP_BONUS","is_prod":false,"is_daily":false,"chose_seed":false,"campfire_upgraded":1,"win_rate":0,"timestamp":1569161894,"path_taken":["M","M","?","?","M","R","?","E","T","E","M","$","E","M","R","BOSS","M","M","?","?","?","E","R","M","T","E","M","?","?"],"build_version":"2019-07-17","purchased_purges":1,"victory":false,"max_hp_per_floor":[77,77,77,77,77,77,77,77,77,77,77,77,77,77,77,77,77,77,77,77,77,77,77,77,77,77,77,77,77,77],"card_choices":[{"not_picked":["Flying Knee","Deflect"],"picked":"Deadly Poison","floor":1.0},{"not_picked":["Dagger Spray","Acrobatics"],"picked":"Footwork","floor":2.0},{"not_picked":["Quick Slash","Prepared"],"picked":"Footwork","floor":5.0},{"not_picked":["Prepared","Deflect"],"picked":"Bane","floor":8.0},{"not_picked":["Prepared","Night Terror"],"picked":"Endless Agony","floor":10.0},{"not_picked":["PiercingWail","Outmaneuver"],"picked":"Flying Knee","floor":11.0},{"not_picked":["Dagger Spray","Skewer"],"picked":"Dagger Throw","floor":13.0},{"not_picked":["Grand Finale","Quick Slash"],"picked":"Cloak And Dagger","floor":14.0},{"not_picked":["Tools of the Trade","Doppelganger"],"picked":"A Thousand Cuts","floor":16.0},{"not_picked":["Prepared","PiercingWail"],"picked":"Dagger Throw+1","floor":18.0},{"not_picked":["Deadly Poison","Calculated Gamble"],"picked":"Bane+1","floor":19.0},{"not_picked":["Bane","Dagger Spray"],"picked":"Deadly Poison","floor":22.0},{"not_picked":["Dagger Spray","Dodge and Roll+1"],"picked":"Distraction","floor":23.0},{"not_picked":["Blur+1","Sucker Punch+1"],"picked":"Dodge and Roll+1","floor":25.0},{"not_picked":["Distraction","Quick Slash+1","Eviscerate"],"picked":"Caltrops","floor":27.0},{"not_picked":["Bane","Dagger Throw+1","Unload"],"picked":"Leg Sweep+1","floor":28.0}],"player_experience":304531,"relics_obtained":[{"floor":8.0,"key":"MawBank"},{"floor":9.0,"key":"Pen Nib"},{"floor":10.0,"key":"Sundial"},{"floor":13.0,"key":"Paper Crane"},{"floor":23.0,"key":"Oddly Smooth Stone"},{"floor":23.0,"key":"Torii"},{"floor":26.0,"key":"Question Card"},{"floor":27.0,"key":"Potion Belt"},{"floor":27.0,"key":"Bird Faced Urn"},{"floor":29.0,"key":"Snake Skull"}],"event_choices":[{"damage_healed":0.0,"max_hp_gain":0.0,"max_hp_loss":0.0,"gold_gain":175.0,"event_name":"Liars Game","player_choice":"AGREE","floor":3.0,"gold_loss":0.0,"damage_taken":0.0,"cards_obtained":["Doubt"]},{"cards_removed":["Doubt"],"damage_healed":0.0,"max_hp_gain":0.0,"max_hp_loss":0.0,"gold_gain":0.0,"event_name":"Golden Wing","player_choice":"Card Removal","floor":4.0,"gold_loss":0.0,"damage_taken":7.0},{"damage_healed":0.0,"max_hp_gain":0.0,"max_hp_loss":0.0,"gold_gain":0.0,"cards_transformed":["Strike_G"],"event_name":"Transmorgrifier","player_choice":"Transformed","floor":7.0,"gold_loss":0.0,"damage_taken":0.0,"cards_obtained":["Catalyst"]},{"damage_healed":0.0,"max_hp_gain":0.0,"max_hp_loss":0.0,"gold_gain":0.0,"event_name":"Addict","player_choice":"Obtained Relic","floor":20.0,"gold_loss":85.0,"damage_taken":0.0,"relics_obtained":["Ancient Tea Set"]},{"damage_healed":0.0,"max_hp_gain":0.0,"max_hp_loss":0.0,"gold_gain":0.0,"event_name":"WeMeetAgain","player_choice":"Gave Potion","floor":21.0,"gold_loss":0.0,"damage_taken":0.0,"relics_obtained":["Omamori"]}],"is_beta":false,"boss_relics":[{"not_picked":["Snecko Eye","Empty Cage"],"picked":"Black Star"}],"items_purged_floors":[12],"is_endless":false,"potions_floor_spawned":[1,8,11,16,22,23,25,27,28],"killed_by":"Shelled Parasite and Fungi","ascension_level":9}