{"gold_per_floor":[119,119,138,162,13,13,57,57,57,82,55,76,76],"floor_reached":13,"playtime":222,"items_purged":[],"score":91,"play_id":"13ea1bc7-791b-4d43-9d74-f6a210eeeeb5","local_time":"20180710035620","is_ascension_mode":true,"campfire_choices":[{"data":"Darkness","floor":6,"key":"SMITH"},{"data":"Redo","floor":8,"key":"SMITH"}],"neow_cost":"","seed_source_timestamp":2037399092609128,"circlet_count":0,"master_deck":["Strike_B","Strike_B","Strike_B","Strike_B","Defend_B","Defend_B","Defend_B","Defend_B","Zap","Dualcast","Redo+1","Darkness+1","Sunder","Redo","Hologram","Conserve Battery"],"relics":["Cracked Core","Golden Idol","Strawberry","Centennial Puzzle","Pen Nib","Mummified Hand"],"potions_floor_usage":[],"damage_taken":[{"damage":12,"enemies":"Jaw Worm","floor":1,"turns":2},{"damage":6,"enemies":"2 Louse","floor":3,"turns":2},{"damage":14,"enemies":"Gremlin Nob","floor":7,"turns":3},{"damage":7,"enemies":"Small Slimes","floor":10,"turns":2},{"damage":14,"enemies":"Red Slaver","floor":12,"turns":2},{"damage":13,"floor":13,"turns":1}],"seed_played":"-1640446678603267139","potions_obtained":[{"floor":3,"key":"SteroidPotion"},{"floor":12,"key":"GamblersBrew"}],"is_trial":false,"path_per_floor":["M","?","M","T","$","R","E","R","T","M","$","M"],"character_chosen":"DEFECT","items_purchased":["Centennial Puzzle","Hologram"],"campfire_rested":0,"item_purchase_floors":[5,11],"current_hp_per_floor":[63,45,39,46,46,46,32,32,32,25,25,11,0],"gold":76,"neow_bonus":"","is_prod":false,"is_daily":false,"chose_seed":false,"campfire_upgraded":2,"win_rate":0,"timestamp":1531187780,"path_taken":["M","?","?","?","$","R","E","R","T","M","$","M","?"],"build_version":"2018-07-05","purchased_purges":0,"victory":false,"max_hp_per_floor":[75,75,75,82,82,82,82,82,82,82,82,82,82],"card_choices":[{"not_picked":["Tempest","Steam Power"],"picked":"Redo","floor":1},{"not_picked":["Streamline","Coolheaded"],"picked":"Darkness","floor":3},{"not_picked":["Blizzard","Stack"],"picked":"Sunder","floor":7},{"not_picked":["Storm","Sweeping Beam"],"picked":"Redo","floor":10},{"not_picked":["Ball Lightning","Beam Cell"],"picked":"Conserve Battery","floor":12}],"player_experience":61921,"relics_obtained":[{"floor":4,"key":"Strawberry"},{"floor":7,"key":"Pen Nib"},{"floor":9,"key":"Mummified Hand"}],"event_choices":[{"event_name":"Golden Idol","player_choice":"Take Damage","floor":2,"damage_taken":0},{"event_name":"Mushrooms","player_choice":"Fought Mushrooms","floor":13,"damage_taken":0}],"boss_relics":[],"items_purged_floors":[],"is_endless":false,"potions_floor_spawned":[3,12],"ascension_level":2}