{"gold_per_floor":[114,128,143,161,171,202,202,127,127,146,146],"floor_reached":11,"playtime":537,"items_purged":["Defend_R"],"score":100,"play_id":"5021af56-3692-4023-b2a2-600348bdceb9","local_time":"20190920050625","is_ascension_mode":true,"campfire_choices":[{"floor":7,"key":"REST"}],"neow_cost":"TEN_PERCENT_HP_LOSS","seed_source_timestamp":3320231164953700,"circlet_count":0,"master_deck":["Strike_R","Strike_R","Strike_R","Defend_R","Defend_R","Defend_R","Bash"],"relics":["Burning Blood","Blood Vial","Dodecahedron"],"potions_floor_usage":[6],"damage_taken":[{"damage":3,"enemies":"2 Louse","floor":1,"turns":4},{"damage":3,"enemies":"Jaw Worm","floor":2,"turns":6},{"damage":6,"enemies":"Cultist","floor":3,"turns":3},{"damage":4,"enemies":"3 Louse","floor":4,"turns":6},{"damage":16,"enemies":"Blue Slaver","floor":5,"turns":5},{"damage":47,"enemies":"Lagavulin","floor":6,"turns":7},{"damage":28,"enemies":"Exordium Thugs","floor":10,"turns":6},{"damage":25,"enemies":"Gremlin Gang","floor":11,"turns":3}],"seed_played":"-5320811725205414245","potions_obtained":[{"floor":5,"key":"Poison Potion"}],"is_trial":false,"path_per_floor":["M","M","M","M","M","E","R","$","T","M","M"],"character_chosen":"IRONCLAD","items_purchased":[],"campfire_rested":1,"item_purchase_floors":[],"current_hp_per_floor":[72,72,72,72,62,21,42,42,42,22,0],"gold":146,"neow_bonus":"REMOVE_TWO","is_prod":false,"is_daily":false,"chose_seed":false,"campfire_upgraded":0,"win_rate":0,"timestamp":1568948785,"path_taken":["M","M","M","M","M","E","R","$","T","M","M"],"build_version":"2019-07-17","purchased_purges":1,"victory":false,"max_hp_per_floor":[72,72,72,72,72,72,72,72,72,72,72],"card_choices":[{"not_picked":["Heavy Blade","Warcry","Intimidate"],"picked":"SKIP","floor":1},{"not_picked":["Thunderclap","Uppercut","Headbutt"],"picked":"SKIP","floor":2},{"not_picked":["Infernal Blade","Twin Strike","Offering"],"picked":"SKIP","floor":3},{"not_picked":["Pommel Strike","Perfected Strike","Warcry"],"picked":"SKIP","floor":4},{"not_picked":["Pummel","True Grit","Second Wind"],"picked":"SKIP","floor":5},{"not_picked":["Armaments","Flex","Seeing Red"],"picked":"SKIP","floor":6},{"not_picked":["Battle Trance","Armaments","Wild Strike"],"picked":"SKIP","floor":10}],"player_experience":262067,"relics_obtained":[{"floor":6,"key":"Blood Vial"},{"floor":9,"key":"Dodecahedron"}],"event_choices":[],"is_beta":false,"boss_relics":[],"items_purged_floors":[8],"is_endless":false,"potions_floor_spawned":[5],"killed_by":"Gremlin Gang","ascension_level":6}