{"gold_per_floor":[114,114,131,145,164,164,182,199,199,51,77,77,106,116,116,211,211],"floor_reached":17,"playtime":498,"items_purged":[],"score":219,"play_id":"ea5c8f54-496e-4f36-b932-35048d96c46a","local_time":"20191009212940","is_ascension_mode":false,"campfire_choices":[{"data":"Sunder","floor":6,"key":"SMITH"},{"data":"Buffer","floor":12,"key":"SMITH"},{"data":"Hello World","floor":15,"key":"SMITH"}],"neow_cost":"NONE","seed_source_timestamp":949141736547100,"circlet_count":0,"master_deck":["Strike_B","Strike_B","Strike_B","Strike_B","Defend_B","Defend_B","Defend_B","Zap","Dualcast","Steam","Storm","Sunder+1","Capacitor","Stack","Auto Shields","Buffer+1","Hello World+1","Go for the Eyes","Machine Learning"],"relics":["Cracked Core","Meat on the Bone","PreservedInsect","Ancient Tea Set","Lantern","Lizard Tail"],"potions_floor_usage":[11,13,16,16],"damage_taken":[{"damage":1,"enemies":"Jaw Worm","floor":1,"turns":3},{"damage":6,"enemies":"2 Louse","floor":3,"turns":2},{"damage":5,"enemies":"Small Slimes","floor":4,"turns":3},{"damage":5,"enemies":"Looter","floor":5,"turns":3},{"damage":8,"enemies":"Blue Slaver","floor":7,"turns":3},{"damage":6,"enemies":"Exordium Wildlife","floor":8,"turns":4},{"damage":0,"enemies":"Gremlin Nob","floor":11,"turns":2},{"damage":0,"enemies":"3 Sentries","floor":13,"turns":3},{"damage":8,"enemies":"Lots of Slimes","floor":14,"turns":4},{"damage":17,"enemies":"The Guardian","floor":16,"turns":12}],"seed_played":"-1458397197371186719","potions_obtained":[{"floor":3,"key":"GamblersBrew"},{"floor":4,"key":"Poison Potion"},{"floor":8,"key":"AttackPotion"},{"floor":11,"key":"SkillPotion"},{"floor":13,"key":"SkillPotion"}],"is_trial":false,"path_per_floor":["M","?","M","M","M","R","M","M","T","$","E","R","E","M","R","B",null],"character_chosen":"DEFECT","items_purchased":["PreservedInsect"],"campfire_rested":0,"item_purchase_floors":[10],"current_hp_per_floor":[81,74,68,63,58,58,50,44,44,44,44,44,44,48,48,43,82],"gold":211,"neow_bonus":"TEN_PERCENT_HP_BONUS","is_prod":false,"is_daily":false,"chose_seed":false,"campfire_upgraded":3,"win_rate":0,"timestamp":1570649380,"path_taken":["M","?","M","M","M","R","M","M","T","$","E","R","E","M","R","BOSS"],"build_version":"2019-07-17","purchased_purges":0,"victory":false,"max_hp_per_floor":[82,82,82,82,82,82,82,82,82,82,82,82,82,82,82,82,82],"card_choices":[{"not_picked":["Coolheaded","Chill"],"picked":"Steam","floor":1},{"not_picked":["Rebound","Hologram"],"picked":"Storm","floor":3},{"not_picked":["Rebound","Go for the Eyes"],"picked":"Sunder","floor":4},{"not_picked":["Streamline","Gash"],"picked":"Capacitor","floor":5},{"not_picked":["Coolheaded","Rainbow"],"picked":"Stack","floor":7},{"not_picked":["Doom and Gloom","Redo"],"picked":"Auto Shields","floor":8},{"not_picked":["Storm","Redo"],"picked":"Buffer","floor":11},{"not_picked":["Coolheaded","Turbo"],"picked":"Hello World","floor":13},{"not_picked":["Loop","Sweeping Beam"],"picked":"Go for the Eyes","floor":14},{"not_picked":["Biased Cognition","Multi-Cast"],"picked":"Machine Learning","floor":16}],"player_experience":453444,"relics_obtained":[{"floor":9,"key":"Meat on the Bone"},{"floor":11,"key":"Ancient Tea Set"},{"floor":13,"key":"Lantern"}],"event_choices":[{"cards_removed":["Defend_B"],"damage_healed":0,"gold_gain":0,"player_choice":"Card Removal","damage_taken":7,"max_hp_gain":0,"max_hp_loss":0,"event_name":"Golden Wing","floor":2,"gold_loss":0}],"is_beta":false,"boss_relics":[{"not_picked":["White Beast Statue","Calling Bell"],"picked":"Lizard Tail"}],"items_purged_floors":[],"is_endless":false,"potions_floor_spawned":[3,4,8,11,13],"ascension_level":0}