{"gold_per_floor":[112,112,122,122,135,169,182,182,209,229,229,263,281,294,294,294],"floor_reached":16,"playtime":267,"items_purged":[],"score":114,"play_id":"f35ea024-1620-48e4-82f4-a128b9ab66ec","local_time":"20190907232006","is_ascension_mode":false,"campfire_choices":[{"data":"Thunderclap","floor":8,"key":"SMITH"},{"data":"Heavy Blade","floor":15,"key":"SMITH"}],"neow_cost":"NONE","seed_source_timestamp":697870868787700,"circlet_count":0,"master_deck":["Strike_R","Strike_R","Strike_R","Strike_R","Strike_R","Defend_R","Defend_R","Bash","Flex+1","Shrug It Off","Defend_R","Thunderclap+1","Iron Wave","Thunderclap","Heavy Blade+1","Blood for Blood"],"relics":["Burning Blood","NeowsBlessing","Omamori","Boot","Bag of Preparation"],"potions_floor_usage":[6,12,16],"damage_taken":[{"damage":0,"enemies":"2 Louse","floor":1,"turns":1},{"damage":0,"enemies":"Jaw Worm","floor":3,"turns":1},{"damage":0,"enemies":"Cultist","floor":5,"turns":1},{"damage":16,"enemies":"Gremlin Nob","floor":6,"turns":4},{"damage":8,"enemies":"Lots of Slimes","floor":7,"turns":4},{"damage":10,"enemies":"Looter","floor":10,"turns":2},{"damage":36,"enemies":"Lagavulin","floor":12,"turns":4},{"damage":8,"enemies":"Red Slaver","floor":13,"turns":2},{"damage":11,"enemies":"Large Slime","floor":14,"turns":5},{"damage":32,"enemies":"The Guardian","floor":16,"turns":3}],"seed_played":"1919474657767606109","potions_obtained":[{"floor":1,"key":"Block Potion"},{"floor":7,"key":"Poison Potion"},{"floor":13,"key":"EssenceOfSteel"},{"floor":14,"key":"PowerPotion"}],"is_trial":false,"path_per_floor":["M","?","M","?","M","E","M","R","T","M","?","E","M","M","R","B"],"character_chosen":"IRONCLAD","items_purchased":[],"campfire_rested":0,"item_purchase_floors":[],"current_hp_per_floor":[80,80,80,80,80,70,68,68,68,64,64,34,32,27,27,0],"gold":294,"neow_bonus":"THREE_ENEMY_KILL","is_prod":false,"is_daily":false,"chose_seed":false,"campfire_upgraded":2,"win_rate":0,"timestamp":1567891206,"path_taken":["M","?","M","?","?","E","M","R","T","?","?","E","?","M","R","BOSS"],"build_version":"2019-07-17","purchased_purges":0,"victory":false,"max_hp_per_floor":[80,80,80,80,80,80,80,80,80,80,80,80,80,80,80,80],"card_choices":[{"not_picked":["Ghostly Armor","Shrug It Off"],"picked":"Flex","floor":1},{"not_picked":["Body Slam","True Grit"],"picked":"Shrug It Off","floor":3},{"not_picked":["Shrug It Off","Carnage"],"picked":"Thunderclap","floor":5},{"not_picked":["Shrug It Off","Body Slam"],"picked":"Iron Wave","floor":6},{"not_picked":["Pommel Strike","Warcry","Entrench"],"picked":"SKIP","floor":7},{"not_picked":["Flame Barrier","Warcry"],"picked":"Thunderclap","floor":10},{"not_picked":["Shockwave","Havoc"],"picked":"Heavy Blade","floor":12},{"not_picked":["Armaments","True Grit","Evolve"],"picked":"SKIP","floor":13},{"not_picked":["Armaments","Body Slam"],"picked":"Blood for Blood","floor":14}],"player_experience":221504,"relics_obtained":[{"floor":6,"key":"Omamori"},{"floor":9,"key":"Boot"},{"floor":12,"key":"Bag of Preparation"}],"event_choices":[{"damage_healed":0,"gold_gain":0,"player_choice":"Grow","damage_taken":0,"max_hp_gain":0,"max_hp_loss":0,"event_name":"Living Wall","floor":2,"gold_loss":0,"cards_upgraded":["Flex"]},{"cards_removed":["Defend_R"],"damage_healed":0,"gold_gain":0,"player_choice":"Took Card","damage_taken":0,"max_hp_gain":0,"max_hp_loss":0,"event_name":"NoteForYourself","floor":4,"gold_loss":0,"cards_obtained":["Defend_R"]},{"cards_removed":["Defend_R"],"damage_healed":0,"gold_gain":0,"player_choice":"Purged","damage_taken":0,"max_hp_gain":0,"max_hp_loss":0,"event_name":"Purifier","floor":11,"gold_loss":0}],"is_beta":false,"boss_relics":[],"items_purged_floors":[],"is_endless":false,"potions_floor_spawned":[1,7,13,14],"killed_by":"The Guardian","ascension_level":0}