{"gold_per_floor":[119,132,147,72,72,72,88,88,88,99,114,124,137,153,153,256,256,266,365,365,317,317,317,317,332,358,358,373,373,393,393],"floor_reached":31,"playtime":832,"items_purged":["Strike_R"],"score":231,"play_id":"7116c464-0a98-42c0-b901-e97de8f6e338","local_time":"20191003010826","is_ascension_mode":false,"campfire_choices":[{"data":"Cleave","floor":6,"key":"SMITH"},{"data":"Flex","floor":15,"key":"SMITH"},{"floor":23,"key":"REST"},{"data":"Heavy Blade","floor":27,"key":"SMITH"},{"floor":29,"key":"REST"}],"neow_cost":"NONE","seed_source_timestamp":220826790836000,"circlet_count":0,"master_deck":["Strike_R+1","Strike_R+1","Strike_R+1","Strike_R+1","Defend_R+1","Defend_R+1","Defend_R+1","Defend_R+1","Bash","Dramatic Entrance+1","Cleave+1","Dropkick","Havoc","Flex+1","Seeing Red","Shrug It Off","Flex+1","Seeing Red","Juggernaut+1","Shrug It Off","Heavy Blade+1","Bloodletting","Iron Wave+1"],"relics":["Burning Blood"],"potions_floor_usage":[16,16,28],"damage_taken":[{"damage":11,"enemies":"Jaw Worm","floor":1,"turns":2},{"damage":6,"enemies":"2 Louse","floor":2,"turns":3},{"damage":0,"enemies":"Cultist","floor":3,"turns":3},{"damage":0,"enemies":"2 Fungi Beasts","floor":7,"turns":2},{"damage":0,"enemies":"3 Louse","floor":10,"turns":1},{"damage":7,"enemies":"Large Slime","floor":11,"turns":5},{"damage":0,"enemies":"Lots of Slimes","floor":12,"turns":1},{"damage":0,"enemies":"3 Louse","floor":13,"turns":2},{"damage":4,"enemies":"Large Slime","floor":14,"turns":6},{"damage":73,"enemies":"The Guardian","floor":16,"turns":11},{"damage":45,"enemies":"Shell Parasite","floor":18,"turns":7},{"damage":22,"enemies":"Spheric Guardian","floor":25,"turns":4},{"damage":17,"enemies":"Shelled Parasite and Fungi","floor":28,"turns":4},{"damage":27,"enemies":"Centurion and Healer","floor":30,"turns":7},{"damage":42,"enemies":"Book of Stabbing","floor":31,"turns":4}],"seed_played":"-3823632247871065843","potions_obtained":[{"floor":3,"key":"EssenceOfSteel"},{"floor":7,"key":"SpeedPotion"},{"floor":10,"key":"SteroidPotion"},{"floor":12,"key":"Block Potion"},{"floor":25,"key":"AttackPotion"},{"floor":30,"key":"Ancient Potion"}],"is_trial":false,"path_per_floor":["M","M","M","$","?","R","M","?","T","M","M","M","M","M","R","B",null,"M","?","?","$","?","R","?","M","T","R","M","R","M","E"],"character_chosen":"IRONCLAD","items_purchased":["Dexterity Potion"],"campfire_rested":2,"item_purchase_floors":[21],"current_hp_per_floor":[75,75,80,80,80,80,80,80,80,80,79,80,80,80,80,13,80,41,41,41,41,41,65,65,49,49,49,38,62,41,0],"gold":393,"neow_bonus":"RANDOM_COLORLESS","is_prod":false,"is_daily":false,"chose_seed":false,"campfire_upgraded":3,"win_rate":0,"timestamp":1570057706,"path_taken":["M","M","M","$","?","R","M","?","T","M","M","?","M","M","R","BOSS","M","?","?","$","?","R","?","M","T","R","?","R","M","E"],"build_version":"2019-07-17","purchased_purges":1,"victory":false,"max_hp_per_floor":[80,80,80,80,80,80,80,80,80,80,80,80,80,80,80,80,80,80,80,80,80,80,80,80,80,80,80,80,80,80,80],"card_choices":[{"not_picked":["Clothesline","Body Slam"],"picked":"Cleave","floor":1},{"not_picked":["Sever Soul","Spot Weakness"],"picked":"Dropkick","floor":2},{"not_picked":["Pommel Strike","Flame Barrier"],"picked":"Havoc","floor":3},{"not_picked":["Infernal Blade","Hemokinesis"],"picked":"Flex","floor":7},{"not_picked":["Blood for Blood","Rage"],"picked":"Seeing Red","floor":10},{"not_picked":["Clothesline","Twin Strike"],"picked":"Shrug It Off","floor":11},{"not_picked":["Hemokinesis","Armaments","Perfected Strike"],"picked":"SKIP","floor":12},{"not_picked":["Armaments","Warcry"],"picked":"Flex","floor":13},{"not_picked":["Feel No Pain","Twin Strike"],"picked":"Seeing Red","floor":14},{"not_picked":["Double Tap","Dark Embrace"],"picked":"Juggernaut","floor":16},{"not_picked":["Iron Wave+1","Heavy Blade"],"picked":"Shrug It Off","floor":18},{"not_picked":["Dual Wield","Flex"],"picked":"Heavy Blade","floor":25},{"not_picked":["Sever Soul","Clothesline"],"picked":"Bloodletting","floor":28},{"not_picked":["Anger","Warcry"],"picked":"Iron Wave+1","floor":30}],"player_experience":258818,"relics_obtained":[],"event_choices":[{"damage_healed":0,"gold_gain":0,"player_choice":"Grow","damage_taken":0,"max_hp_gain":0,"max_hp_loss":0,"event_name":"Living Wall","floor":5,"gold_loss":0,"cards_upgraded":["Dramatic Entrance"]},{"damage_healed":0,"gold_gain":0,"player_choice":"Forge","damage_taken":0,"max_hp_gain":0,"max_hp_loss":0,"event_name":"Accursed Blacksmith","floor":8,"gold_loss":0,"cards_upgraded":["Flex"]},{"damage_healed":0,"gold_gain":99,"player_choice":"Stole From Cult","damage_taken":0,"max_hp_gain":0,"max_hp_loss":0,"event_name":"Nest","floor":19,"gold_loss":0},{"damage_healed":0,"gold_gain":0,"player_choice":"Simplicity","damage_taken":0,"max_hp_gain":0,"max_hp_loss":0,"event_name":"Back to Basics","floor":20,"gold_loss":0,"cards_upgraded":["Strike_R","Strike_R","Strike_R","Strike_R","Defend_R","Defend_R","Defend_R","Defend_R"]},{"damage_healed":0,"gold_gain":0,"player_choice":"Ignored","damage_taken":0,"max_hp_gain":0,"max_hp_loss":0,"event_name":"The Mausoleum","floor":22,"gold_loss":0},{"damage_healed":0,"gold_gain":0,"player_choice":"Upgraded","damage_taken":0,"max_hp_gain":0,"max_hp_loss":0,"event_name":"Upgrade Shrine","floor":24,"gold_loss":0,"cards_upgraded":["Juggernaut"]}],"is_beta":false,"boss_relics":[{"not_picked":["Calling Bell","Fusion Hammer","Philosopher\u0027s Stone"]}],"items_purged_floors":[4],"is_endless":false,"potions_floor_spawned":[3,7,10,12,13,14,25,30],"killed_by":"Book of Stabbing","ascension_level":0}